{"gold_per_floor":[20,32,32,32,32,32,49,81,81,81,108,123,133,152,152,231,231,246,39,56,73,73,73,99,131,131,131,131,131],"floor_reached":29,"playtime":1530,"items_purged":["Strike_G"],"score":481,"play_id":"438f11e0-5be6-4eab-817a-d7b48cee2693","local_time":"20191005232114","is_ascension_mode":true,"campfire_choices":[{"data":"Dash","floor":6,"key":"SMITH"},{"data":"Noxious Fumes","floor":10,"key":"SMITH"},{"data":"Catalyst","floor":15,"key":"SMITH"},{"floor":23,"key":"REST"},{"floor":27,"key":"REST"}],"neow_cost":"NO_GOLD","seed_source_timestamp":46592539382320,"circlet_count":0,"master_deck":["AscendersBane","Strike_G","Strike_G","Defend_G","Defend_G","Defend_G","Defend_G","Defend_G","Survivor","Neutralize+1","Noxious Fumes+1","Dash+1","Catalyst+1","Noxious Fumes","Sucker Punch","Leg Sweep","Bouncing Flask","PiercingWail","Well Laid Plans","Flying Knee","Corpse Explosion","Caltrops","Poisoned Stab","Backflip","Dodge and Roll+1","Dash"],"relics":["Ring of the Snake","Question Card","Sundial","Blood Vial","Black Star","Bronze Scales","Juzu Bracelet","Bottled Lightning","Singing Bowl"],"potions_floor_usage":[8,12,12,25,25,28],"damage_taken":[{"damage":0,"enemies":"Small Slimes","floor":1,"turns":6},{"damage":1,"enemies":"Jaw Worm","floor":2,"turns":5},{"damage":0,"enemies":"Cultist","floor":7,"turns":4},{"damage":6,"enemies":"3 Sentries","floor":8,"turns":6},{"damage":36,"enemies":"Gremlin Nob","floor":11,"turns":5},{"damage":1,"enemies":"Gremlin Gang","floor":12,"turns":4},{"damage":0,"enemies":"Red Slaver","floor":13,"turns":5},{"damage":1,"enemies":"Large Slime","floor":14,"turns":5},{"damage":24,"enemies":"The Guardian","floor":16,"turns":9},{"damage":6,"enemies":"3 Byrds","floor":18,"turns":4},{"damage":12,"enemies":"Chosen","floor":20,"turns":5},{"damage":19,"enemies":"Snecko","floor":21,"turns":5},{"damage":22,"enemies":"Slavers","floor":25,"turns":4},{"damage":17,"enemies":"Colosseum Slavers","floor":28,"turns":2},{"damage":29,"enemies":"Gremlin Leader","floor":29,"turns":2}],"seed_played":"-74419758266575744","potions_obtained":[{"floor":1,"key":"Energy Potion"},{"floor":2,"key":"Regen Potion"},{"floor":11,"key":"Dexterity Potion"},{"floor":14,"key":"Ancient Potion"},{"floor":20,"key":"Explosive Potion"},{"floor":21,"key":"Block Potion"},{"floor":25,"key":"Energy Potion"}],"is_trial":false,"path_per_floor":["M","M","?","?","?","R","M","E","T","R","E","M","M","M","R","B",null,"M","$","M","M","$","R","T","E","T","R","?","E"],"character_chosen":"THE_SILENT","items_purchased":["Caltrops","Poisoned Stab"],"campfire_rested":2,"item_purchase_floors":[19,19],"current_hp_per_floor":[59,58,58,58,58,58,58,52,52,52,16,31,33,34,34,12,53,49,49,39,22,22,41,41,21,21,40,25,0],"gold":131,"neow_bonus":"TRANSFORM_TWO_CARDS","is_prod":false,"is_daily":false,"chose_seed":false,"campfire_upgraded":3,"win_rate":0,"timestamp":1570310474,"path_taken":["M","M","?","?","?","R","M","E","T","R","E","?","M","?","R","BOSS","M","$","?","M","$","R","?","E","T","R","?","E"],"build_version":"2019-07-17","purchased_purges":1,"victory":false,"max_hp_per_floor":[66,66,66,66,66,66,66,66,66,66,66,66,66,66,66,66,66,66,66,66,66,66,66,66,66,66,66,66,66],"card_choices":[{"not_picked":["Blur","Slice"],"picked":"Catalyst","floor":1},{"not_picked":["Quick Slash","Masterful Stab"],"picked":"Noxious Fumes","floor":2},{"not_picked":["Dodge and Roll","Deflect"],"picked":"Sucker Punch","floor":7},{"not_picked":["Flying Knee","PiercingWail"],"picked":"Leg Sweep","floor":8},{"not_picked":["Finisher","Eviscerate","Phantasmal Killer"],"picked":"Bouncing Flask","floor":11},{"not_picked":["Dagger Spray","Dagger Throw","Terror"],"picked":"PiercingWail","floor":12},{"not_picked":["Flying Knee","Setup","Dagger Throw"],"picked":"Well Laid Plans","floor":13},{"not_picked":["Slice","Bane","Underhanded Strike"],"picked":"Flying Knee","floor":14},{"not_picked":["Adrenaline","Glass Knife","Die Die Die"],"picked":"Corpse Explosion","floor":16},{"not_picked":["Reflex+1","Acrobatics","Dash","Outmaneuver"],"picked":"SKIP","floor":18},{"not_picked":["Dodge and Roll","Dagger Spray","Quick Slash"],"picked":"Backflip","floor":20},{"not_picked":["Backflip","Blade Dance","Dagger Throw"],"picked":"Dodge and Roll+1","floor":21},{"not_picked":["Eviscerate","Storm of Steel","Slice"],"picked":"Dash","floor":25}],"player_experience":1148512,"relics_obtained":[{"floor":8,"key":"Question Card"},{"floor":9,"key":"Sundial"},{"floor":11,"key":"Blood Vial"},{"floor":24,"key":"Bronze Scales"},{"floor":25,"key":"Juzu Bracelet"},{"floor":25,"key":"Bottled Lightning"},{"floor":26,"key":"Singing Bowl"}],"event_choices":[{"damage_healed":0,"gold_gain":0,"player_choice":"Ignored","damage_taken":0,"max_hp_gain":0,"max_hp_loss":0,"event_name":"Golden Idol","floor":3,"gold_loss":0},{"damage_healed":0,"gold_gain":0,"player_choice":"Grow","damage_taken":0,"max_hp_gain":0,"max_hp_loss":0,"event_name":"Living Wall","floor":4,"gold_loss":0,"cards_upgraded":["Neutralize"]},{"damage_healed":0,"gold_gain":0,"player_choice":"Ignored","damage_taken":0,"max_hp_gain":0,"max_hp_loss":0,"event_name":"Liars Game","floor":5,"gold_loss":0},{"damage_healed":0,"gold_gain":0,"player_choice":"Fight","damage_taken":0,"max_hp_gain":0,"max_hp_loss":0,"event_name":"Colosseum","floor":28,"gold_loss":0},{"damage_healed":0,"gold_gain":0,"player_choice":"Fled From Nobs","damage_taken":0,"max_hp_gain":0,"max_hp_loss":0,"event_name":"Colosseum","floor":28,"gold_loss":0}],"is_beta":false,"boss_relics":[{"not_picked":["White Beast Statue","Coffee Dripper"],"picked":"Black Star"}],"items_purged_floors":[19],"is_endless":false,"potions_floor_spawned":[1,2,11,14,20,21,25,28],"killed_by":"Gremlin Leader","ascension_level":18}