{"gold_per_floor":[112,127,143,143,143,173,173,173,199,214,214,228,228,256,256,359,359,377,477,477,493,493],"floor_reached":22,"playtime":739,"items_purged":[],"score":335,"play_id":"152e1815-f9c7-4b4c-bd7a-b31ed4b23aa2","local_time":"20180817003554","is_ascension_mode":true,"campfire_choices":[{"floor":7,"key":"REST"},{"floor":11,"key":"REST"},{"floor":13,"key":"REST"},{"floor":15,"key":"REST"}],"neow_cost":"","seed_source_timestamp":126572959139853,"circlet_count":0,"master_deck":["Defend_B","Defend_B","Defend_B","Defend_B","Zap+1","Dualcast","AscendersBane","Hologram","Fusion","Streamline","Core Surge","Ball Lightning","Conserve Battery","Steam","Multi-Cast","Ball Lightning","Bite","Bite","Bite","Bite","Bite","Recycle"],"relics":["Cracked Core","DataDisk","Bag of Marbles","Symbiotic Virus","Eternal Feather"],"potions_floor_usage":[14,22],"damage_taken":[{"damage":8,"enemies":"Small Slimes","floor":1,"turns":3},{"damage":12,"enemies":"Jaw Worm","floor":2,"turns":3},{"damage":6,"enemies":"2 Louse","floor":3,"turns":3},{"damage":25,"enemies":"Lagavulin","floor":6,"turns":5},{"damage":8,"enemies":"Exordium Thugs","floor":10,"turns":2},{"damage":0,"enemies":"Large Slime","floor":12,"turns":3},{"damage":16,"enemies":"Gremlin Nob","floor":14,"turns":3},{"damage":49,"enemies":"Hexaghost","floor":16,"turns":8},{"damage":34,"enemies":"3 Byrds","floor":18,"turns":4},{"damage":0,"enemies":"Chosen","floor":21,"turns":3},{"damage":46,"enemies":"Centurion and Healer","floor":22,"turns":5}],"seed_played":"5593913772543262610","potions_obtained":[{"floor":10,"key":"Poison Potion"},{"floor":14,"key":"Weak Potion"},{"floor":16,"key":"GamblersBrew"}],"is_trial":false,"path_per_floor":["M","M","M","$","?","E","R","?","T","M","R","M","R","E","R","B",null,"M","?","?","M"],"character_chosen":"DEFECT","items_purchased":[],"campfire_rested":4,"item_purchase_floors":[],"current_hp_per_floor":[60,48,42,42,42,17,39,24,24,16,38,38,60,44,66,17,61,27,27,27,33,0],"gold":493,"neow_bonus":"","is_prod":false,"is_daily":false,"chose_seed":false,"campfire_upgraded":0,"win_rate":0,"timestamp":1534433754,"path_taken":["M","M","M","$","?","E","R","?","T","M","R","M","R","E","R","BOSS","M","?","?","?","M"],"build_version":"2018-08-09","purchased_purges":0,"victory":false,"max_hp_per_floor":[75,75,75,75,75,75,75,75,75,75,75,75,75,75,75,75,75,75,75,52,52,52],"card_choices":[{"not_picked":["Redo","Turbo"],"picked":"Hologram","floor":1},{"not_picked":["Turbo","Stack"],"picked":"Fusion","floor":2},{"not_picked":["Turbo","Gash"],"picked":"Streamline","floor":3},{"not_picked":["Steam","Scrape"],"picked":"Core Surge","floor":6},{"not_picked":["Go for the Eyes","Turbo"],"picked":"Ball Lightning","floor":10},{"not_picked":["Redo","Leap"],"picked":"Conserve Battery","floor":12},{"not_picked":["Barrage","Turbo"],"picked":"Steam","floor":14},{"not_picked":["Seek","Core Surge"],"picked":"Multi-Cast","floor":16},{"not_picked":["Defragment","Steam"],"picked":"Ball Lightning","floor":18},{"not_picked":["Go for the Eyes","Rebound"],"picked":"Recycle","floor":21}],"player_experience":234501,"relics_obtained":[{"floor":6,"key":"DataDisk"},{"floor":9,"key":"Bag of Marbles"},{"floor":14,"key":"Symbiotic Virus"}],"event_choices":[{"event_name":"Liars Game","player_choice":"disagreed","floor":5,"damage_taken":0},{"event_name":"Shining Light","player_choice":"Entered Light","floor":8,"damage_taken":0},{"event_name":"Golden Shrine","player_choice":"Pray","floor":19,"damage_taken":0},{"event_name":"Vampires","player_choice":"Became a vampire","floor":20,"damage_taken":0}],"is_beta":false,"boss_relics":[{"not_picked":["White Beast Statue","Coffee Dripper"],"picked":"Eternal Feather"}],"items_purged_floors":[],"is_endless":false,"potions_floor_spawned":[10,14,16],"killed_by":"Centurion and Healer","ascension_level":12}