{"gold_per_floor":[111,129,148,148,148,148,148,19,19,54,68,68,68,81,81,154,154,170,92,110,110,35,35,65,84,84,84,29,64,64,64,64,64],"floor_reached":33,"playtime":1167,"items_purged":["Regret"],"score":562,"play_id":"5d406e25-0516-4c1e-8636-1c2eee85b19b","local_time":"20190522131758","is_ascension_mode":true,"campfire_choices":[{"floor":6,"key":"REST"},{"data":"Bash","floor":13,"key":"SMITH"},{"data":"Uppercut","floor":15,"key":"SMITH"},{"data":"Immolate","floor":23,"key":"SMITH"},{"floor":27,"key":"REST"},{"floor":30,"key":"REST"},{"data":"Dual Wield","floor":32,"key":"SMITH"}],"neow_cost":"NONE","seed_source_timestamp":861433431593200,"circlet_count":0,"master_deck":["AscendersBane","Strike_R","Strike_R","Strike_R","Defend_R","Defend_R","Defend_R","Defend_R","Bash+1","Warcry","Battle Trance+1","Iron Wave+1","Headbutt","Headbutt","Corruption","Sentinel","Uppercut+1","Immolate+1","Dual Wield+1","Metallicize","Anger","Metallicize","Clumsy","Armaments","Feel No Pain"],"relics":["Burning Blood","Bronze Scales","FaceOfCleric","Dodecahedron","Mummified Hand","Cursed Key","Dream Catcher","Self Forming Clay"],"potions_floor_usage":[10,16,24,29,33],"damage_taken":[{"damage":11,"enemies":"Jaw Worm","floor":1,"turns":4},{"damage":14,"enemies":"Small Slimes","floor":2,"turns":5},{"damage":1,"enemies":"Cultist","floor":3,"turns":4},{"damage":18,"enemies":"3 Sentries","floor":10,"turns":8},{"damage":17,"enemies":"2 Fungi Beasts","floor":11,"turns":3},{"damage":14,"enemies":"Large Slime","floor":14,"turns":5},{"damage":19,"enemies":"Hexaghost","floor":16,"turns":9},{"damage":19,"enemies":"Spheric Guardian","floor":18,"turns":4},{"damage":3,"enemies":"Chosen","floor":20,"turns":4},{"damage":24,"enemies":"Book of Stabbing","floor":24,"turns":4},{"damage":32,"enemies":"Snecko","floor":25,"turns":5},{"damage":16,"enemies":"Slavers","floor":29,"turns":5},{"damage":54,"enemies":"Automaton","floor":33,"turns":10}],"seed_played":"-447269262696680571","potions_obtained":[{"floor":1,"key":"SkillPotion"},{"floor":3,"key":"AttackPotion"},{"floor":16,"key":"Weak Potion"},{"floor":18,"key":"PowerPotion"}],"is_trial":false,"path_per_floor":["M","M","M","?","?","R","?","$","T","E","M","$","R","M","R","B",null,"M","$","M","?","?","R","E","M","T","R","$","E","R","?","R","B"],"character_chosen":"IRONCLAD","items_purchased":["Headbutt","Metallicize","Explosive Potion"],"campfire_rested":3,"item_purchase_floors":[8,19,28],"current_hp_per_floor":[63,55,60,60,37,59,59,59,59,48,38,38,38,31,31,19,64,52,52,56,56,56,56,39,14,14,38,38,29,54,54,54,0],"gold":64,"neow_bonus":"TRANSFORM_CARD","is_prod":false,"is_daily":false,"chose_seed":false,"campfire_upgraded":4,"win_rate":0,"timestamp":1558520278,"path_taken":["M","M","M","?","?","R","?","$","T","E","M","$","R","M","R","BOSS","M","?","M","?","?","R","E","M","T","R","$","E","R","?","R","BOSS"],"build_version":"2019-01-23","purchased_purges":1,"victory":false,"max_hp_per_floor":[75,75,75,75,75,75,75,75,75,76,77,77,77,78,78,79,79,80,80,81,81,81,81,82,83,83,83,83,84,84,84,84,84],"card_choices":[{"not_picked":["Sword Boomerang","True Grit"],"picked":"Battle Trance","floor":1},{"not_picked":["Metallicize","Warcry"],"picked":"Iron Wave","floor":2},{"not_picked":["Flex","Shrug It Off"],"picked":"Headbutt","floor":3},{"not_picked":["Havoc","Anger"],"picked":"Corruption","floor":10},{"not_picked":["Body Slam","Twin Strike"],"picked":"Sentinel","floor":11},{"not_picked":["Anger","Cleave"],"picked":"Uppercut","floor":14},{"not_picked":["Limit Break","Exhume"],"picked":"Immolate","floor":16},{"not_picked":["Iron Wave","Armaments"],"picked":"Dual Wield","floor":18},{"not_picked":["Flex","Clash","Iron Wave"],"picked":"SKIP","floor":20},{"not_picked":["Pommel Strike","Body Slam"],"picked":"Anger","floor":24},{"not_picked":["Shrug It Off","Thunderclap"],"picked":"Metallicize","floor":25},{"not_picked":["Combust","Bloodletting"],"picked":"Armaments","floor":27},{"not_picked":["Hemokinesis+1","Carnage"],"picked":"Feel No Pain","floor":29}],"player_experience":1328036,"relics_obtained":[{"floor":9,"key":"Dodecahedron"},{"floor":10,"key":"Mummified Hand"},{"floor":24,"key":"Dream Catcher"},{"floor":29,"key":"Self Forming Clay"}],"event_choices":[{"damage_healed":0,"gold_gain":0,"player_choice":"Box","damage_taken":0,"relics_obtained":["Bronze Scales"],"max_hp_gain":0,"max_hp_loss":0,"event_name":"Big Fish","floor":4,"gold_loss":0,"cards_obtained":["Regret"]},{"damage_healed":0,"gold_gain":0,"player_choice":"Entered Light","damage_taken":23,"max_hp_gain":0,"max_hp_loss":0,"event_name":"Shining Light","floor":5,"gold_loss":0,"cards_upgraded":["Iron Wave","Battle Trance"]},{"damage_healed":0,"gold_gain":0,"player_choice":"Trade","damage_taken":0,"relics_obtained":["FaceOfCleric"],"max_hp_gain":0,"max_hp_loss":0,"event_name":"FaceTrader","floor":7,"gold_loss":0},{"damage_healed":0,"gold_gain":0,"player_choice":"Ignored","damage_taken":0,"max_hp_gain":0,"max_hp_loss":0,"event_name":"The Mausoleum","floor":21,"gold_loss":0},{"cards_removed":["Strike_R"],"damage_healed":0,"gold_gain":0,"player_choice":"Gave Gold","damage_taken":0,"max_hp_gain":0,"max_hp_loss":0,"event_name":"Beggar","floor":22,"gold_loss":75},{"damage_healed":0,"gold_gain":0,"player_choice":"Ignored","damage_taken":0,"max_hp_gain":0,"max_hp_loss":0,"event_name":"Ghosts","floor":31,"gold_loss":0}],"is_beta":false,"boss_relics":[{"not_picked":["Fusion Hammer","Runic Cube"],"picked":"Cursed Key"}],"items_purged_floors":[8],"is_endless":false,"potions_floor_spawned":[1,3,16,18],"killed_by":"Automaton","ascension_level":20}