{"gold_per_floor":[109,129,146,160,174,174,193,218,243,262,288,288,288,308,308,411,411,424,441,454,61,61,90,90,0,0,0,0,0,0,25,25,25],"floor_reached":33,"playtime":1755,"items_purged":["Strike_B"],"score":347,"play_id":"b344f42c-136a-43e8-a954-d4f1b2e29da6","local_time":"20190916212013","is_ascension_mode":false,"campfire_choices":[{"data":"Zap","floor":6.0,"key":"SMITH"},{"floor":12.0,"key":"REST"},{"data":"Chaos","floor":15.0,"key":"SMITH"},{"floor":27.0,"key":"REST"},{"floor":30.0,"key":"REST"},{"data":"Skim","floor":32.0,"key":"SMITH"}],"neow_cost":"NONE","seed_source_timestamp":242457064209500,"circlet_count":0,"master_deck":["Defend_B","Defend_B","Defend_B","Defend_B","Zap+1","Dualcast","Steam","Conserve Battery","Gash","Steam","Sweeping Beam","Chill","Chaos+1","Iron Wave","Conserve Battery","Echo Form","Skim+1","Undo","Gash","Scrape","Turbo","Steam Power","Loop"],"special_seed":0,"relics":["Cracked Core","Bag of Preparation","Orichalcum","FossilizedHelix","Black Star","Juzu Bracelet","Boot","Vajra","WingedGreaves","Pear","Thread and Needle"],"potions_floor_usage":[33],"damage_taken":[{"damage":0.0,"enemies":"Small Slimes","floor":1.0,"turns":2.0},{"damage":0.0,"enemies":"Cultist","floor":2.0,"turns":3.0},{"damage":0.0,"enemies":"Jaw Worm","floor":3.0,"turns":4.0},{"damage":0.0,"enemies":"Blue Slaver","floor":4.0,"turns":3.0},{"damage":6.0,"enemies":"Exordium Wildlife","floor":5.0,"turns":5.0},{"damage":0.0,"enemies":"3 Louse","floor":7.0,"turns":4.0},{"damage":37.0,"enemies":"Gremlin Nob","floor":8.0,"turns":5.0},{"damage":0.0,"enemies":"Lots of Slimes","floor":10.0,"turns":3.0},{"damage":21.0,"enemies":"Lagavulin","floor":11.0,"turns":7.0},{"damage":0.0,"enemies":"Blue Slaver","floor":14.0,"turns":3.0},{"damage":32.0,"enemies":"Hexaghost","floor":16.0,"turns":14.0},{"damage":9.0,"enemies":"Spheric Guardian","floor":18.0,"turns":6.0},{"damage":13.0,"enemies":"3 Byrds","floor":19.0,"turns":7.0},{"damage":18.0,"enemies":"Cultist and Chosen","floor":20.0,"turns":10.0},{"damage":32.0,"enemies":"Slavers","floor":23.0,"turns":9.0},{"damage":0.0,"enemies":"Book of Stabbing","floor":31.0,"turns":8.0},{"damage":73,"enemies":"Champ","floor":33,"turns":13}],"seed_played":"465555694963161460","potions_obtained":[{"floor":3.0,"key":"Ancient Potion"},{"floor":5.0,"key":"SpeedPotion"},{"floor":14.0,"key":"GamblersBrew"},{"floor":19.0,"key":"FairyPotion"},{"floor":20.0,"key":"EssenceOfSteel"},{"floor":23.0,"key":"Poison Potion"},{"floor":31.0,"key":"Explosive Potion"}],"is_trial":false,"path_per_floor":["M","M","M","M","M","R","M","E","T","M","E","R","?","M","R","B",null,"M","M","M","$","?","E","?","?","T","R","$","?","R","E","R","B"],"character_chosen":"DEFECT","items_purchased":["Undo","Gash","Scrape","Juzu Bracelet"],"campfire_rested":3,"item_purchase_floors":[21,21,21,21],"current_hp_per_floor":[75,75,75,75,69,69,69,32,32,32,11,33,33,33,33,1,75,66,53,35,35,21,7,7,7,7,31,31,31,55,65,65,0],"gold":25,"neow_bonus":"RANDOM_COMMON_RELIC","is_prod":false,"is_daily":false,"chose_seed":false,"campfire_upgraded":3,"win_rate":0,"timestamp":1568636413,"path_taken":["M","M","M","M","M","R","M","E","T","M","E","R","?","M","R","BOSS","M","M","M","$","?","E","?","?","T","R","?","?","R","E","R","BOSS"],"build_version":"2019-07-17","purchased_purges":1,"victory":false,"max_hp_per_floor":[75,75,75,75,75,75,75,75,75,75,75,75,75,75,75,75,75,75,75,75,75,80,80,80,80,80,80,80,80,80,90,90,90],"card_choices":[{"not_picked":["Rip and Tear","Ball Lightning"],"picked":"Steam","floor":1.0},{"not_picked":["Barrage","Turbo"],"picked":"Conserve Battery","floor":2.0},{"not_picked":["Meteor Strike","Rip and Tear"],"picked":"Gash","floor":3.0},{"not_picked":["Auto Shields","Conserve Battery"],"picked":"Steam","floor":4.0},{"not_picked":["Turbo","Barrage"],"picked":"Skim","floor":5.0},{"not_picked":["Rebound","Cold Snap"],"picked":"Sweeping Beam","floor":7.0},{"not_picked":["Steam","Rebound"],"picked":"Chill","floor":8.0},{"not_picked":["Static Discharge","Blizzard","Skim"],"picked":"SKIP","floor":10.0},{"not_picked":["Gash","Barrage"],"picked":"Chaos","floor":11.0},{"not_picked":["Turbo","Sweeping Beam"],"picked":"Conserve Battery","floor":14.0},{"not_picked":["Biased Cognition","Meteor Strike"],"picked":"Echo Form","floor":16.0},{"not_picked":["Barrage+1","Sweeping Beam","Double Energy"],"picked":"SKIP","floor":18.0},{"not_picked":["Storm","Ball Lightning"],"picked":"Skim","floor":19.0},{"not_picked":["Fusion","Static Discharge","Force Field"],"picked":"SKIP","floor":20.0},{"not_picked":["Rebound","Lockon","Biased Cognition"],"picked":"SKIP","floor":23.0},{"not_picked":["Beam Cell","Scrape"],"picked":"Loop","floor":31.0}],"player_experience":359212,"relics_obtained":[{"floor":8.0,"key":"Orichalcum"},{"floor":11.0,"key":"FossilizedHelix"},{"floor":23.0,"key":"Boot"},{"floor":23.0,"key":"Vajra"},{"floor":26.0,"key":"WingedGreaves"},{"floor":31.0,"key":"Pear"},{"floor":31.0,"key":"Thread and Needle"}],"event_choices":[{"cards_removed":["Skim"],"damage_healed":0.0,"max_hp_gain":0.0,"max_hp_loss":0.0,"gold_gain":0.0,"event_name":"NoteForYourself","player_choice":"Took Card","floor":13.0,"gold_loss":0.0,"damage_taken":0.0,"cards_obtained":["Iron Wave"]},{"damage_healed":0.0,"max_hp_gain":5.0,"max_hp_loss":0.0,"gold_gain":0.0,"event_name":"Forgotten Altar","player_choice":"Shed Blood","floor":22.0,"gold_loss":0.0,"damage_taken":19.0},{"damage_healed":0.0,"max_hp_gain":0.0,"max_hp_loss":0.0,"gold_gain":0.0,"cards_transformed":["Strike_B","Strike_B"],"event_name":"Drug Dealer","player_choice":"Became Test Subject","floor":24.0,"gold_loss":0.0,"damage_taken":0.0,"cards_obtained":["Turbo","Steam Power"]},{"damage_healed":0.0,"max_hp_gain":0.0,"max_hp_loss":0.0,"gold_gain":0.0,"event_name":"Masked Bandits","player_choice":"Paid Fearfully","floor":25.0,"gold_loss":90.0,"damage_taken":0.0},{"cards_removed":["Strike_B"],"damage_healed":0.0,"max_hp_gain":0.0,"max_hp_loss":0.0,"gold_gain":0.0,"event_name":"Purifier","player_choice":"Purged","floor":29.0,"gold_loss":0.0,"damage_taken":0.0}],"is_beta":false,"boss_relics":[{"not_picked":["Astrolabe","White Beast Statue"],"picked":"Black Star"}],"items_purged_floors":[21],"is_endless":false,"potions_floor_spawned":[3,5,14,19,20,23,31],"killed_by":"Champ","ascension_level":0}