{"gold_per_floor":[112,13,32,42,42,42,68,81,106,106,121,121,146,185,185,281,281,297,310,310,12,12,12,12],"floor_reached":24,"playtime":1016,"items_purged":["Strike_B","Strike_B"],"score":412,"play_id":"bddfbd14-3659-454a-adea-2f26353683a0","local_time":"20190427114834","is_ascension_mode":true,"campfire_choices":[{"data":"Streamline","floor":6,"key":"SMITH"},{"floor":12,"key":"REST"},{"data":"Dualcast","floor":15,"key":"SMITH"},{"data":"Defragment","floor":23,"key":"SMITH"}],"neow_cost":"NONE","seed_source_timestamp":362050295873100,"circlet_count":0,"master_deck":["AscendersBane","Defend_B","Defend_B","Defend_B","Defend_B","Dualcast+1","Coolheaded","Cold Snap","Streamline+1","Melter","Defragment+1","Hologram","Glacier","Coolheaded","Reboot","Coolheaded+1","Rebound+1","Hello World+1","Conserve Battery+1","Necronomicurse","Self Repair","Ghostly","Ghostly","Ghostly"],"relics":["Cracked Core","NeowsBlessing","Oddly Smooth Stone","Anchor","Golden Idol","Art of War","Astrolabe","Necronomicon","Vajra"],"potions_floor_usage":[24,24],"damage_taken":[{"damage":0,"enemies":"Cultist","floor":1,"turns":1},{"damage":0,"enemies":"Small Slimes","floor":3,"turns":1},{"damage":0,"enemies":"2 Louse","floor":4,"turns":1},{"damage":32,"enemies":"Gremlin Nob","floor":7,"turns":4},{"damage":9,"enemies":"2 Fungi Beasts","floor":8,"turns":3},{"damage":0,"enemies":"Blue Slaver","floor":11,"turns":2},{"damage":0,"enemies":"Red Slaver","floor":13,"turns":3},{"damage":5,"enemies":"Lagavulin","floor":14,"turns":8},{"damage":15,"enemies":"The Guardian","floor":16,"turns":16},{"damage":3,"enemies":"Chosen","floor":18,"turns":6},{"damage":3,"enemies":"Spheric Guardian","floor":19,"turns":3},{"damage":32,"enemies":"Gremlin Leader","floor":24,"turns":8}],"seed_played":"-7677499034307101013","potions_obtained":[{"floor":8,"key":"Poison Potion"},{"floor":13,"key":"Energy Potion"}],"is_trial":false,"path_per_floor":["M","$","M","M","$","R","E","M","T","?","M","R","M","E","R","B",null,"M","M","?","$","?","R","E"],"character_chosen":"DEFECT","items_purchased":["Cold Snap","Vajra","Self Repair"],"campfire_rested":1,"item_purchase_floors":[2,21,21],"current_hp_per_floor":[64,64,64,64,64,64,32,23,23,23,23,42,42,37,37,22,54,51,48,27,27,27,27,0],"gold":12,"neow_bonus":"THREE_ENEMY_KILL","is_prod":false,"is_daily":false,"chose_seed":false,"campfire_upgraded":3,"win_rate":0,"timestamp":1556354914,"path_taken":["M","$","M","?","?","R","E","M","T","?","M","R","M","E","R","BOSS","M","M","?","$","?","R","E"],"build_version":"2019-01-23","purchased_purges":2,"victory":false,"max_hp_per_floor":[71,71,71,71,71,71,71,71,71,64,64,64,64,64,64,64,64,64,64,64,64,32,32,32],"card_choices":[{"not_picked":["Hello World","Redo"],"picked":"Coolheaded","floor":1},{"not_picked":["Sweeping Beam","Steam Power"],"picked":"Streamline","floor":3},{"not_picked":["Storm","Barrage"],"picked":"Melter","floor":4},{"not_picked":["Multi-Cast","Leap"],"picked":"Defragment","floor":7},{"not_picked":["Scrape","White Noise"],"picked":"Hologram","floor":11},{"not_picked":["Stack","Steam"],"picked":"Glacier","floor":13},{"not_picked":["Streamline","Sweeping Beam"],"picked":"Coolheaded","floor":14},{"not_picked":["Multi-Cast","Rainbow"],"picked":"Reboot","floor":16},{"not_picked":["Rebound","Streamline"],"picked":"Conserve Battery+1","floor":18},{"not_picked":["Scrape+1","Auto Shields","Ball Lightning"],"picked":"SKIP","floor":19}],"player_experience":1235815,"relics_obtained":[{"floor":7,"key":"Oddly Smooth Stone"},{"floor":9,"key":"Anchor"},{"floor":14,"key":"Art of War"},{"floor":20,"key":"Necronomicon"}],"event_choices":[{"damage_healed":0,"gold_gain":0,"player_choice":"Lose Max HP","damage_taken":0,"relics_obtained":["Golden Idol"],"max_hp_gain":0,"max_hp_loss":7,"event_name":"Golden Idol","floor":10,"gold_loss":0},{"damage_healed":0,"gold_gain":0,"player_choice":"Obtained Book","damage_taken":21,"max_hp_gain":0,"max_hp_loss":0,"event_name":"Cursed Tome","floor":20,"gold_loss":0},{"damage_healed":0,"gold_gain":0,"player_choice":"Became a Ghost","damage_taken":0,"max_hp_gain":0,"max_hp_loss":32,"event_name":"Ghosts","floor":22,"gold_loss":0,"cards_obtained":["Ghostly","Ghostly","Ghostly"]}],"is_beta":false,"boss_relics":[{"not_picked":["Empty Cage","Orrery"],"picked":"Astrolabe"}],"items_purged_floors":[2,21],"is_endless":false,"potions_floor_spawned":[8,13,16],"killed_by":"Gremlin Leader","ascension_level":20}