{"gold_per_floor":[111,124,124,144,19,19,45,63,115,130,163,163,176,141,141,243,243,253,168,168,24,37,37,68,68,68,102,102,102,114,140,140,140],"floor_reached":33,"playtime":1634,"items_purged":["Strike_R"],"score":526,"play_id":"c9eec9c1-3da5-45f1-98fc-1420a0b0ed25","local_time":"20190814102236","is_ascension_mode":true,"campfire_choices":[{"data":"Bash","floor":6,"key":"SMITH"},{"data":"Demon Form","floor":15,"key":"SMITH"},{"floor":23,"key":"REST"},{"data":"Disarm","floor":25,"key":"SMITH"},{"floor":29,"key":"REST"},{"data":"Heavy Blade","floor":32,"key":"SMITH"}],"neow_cost":"NONE","seed_source_timestamp":2824639150836,"circlet_count":0,"master_deck":["AscendersBane","Strike_R","Strike_R","Strike_R","Defend_R","Defend_R","Defend_R","Defend_R","Bash+1","Demon Form+1","Sever Soul","Clothesline","Pommel Strike","Armaments","Metallicize","Feel No Pain","Heavy Blade+1","Impervious","Disarm+1","Metallicize","Limit Break","Spot Weakness","Metallicize","Metallicize","Dropkick+1"],"relics":["Burning Blood","CultistMask","Ornamental Fan","Anchor","Regal Pillow","Mark of Pain","Magic Flower","Blue Candle","Self Forming Clay","Nloth\u0027s Gift","Charon\u0027s Ashes"],"potions_floor_usage":[8,11,16,22,31,33,33],"damage_taken":[{"damage":4,"enemies":"Small Slimes","floor":1,"turns":4},{"damage":1,"enemies":"Cultist","floor":2,"turns":4},{"damage":6,"enemies":"2 Louse","floor":4,"turns":2},{"damage":32,"enemies":"Lagavulin","floor":7,"turns":7},{"damage":0,"enemies":"Lots of Slimes","floor":8,"turns":1},{"damage":4,"enemies":"Blue Slaver","floor":10,"turns":6},{"damage":21,"enemies":"Gremlin Nob","floor":11,"turns":4},{"damage":8,"enemies":"Large Slime","floor":13,"turns":5},{"damage":30,"enemies":"Slime Boss","floor":16,"turns":9},{"damage":30,"enemies":"Spheric Guardian","floor":18,"turns":7},{"damage":26,"enemies":"3 Byrds","floor":22,"turns":8},{"damage":31,"enemies":"Book of Stabbing","floor":24,"turns":8},{"damage":32,"enemies":"Gremlin Leader","floor":27,"turns":7},{"damage":4,"enemies":"Cultist and Chosen","floor":30,"turns":7},{"damage":19,"enemies":"Book of Stabbing","floor":31,"turns":6},{"damage":58,"enemies":"Collector","floor":33,"turns":5}],"seed_played":"-1069634502001467015","potions_obtained":[{"floor":1,"key":"AttackPotion"},{"floor":2,"key":"AttackPotion"},{"floor":12,"key":"PowerPotion"},{"floor":12,"key":"GamblersBrew"},{"floor":13,"key":"Strength Potion"},{"floor":16,"key":"AttackPotion"},{"floor":27,"key":"Energy Potion"},{"floor":31,"key":"Ancient Potion"}],"is_trial":false,"path_per_floor":["M","M","?","M","$","R","E","M","T","M","E","?","M","?","R","B",null,"M","?","?","$","M","R","E","R","T","E","?","R","M","E","R","B"],"character_chosen":"IRONCLAD","items_purchased":["Armaments","Metallicize","Metallicize"],"campfire_rested":2,"item_purchase_floors":[5,5,21],"current_hp_per_floor":[74,79,79,79,79,79,53,59,59,61,46,46,44,64,64,40,70,46,46,46,46,26,65,40,40,40,17,17,56,61,51,51,0],"gold":140,"neow_bonus":"TRANSFORM_CARD","is_prod":false,"is_daily":false,"chose_seed":false,"campfire_upgraded":4,"win_rate":0,"timestamp":1565770956,"path_taken":["M","M","?","M","$","R","E","M","T","?","E","?","?","?","R","BOSS","M","?","?","$","M","R","E","R","T","E","?","R","M","E","R","BOSS"],"build_version":"2019-07-17","purchased_purges":1,"victory":false,"max_hp_per_floor":[80,80,80,80,80,80,80,80,80,80,80,80,80,80,80,80,80,80,80,80,80,80,80,80,80,80,80,80,80,80,80,80,80],"card_choices":[{"not_picked":["Rupture","Corruption"],"picked":"Sever Soul","floor":1},{"not_picked":["Combust","Rupture"],"picked":"Clothesline","floor":2},{"not_picked":["Havoc","Clothesline"],"picked":"Pommel Strike","floor":4},{"not_picked":["Combust","Shrug It Off"],"picked":"Feel No Pain","floor":7},{"not_picked":["True Grit","Searing Blow"],"picked":"Heavy Blade","floor":8},{"not_picked":["Clash","Cleave"],"picked":"Impervious","floor":10},{"not_picked":["Heavy Blade","Rage"],"picked":"Disarm","floor":11},{"not_picked":["Clash","Iron Wave"],"picked":"Metallicize","floor":13},{"not_picked":["Bludgeon","Berserk"],"picked":"Limit Break","floor":16},{"not_picked":["Metallicize","Feel No Pain"],"picked":"Spot Weakness","floor":18},{"not_picked":["Bloodletting+1","Heavy Blade","Thunderclap+1"],"picked":"SKIP","floor":22},{"not_picked":["Power Through","Blood for Blood"],"picked":"Metallicize","floor":24},{"not_picked":["Spot Weakness","Feel No Pain"],"picked":"Dropkick+1","floor":27},{"not_picked":["Sentinel","Seeing Red","Dual Wield"],"picked":"SKIP","floor":30},{"not_picked":["Brutality","Clash","Seeing Red+1"],"picked":"SKIP","floor":31}],"player_experience":883429,"relics_obtained":[{"floor":7,"key":"Ornamental Fan"},{"floor":9,"key":"Anchor"},{"floor":11,"key":"Regal Pillow"},{"floor":24,"key":"Magic Flower"},{"floor":26,"key":"Blue Candle"},{"floor":27,"key":"Self Forming Clay"},{"floor":31,"key":"Charon\u0027s Ashes"}],"event_choices":[{"damage_healed":0,"gold_gain":0,"player_choice":"Trade","damage_taken":0,"relics_obtained":["CultistMask"],"max_hp_gain":0,"max_hp_loss":0,"event_name":"FaceTrader","floor":3,"gold_loss":0},{"damage_healed":0,"gold_gain":0,"player_choice":"Got Potions","damage_taken":0,"max_hp_gain":0,"max_hp_loss":0,"event_name":"Lab","floor":12,"gold_loss":0},{"damage_healed":20,"gold_gain":0,"player_choice":"Healed","damage_taken":0,"max_hp_gain":0,"max_hp_loss":0,"event_name":"The Cleric","floor":14,"gold_loss":35},{"damage_healed":0,"gold_gain":0,"player_choice":"Obtained Relic","damage_taken":0,"relics_obtained":["Unceasing Top"],"max_hp_gain":0,"max_hp_loss":0,"event_name":"Addict","floor":19,"gold_loss":85},{"damage_healed":0,"gold_gain":0,"player_choice":"Ignored","damage_taken":0,"max_hp_gain":0,"max_hp_loss":0,"event_name":"Ghosts","floor":20,"gold_loss":0},{"damage_healed":0,"gold_gain":0,"player_choice":"Traded Relic","damage_taken":0,"relics_obtained":["Nloth\u0027s Gift"],"max_hp_gain":0,"max_hp_loss":0,"event_name":"N\u0027loth","floor":28,"relics_lost":["Unceasing Top"],"gold_loss":0}],"is_beta":false,"boss_relics":[{"not_picked":["White Beast Statue","Eternal Feather"],"picked":"Mark of Pain"}],"items_purged_floors":[21],"is_endless":false,"potions_floor_spawned":[1,2,13,16,27,31],"killed_by":"Collector","ascension_level":12}