{"gold_per_floor":[14,26,43,60,75,109,109,124,150,75,75,75,86,86,86,160,160,172,190,205,0,0,0],"floor_reached":23,"playtime":935,"items_purged":["Strike_B"],"score":380,"play_id":"a1a02367-b210-41f4-bc7f-4b5d00a42ae4","local_time":"20190929134402","is_ascension_mode":true,"campfire_choices":[{"floor":11,"key":"REST"},{"floor":15,"key":"REST"}],"neow_cost":"NO_GOLD","seed_source_timestamp":591740818903000,"circlet_count":0,"master_deck":["AscendersBane","Strike_B","Strike_B","Strike_B","Defend_B","Defend_B","Defend_B","Defend_B","Zap","Dualcast","Sunder+1","Auto Shields","Conserve Battery","Melter","Creative AI","Force Field","Cold Snap","Redo+1","Buffer","Redo+1","Conserve Battery+1","Storm"],"relics":["Cracked Core","Ginger","Lantern","Bronze Scales","Toxic Egg 2","Cursed Key"],"potions_floor_usage":[16,19,23,23],"damage_taken":[{"damage":2,"enemies":"2 Louse","floor":1,"turns":2},{"damage":7,"enemies":"Jaw Worm","floor":2,"turns":3},{"damage":0,"enemies":"Small Slimes","floor":3,"turns":3},{"damage":6,"enemies":"Looter","floor":4,"turns":3},{"damage":5,"enemies":"Exordium Wildlife","floor":5,"turns":4},{"damage":32,"enemies":"3 Sentries","floor":6,"turns":7},{"damage":6,"enemies":"3 Louse","floor":8,"turns":3},{"damage":0,"enemies":"Large Slime","floor":13,"turns":4},{"damage":37,"enemies":"The Guardian","floor":16,"turns":11},{"damage":18,"enemies":"3 Byrds","floor":18,"turns":3},{"damage":13,"enemies":"Shell Parasite","floor":19,"turns":5},{"damage":5,"enemies":"Centurion and Healer","floor":20,"turns":8},{"damage":35,"enemies":"Shelled Parasite and Fungi","floor":23,"turns":4}],"seed_played":"-3418324427227539061","potions_obtained":[{"floor":1,"key":"PowerPotion"},{"floor":3,"key":"Strength Potion"},{"floor":16,"key":"Swift Potion"},{"floor":19,"key":"Regen Potion"}],"is_trial":false,"path_per_floor":["M","M","M","M","M","E","?","M","T","$","R","T","M","?","R","B",null,"M","M","M","?","?","M"],"character_chosen":"DEFECT","items_purchased":[],"campfire_rested":2,"item_purchase_floors":[],"current_hp_per_floor":[62,55,55,49,44,12,12,6,6,6,27,27,27,27,48,11,56,38,25,20,20,20,0],"gold":0,"neow_bonus":"ONE_RARE_RELIC","is_prod":false,"is_daily":false,"chose_seed":false,"campfire_upgraded":0,"win_rate":0,"timestamp":1569732242,"path_taken":["M","M","M","M","M","E","?","M","T","$","R","?","M","?","R","BOSS","M","M","M","?","?","M"],"build_version":"2019-07-17","purchased_purges":1,"victory":false,"max_hp_per_floor":[71,71,71,71,71,71,71,71,71,71,71,71,71,71,71,71,71,71,71,71,71,71,71],"card_choices":[{"not_picked":["Rebound","Hologram"],"picked":"Sunder","floor":1},{"not_picked":["Compile Driver","Gash"],"picked":"Auto Shields","floor":2},{"not_picked":["Leap","Rebound"],"picked":"Conserve Battery","floor":3},{"not_picked":["Redo","Gash"],"picked":"Melter","floor":4},{"not_picked":["Chaos","Conserve Battery"],"picked":"Creative AI","floor":5},{"not_picked":["Sweeping Beam","Redo"],"picked":"Force Field","floor":6},{"not_picked":["Sweeping Beam","Compile Driver"],"picked":"Cold Snap","floor":8},{"not_picked":["Meteor Strike","Force Field+1"],"picked":"Redo+1","floor":13},{"not_picked":["Echo Form","Core Surge"],"picked":"Buffer","floor":16},{"not_picked":["Compile Driver","Ball Lightning+1"],"picked":"Redo+1","floor":18},{"not_picked":["Streamline","Cold Snap"],"picked":"Conserve Battery+1","floor":19},{"not_picked":["Compile Driver","Redo+1"],"picked":"Storm","floor":20}],"player_experience":526440,"relics_obtained":[{"floor":6,"key":"Lantern"},{"floor":9,"key":"Bronze Scales"},{"floor":12,"key":"Toxic Egg 2"}],"event_choices":[{"damage_healed":0,"gold_gain":0,"player_choice":"Grow","damage_taken":0,"max_hp_gain":0,"max_hp_loss":0,"event_name":"Living Wall","floor":7,"gold_loss":0,"cards_upgraded":["Sunder"]},{"damage_healed":0,"gold_gain":0,"player_choice":"Ignored","damage_taken":0,"max_hp_gain":0,"max_hp_loss":0,"event_name":"Liars Game","floor":14,"gold_loss":0},{"damage_healed":0,"gold_gain":0,"player_choice":"Paid Fearfully","damage_taken":0,"max_hp_gain":0,"max_hp_loss":0,"event_name":"Masked Bandits","floor":21,"gold_loss":205},{"damage_healed":0,"gold_gain":0,"player_choice":"Ignored","damage_taken":0,"max_hp_gain":0,"max_hp_loss":0,"event_name":"Cursed Tome","floor":22,"gold_loss":0}],"is_beta":false,"boss_relics":[{"not_picked":["White Beast Statue","FrozenCore"],"picked":"Cursed Key"}],"items_purged_floors":[10],"is_endless":false,"potions_floor_spawned":[1,3,16,19],"killed_by":"Shelled Parasite and Fungi","ascension_level":19}