{"gold_per_floor":[113,127,139,139,139,139,164,164,164,174,184,50,50,71,71,71],"floor_reached":16,"playtime":425,"items_purged":["Strike_B"],"score":199,"play_id":"823dfe79-e5d5-40f8-bd46-40827531de1f","local_time":"20190920094448","is_ascension_mode":true,"campfire_choices":[{"data":"Zap","floor":6.0,"key":"SMITH"},{"floor":8.0,"key":"REST"},{"data":"Capacitor","floor":15.0,"key":"SMITH"}],"neow_cost":"NONE","seed_source_timestamp":547908565519100,"circlet_count":0,"master_deck":["AscendersBane","Strike_B","Strike_B","Strike_B","Defend_B+1","Defend_B","Defend_B","Defend_B","Zap+1","Dualcast+1","Sweeping Beam","Steam","Scrape","Auto Shields","Conserve Battery","Melter","Cold Snap","Injury","Capacitor+1"],"special_seed":0,"relics":["Cracked Core","Bag of Preparation","Pen Nib","Bottled Lightning","Golden Idol"],"potions_floor_usage":[16],"damage_taken":[{"damage":1.0,"enemies":"Cultist","floor":1.0,"turns":3.0},{"damage":0.0,"enemies":"Small Slimes","floor":2.0,"turns":3.0},{"damage":1.0,"enemies":"Jaw Worm","floor":3.0,"turns":2.0},{"damage":42.0,"enemies":"Gremlin Nob","floor":7.0,"turns":4.0},{"damage":5.0,"enemies":"Exordium Wildlife","floor":10.0,"turns":3.0},{"damage":0.0,"enemies":"2 Fungi Beasts","floor":11.0,"turns":2.0},{"damage":0.0,"enemies":"Lots of Slimes","floor":14.0,"turns":3.0},{"damage":26,"enemies":"The Guardian","floor":16,"turns":2}],"seed_played":"-6936880620042668776","potions_obtained":[{"floor":1.0,"key":"GamblersBrew"},{"floor":2.0,"key":"FocusPotion"},{"floor":10.0,"key":"Energy Potion"},{"floor":11.0,"key":"Fruit Juice"}],"is_trial":false,"path_per_floor":["M","M","M","?","?","R","E","R","T","M","M","$","?","M","R","B"],"character_chosen":"DEFECT","items_purchased":["Cold Snap"],"campfire_rested":1,"item_purchase_floors":[12],"current_hp_per_floor":[63,63,62,41,46,46,4,26,26,21,26,26,26,26,26,0],"gold":71,"neow_bonus":"RANDOM_COMMON_RELIC","is_prod":false,"is_daily":false,"chose_seed":false,"campfire_upgraded":2,"win_rate":0,"timestamp":1568940288,"path_taken":["M","M","M","?","?","R","E","R","T","M","?","$","?","M","R","BOSS"],"build_version":"2019-07-17","purchased_purges":1,"victory":false,"max_hp_per_floor":[71,71,71,71,76,76,76,76,76,76,81,81,81,81,81,81],"card_choices":[{"not_picked":["Reprogram","Beam Cell"],"picked":"Sweeping Beam","floor":1.0},{"not_picked":["Recycle","Chaos"],"picked":"Steam","floor":2.0},{"not_picked":["Barrage","Conserve Battery"],"picked":"Scrape","floor":3.0},{"not_picked":["Ball Lightning","Hello World"],"picked":"Auto Shields","floor":7.0},{"not_picked":["Lockon","Sweeping Beam"],"picked":"Conserve Battery","floor":10.0},{"not_picked":["Stack","Lockon"],"picked":"Melter","floor":11.0},{"not_picked":["Barrage","Hologram"],"picked":"Capacitor","floor":14.0}],"player_experience":434579,"relics_obtained":[{"floor":7.0,"key":"Pen Nib"},{"floor":9.0,"key":"Bottled Lightning"}],"event_choices":[{"damage_healed":0.0,"max_hp_gain":0.0,"max_hp_loss":0.0,"gold_gain":0.0,"event_name":"Shining Light","player_choice":"Entered Light","floor":4.0,"gold_loss":0.0,"damage_taken":21.0,"cards_upgraded":["Defend_B","Dualcast"]},{"damage_healed":0.0,"max_hp_gain":5.0,"max_hp_loss":0.0,"gold_gain":0.0,"event_name":"Big Fish","player_choice":"Donut","floor":5.0,"gold_loss":0.0,"damage_taken":0.0},{"damage_healed":0.0,"max_hp_gain":0.0,"max_hp_loss":0.0,"gold_gain":0.0,"event_name":"Golden Idol","player_choice":"Take Wound","floor":13.0,"gold_loss":0.0,"damage_taken":0.0,"relics_obtained":["Golden Idol"],"cards_obtained":["Injury"]}],"is_beta":false,"boss_relics":[],"items_purged_floors":[12],"is_endless":false,"potions_floor_spawned":[1,2,10,11],"killed_by":"The Guardian","ascension_level":19}