{"gold_per_floor":[126,157,244,356,385,427,439,484,519,551,2,2,2,22,22,122,122,132,146,166,126,144,171,171,202,250,269,286,286,18,43,43,139,139,156,168,168,186,186,186,217,217,264,364,381,1,1,12,12,12],"floor_reached":51,"playtime":4173,"items_purged":["Strike_B","Strike_B"],"score":966,"play_id":"67bc5b15-4a30-40d3-9b6f-ade76fb42a1a","local_time":"20190814220833","is_ascension_mode":true,"campfire_choices":[{"floor":7,"key":"REST"},{"floor":12,"key":"REST"},{"data":"Defragment","floor":13,"key":"SMITH"},{"floor":15,"key":"REST"},{"floor":24,"key":"REST"},{"floor":29,"key":"REST"},{"data":"Consume","floor":32,"key":"SMITH"},{"data":"Coolheaded","floor":40,"key":"SMITH"},{"floor":47,"key":"REST"},{"floor":49,"key":"REST"}],"neow_cost":"NONE","seed_source_timestamp":42627742786035,"circlet_count":0,"master_deck":["Strike_B+1","Strike_B+1","Defend_B+1","Defend_B","Defend_B","Zap","Dualcast","Coolheaded+1","Chaos","Sunder+1","Ball Lightning","Electrodynamics","Undo","Defragment+1","Conserve Battery","White Noise","Fission+1","Steam","Go for the Eyes+1","Defragment+1","Defragment+1","Core Surge","Redo+1","Compile Driver+1","Consume+1","All For One","Cold Snap","Barrage","Tempest","Stack+1","Cold Snap","Coolheaded","Loop"],"relics":["Cracked Core","MawBank","DataDisk","Omamori","Regal Pillow","WingedGreaves","Whetstone","Inserter","Gremlin Horn","Incense Burner","Blood Vial","Lee\u0027s Waffle","Bronze Scales","Sozu","Smiling Mask","Boot","Centennial Puzzle"],"potions_floor_usage":[6,18,25,33,33,50],"damage_taken":[{"damage":8,"enemies":"Jaw Worm","floor":1,"turns":4},{"damage":7,"enemies":"2 Louse","floor":2,"turns":4},{"damage":0,"enemies":"Cultist","floor":5,"turns":3},{"damage":30,"enemies":"3 Sentries","floor":6,"turns":7},{"damage":19,"enemies":"Lagavulin","floor":8,"turns":5},{"damage":14,"enemies":"Lots of Slimes","floor":10,"turns":3},{"damage":10,"enemies":"Exordium Thugs","floor":14,"turns":3},{"damage":29,"enemies":"The Guardian","floor":16,"turns":13},{"damage":0,"enemies":"3 Byrds","floor":18,"turns":2},{"damage":5,"enemies":"Spheric Guardian","floor":19,"turns":4},{"damage":15,"enemies":"Centurion and Healer","floor":20,"turns":7},{"damage":6,"enemies":"Snake Plant","floor":22,"turns":5},{"damage":24,"enemies":"Slavers","floor":23,"turns":3},{"damage":7,"enemies":"Gremlin Leader","floor":25,"turns":5},{"damage":21,"enemies":"Snecko","floor":27,"turns":5},{"damage":0,"enemies":"Shelled Parasite and Fungi","floor":28,"turns":4},{"damage":22,"enemies":"Slavers","floor":31,"turns":2},{"damage":37,"enemies":"Automaton","floor":33,"turns":5},{"damage":0,"enemies":"3 Shapes","floor":35,"turns":4},{"damage":0,"enemies":"Orb Walker","floor":36,"turns":3},{"damage":8,"enemies":"Writhing Mass","floor":38,"turns":6},{"damage":40,"enemies":"Nemesis","floor":41,"turns":5},{"damage":10,"enemies":"4 Shapes","floor":45,"turns":3},{"damage":0,"enemies":"Jaw Worm Horde","floor":48,"turns":3},{"damage":27,"enemies":"Donu and Deca","floor":50,"turns":8}],"seed_played":"-732956074806656382","potions_obtained":[{"floor":2,"key":"Block Potion"},{"floor":6,"key":"SteroidPotion"},{"floor":10,"key":"Energy Potion"},{"floor":14,"key":"EssenceOfSteel"},{"floor":19,"key":"Ancient Potion"},{"floor":28,"key":"FocusPotion"},{"floor":31,"key":"Block Potion"}],"is_trial":false,"path_per_floor":["M","M","?","?","M","E","R","E","T","M","$","R","R","M","R","B",null,"M","M","M","?","M","E","R","E","T","M","M","R","$","E","R","B",null,"M","M","?","M","?","R","E","?","T","?","M","$","R","M","R","B",null],"character_chosen":"DEFECT","items_purchased":["WingedGreaves","Defragment","Conserve Battery","Whetstone","Lee\u0027s Waffle","Cold Snap","Coolheaded","Centennial Puzzle","Loop"],"campfire_rested":7,"item_purchase_floors":[11,11,11,11,30,46,46,46,46],"current_hp_per_floor":[60,53,42,42,42,12,34,15,15,1,1,38,38,28,65,36,65,65,60,45,45,39,15,52,45,45,26,28,65,82,60,60,25,68,70,72,72,66,66,66,28,28,28,28,20,20,59,61,82,55],"gold":12,"neow_bonus":"RANDOM_COMMON_RELIC","is_prod":false,"is_daily":false,"chose_seed":false,"campfire_upgraded":3,"win_rate":0,"timestamp":1565813313,"path_taken":["M","M","?","?","?","E","R","E","T","?","?","R","R","M","R","BOSS","M","?","M","?","M","E","R","E","T","?","M","R","$","E","R","BOSS","M","M","?","?","?","R","E","?","T","?","M","$","R","M","R","BOSS"],"build_version":"2019-07-17","purchased_purges":2,"victory":true,"max_hp_per_floor":[75,75,75,75,75,75,75,75,75,75,75,75,75,75,75,75,75,75,75,75,75,75,75,75,75,75,75,75,75,82,82,82,82,82,82,82,82,82,82,82,82,82,82,82,82,82,82,82,82,82],"card_choices":[{"not_picked":["Loop","Sweeping Beam"],"picked":"Coolheaded","floor":1},{"not_picked":["White Noise","Conserve Battery"],"picked":"Chaos","floor":2},{"not_picked":["Hologram","Stack"],"picked":"Sunder","floor":5},{"not_picked":["Capacitor","Steam"],"picked":"Ball Lightning","floor":6},{"not_picked":["Ball Lightning","Steam"],"picked":"Electrodynamics","floor":8},{"not_picked":["Rebound","Aggregate"],"picked":"Undo","floor":10},{"not_picked":["Gash","Scrape"],"picked":"White Noise","floor":14},{"not_picked":["Meteor Strike","Seek"],"picked":"Fission","floor":16},{"not_picked":["Leap","Stack","Chaos"],"picked":"SKIP","floor":18},{"not_picked":["Rip and Tear","Streamline"],"picked":"Steam","floor":19},{"not_picked":["Hello World","Ball Lightning"],"picked":"Go for the Eyes+1","floor":20},{"not_picked":["Ball Lightning","Reprogram"],"picked":"Defragment+1","floor":22},{"not_picked":["Steam","Gash"],"picked":"Defragment+1","floor":23},{"not_picked":["Steam","Go for the Eyes"],"picked":"Core Surge","floor":25},{"not_picked":["Undo","Storm"],"picked":"Redo+1","floor":27},{"not_picked":["Turbo","Barrage"],"picked":"Compile Driver+1","floor":28},{"not_picked":["Conserve Battery+1","Barrage"],"picked":"Consume","floor":31},{"not_picked":["Amplify","Reboot"],"picked":"All For One","floor":33},{"not_picked":["Hologram+1","Beam Cell+1","Darkness+1"],"picked":"SKIP","floor":35},{"not_picked":["Hologram+1","Beam Cell+1","Darkness+1"],"picked":"SKIP","floor":35},{"not_picked":["Hologram+1","Recycle"],"picked":"Cold Snap","floor":36},{"not_picked":["Auto Shields+1","Steam Power+1"],"picked":"Barrage","floor":38},{"not_picked":["Beam Cell+1","Redo+1"],"picked":"Tempest","floor":41},{"not_picked":["Rebound+1","Leap+1"],"picked":"Stack+1","floor":45},{"not_picked":["Buffer","Rip and Tear+1","Conserve Battery"],"picked":"SKIP","floor":48}],"player_experience":911030,"relics_obtained":[{"floor":6,"key":"DataDisk"},{"floor":8,"key":"Omamori"},{"floor":9,"key":"Regal Pillow"},{"floor":23,"key":"Gremlin Horn"},{"floor":25,"key":"Incense Burner"},{"floor":26,"key":"Blood Vial"},{"floor":31,"key":"Bronze Scales"},{"floor":41,"key":"Smiling Mask"},{"floor":43,"key":"Boot"}],"event_choices":[{"damage_healed":0,"gold_gain":75,"player_choice":"Gather Gold","damage_taken":11,"max_hp_gain":0,"max_hp_loss":0,"event_name":"World of Goop","floor":3,"gold_loss":0},{"damage_healed":0,"gold_gain":100,"player_choice":"Pray","damage_taken":0,"max_hp_gain":0,"max_hp_loss":0,"event_name":"Golden Shrine","floor":4,"gold_loss":0},{"damage_healed":0,"gold_gain":0,"player_choice":"Upgraded Two","damage_taken":0,"max_hp_gain":0,"max_hp_loss":0,"event_name":"Designer","floor":21,"gold_loss":40,"cards_upgraded":["Fission","Defend_B"]},{"damage_healed":0,"gold_gain":0,"player_choice":"Forge","damage_taken":0,"max_hp_gain":0,"max_hp_loss":0,"event_name":"Accursed Blacksmith","floor":37,"gold_loss":0,"cards_upgraded":["Sunder"]},{"cards_removed":["Defend_B"],"damage_healed":0,"gold_gain":0,"player_choice":"Removed Skill","damage_taken":0,"max_hp_gain":0,"max_hp_loss":0,"event_name":"Falling","floor":39,"gold_loss":0},{"damage_healed":0,"gold_gain":0,"player_choice":"Ignored","damage_taken":0,"max_hp_gain":0,"max_hp_loss":0,"event_name":"Mysterious Sphere","floor":42,"gold_loss":0},{"damage_healed":0,"gold_gain":100,"player_choice":"Pray","damage_taken":0,"max_hp_gain":0,"max_hp_loss":0,"event_name":"Golden Shrine","floor":44,"gold_loss":0}],"is_beta":false,"boss_relics":[{"not_picked":["Pandora\u0027s Box","Nuclear Battery"],"picked":"Inserter"},{"not_picked":["Tiny House","Busted Crown"],"picked":"Sozu"}],"items_purged_floors":[30,46],"is_endless":false,"potions_floor_spawned":[2,6,10,14,19,28,31,36,38,45],"ascension_level":7}