{"gold_per_floor":[112,112,4,4,17,44,44,74,74,86,96,96,121,135,135,135],"floor_reached":16,"playtime":491,"items_purged":[],"score":290,"play_id":"d47d90b0-8627-4190-b5fd-6980d35c3da7","local_time":"20191002172404","is_ascension_mode":true,"campfire_choices":[{"data":"FTL","floor":7,"key":"SMITH"},{"floor":12,"key":"REST"},{"floor":15,"key":"REST"}],"neow_cost":"NONE","seed_source_timestamp":864592905292600,"circlet_count":0,"master_deck":["AscendersBane","Strike_B","Strike_B","Strike_B","Strike_B","Defend_B","Defend_B","Defend_B","Defend_B","Zap+1","Dualcast","Gash","Gash","Cold Snap","Compile Driver","FTL+1","Seek","Leap","Genetic Algorithm","Cold Snap","Beam Cell"],"relics":["Cracked Core","NeowsBlessing","Bird Faced Urn","The Courier","Nunchaku","Dodecahedron"],"potions_floor_usage":[13,16],"damage_taken":[{"damage":0,"enemies":"2 Louse","floor":1,"turns":1},{"damage":0,"enemies":"Jaw Worm","floor":5,"turns":1},{"damage":0,"enemies":"Gremlin Nob","floor":6,"turns":1},{"damage":18,"enemies":"3 Sentries","floor":8,"turns":7},{"damage":0,"enemies":"Cultist","floor":10,"turns":3},{"damage":31,"enemies":"Exordium Thugs","floor":11,"turns":5},{"damage":25,"enemies":"Lagavulin","floor":13,"turns":5},{"damage":10,"enemies":"Lots of Slimes","floor":14,"turns":4},{"damage":25,"enemies":"Slime Boss","floor":16,"turns":6}],"seed_played":"3501777539963947782","potions_obtained":[{"floor":6,"key":"Poison Potion"},{"floor":8,"key":"LiquidBronze"}],"is_trial":false,"path_per_floor":["M","?","$","$","M","E","R","E","T","M","M","R","E","M","R","B"],"character_chosen":"DEFECT","items_purchased":["Gash","Cold Snap"],"campfire_rested":2,"item_purchase_floors":[3,3],"current_hp_per_floor":[64,64,64,64,64,64,64,46,46,46,15,36,11,1,22,0],"gold":135,"neow_bonus":"THREE_ENEMY_KILL","is_prod":false,"is_daily":false,"chose_seed":false,"campfire_upgraded":1,"win_rate":0,"timestamp":1570004644,"path_taken":["M","?","?","$","M","E","R","E","T","M","M","R","E","M","R","BOSS"],"build_version":"2019-07-17","purchased_purges":0,"victory":false,"max_hp_per_floor":[71,71,71,71,71,71,71,71,71,71,71,71,71,71,71,71],"card_choices":[{"not_picked":["Conserve Battery","Barrage"],"picked":"Gash","floor":1},{"not_picked":["Redo","Turbo"],"picked":"Compile Driver","floor":5},{"not_picked":["White Noise","Leap"],"picked":"FTL","floor":6},{"not_picked":["Rebound","Hologram"],"picked":"Seek","floor":8},{"not_picked":["Reprogram","Conserve Battery"],"picked":"Leap","floor":10},{"not_picked":["Capacitor","Turbo"],"picked":"Genetic Algorithm","floor":11},{"not_picked":["Chaos","Turbo"],"picked":"Cold Snap","floor":13},{"not_picked":["Conserve Battery","Redo"],"picked":"Beam Cell","floor":14}],"player_experience":560683,"relics_obtained":[{"floor":6,"key":"Bird Faced Urn"},{"floor":8,"key":"The Courier"},{"floor":9,"key":"Nunchaku"},{"floor":13,"key":"Dodecahedron"}],"event_choices":[{"damage_healed":0,"gold_gain":0,"player_choice":"Grow","damage_taken":0,"max_hp_gain":0,"max_hp_loss":0,"event_name":"Living Wall","floor":2,"gold_loss":0,"cards_upgraded":["Zap"]}],"is_beta":false,"boss_relics":[],"items_purged_floors":[],"is_endless":false,"potions_floor_spawned":[6,8,10,11],"killed_by":"Slime Boss","ascension_level":20}