{"path_per_floor":["M","$","M","?","M","R","?","R","T","E","M","M","$","M","R","B",null,"M","M","?","$","T","R","E","R","T","R","$","M","M","M","R","B",null,"M","?","M","$","M","E","?","R","T","M","R","M","?","?","R"],"character_chosen":"DEFECT","items_purchased":["Capacitor","Energy Potion"],"gold_per_floor":[118,43,59,59,73,73,73,73,96,124,141,154,54,70,70,172,172,190,208,241,35,35,35,68,68,68,68,16,26,38,51,51,156,156,170,217,228,78,94,123,123,123,123,143,143,160,160,160,160,160],"floor_reached":50,"campfire_rested":5,"playtime":3652,"item_purchase_floors":[21,28],"current_hp_per_floor":[70,70,62,62,59,59,52,52,52,46,42,32,32,31,54,37,83,76,76,52,52,52,52,41,41,41,41,41,16,16,18,45,37,93,90,89,93,93,91,70,55,91,91,78,115,116,116,116,129,0],"items_purged":["Defend_B","Strike_B","Strike_B","Dualcast"],"gold":160,"score":542,"play_id":"78d4ada1-c91c-4317-9b9f-968db5269135","local_time":"20180618225352","is_prod":false,"is_daily":false,"chose_seed":false,"is_ascension_mode":false,"campfire_upgraded":5,"win_rate":0,"timestamp":1529355232,"campfire_choices":[{"data":"Redo","floor":6,"key":"SMITH"},{"data":"Zap","floor":8,"key":"SMITH"},{"floor":15,"key":"REST"},{"data":"Capacitor","floor":23,"key":"SMITH"},{"data":"Static Discharge","floor":25,"key":"SMITH"},{"data":"Buffer","floor":27,"key":"SMITH"},{"floor":32,"key":"REST"},{"floor":42,"key":"REST"},{"floor":45,"key":"REST"},{"floor":49,"key":"REST"}],"path_taken":["M","$","M","?","M","R","?","R","T","E","M","M","$","M","R","BOSS","M","M","?","?","?","R","E","R","T","R","$","?","?","M","R","BOSS","M","?","M","$","?","E","?","R","T","M","R","?","?","?","R","BOSS"],"build_version":"2018-06-14v2","seed_source_timestamp":49595622901578,"purchased_purges":4,"victory":false,"master_deck":["Defend_B","Defend_B","Defend_B","Zap+1","Buffer+1","Redo+1","Hologram","Defragment","Static Discharge+1","Electrodynamics","Loop","Leap+1","Redo+1","White Noise+1","Capacitor+1","Auto Shields+1","Madness+1","Madness+1"],"max_hp_per_floor":[75,75,75,75,75,75,75,75,75,77,77,77,77,77,77,77,83,85,85,85,85,85,85,87,87,87,87,87,89,89,91,91,93,93,95,97,101,101,105,121,121,121,121,125,125,129,129,129,129,129],"special_seed":17700,"relics":["Cracked Core","Singing Bowl","Toxic Egg 2","Orrery","Red Mask","Mercury Hourglass","Pantograph","Gambling Chip","Fusion Hammer","Prayer Wheel","Mango","Centennial Puzzle"],"card_choices":[{"not_picked":["Stack","Undo"],"picked":"Redo","floor":1},{"not_picked":["Hello World","Rebound"],"picked":"Hologram","floor":3},{"not_picked":["Steam","Turbo","Force Field"],"picked":"SKIP","floor":5},{"not_picked":["Blizzard","Rip and Tear","Barrage"],"picked":"Singing Bowl","floor":10},{"not_picked":["Melter","Coolheaded+1"],"picked":"Defragment","floor":11},{"not_picked":["Compile Driver","Beam Cell"],"picked":"Consume+1","floor":12},{"not_picked":["Sunder","Reinforced Body+1"],"picked":"Static Discharge","floor":14},{"not_picked":["Amplify+1","Seek+1"],"picked":"Electrodynamics","floor":16},{"not_picked":["Steam+1","Conserve Battery+1","Compile Driver"],"picked":"Singing Bowl","floor":17},{"not_picked":["Gash","Streamline","Chaos+1"],"picked":"Singing Bowl","floor":17},{"not_picked":["Sweeping Beam","Genetic Algorithm+1"],"picked":"Loop","floor":17},{"not_picked":["Streamline","Consume+1"],"picked":"Leap+1","floor":17},{"not_picked":["Steam+1","Heatsinks","Buffer"],"picked":"Singing Bowl","floor":17},{"not_picked":["Gash","Stack+1","Leap+1"],"picked":"Singing Bowl","floor":18},{"not_picked":["Compile Driver","Leap+1"],"picked":"Redo+1","floor":19},{"not_picked":["Blizzard","Coolheaded+1"],"picked":"White Noise+1","floor":20},{"not_picked":["Conserve Battery+1","Sunder+1","Cold Snap"],"picked":"Singing Bowl","floor":24},{"not_picked":["Lockon","Compile Driver+1","Heatsinks"],"picked":"Singing Bowl","floor":29},{"not_picked":["Gash","Genetic Algorithm+1"],"picked":"Auto Shields+1","floor":30},{"not_picked":["Force Field+1","Stack+1","Sweeping Beam"],"picked":"Singing Bowl","floor":31},{"not_picked":["Amplify+1","Multi-Cast+1","Electrodynamics"],"picked":"Singing Bowl","floor":33},{"not_picked":["Reinforced Body+1","Lockon","Ball Lightning+1"],"picked":"Singing Bowl","floor":35},{"not_picked":["Redo+1","Rebound","FTL"],"picked":"Singing Bowl","floor":36},{"not_picked":["Leap+1","Hello World","Coolheaded+1"],"picked":"Singing Bowl","floor":37},{"not_picked":["BootSequence+1","Multi-Cast+1","Steam+1"],"picked":"Singing Bowl","floor":37},{"not_picked":["Stack+1","Beam Cell","Steam+1"],"picked":"Singing Bowl","floor":39},{"not_picked":["Hello World","BootSequence+1","Go for the Eyes"],"picked":"Singing Bowl","floor":39},{"not_picked":["Heatsinks","Biased Cognition","Conserve Battery+1"],"picked":"Singing Bowl","floor":40},{"not_picked":["Coolheaded+1","Barrage+1","Genetic Algorithm+1"],"picked":"Singing Bowl","floor":44},{"not_picked":["Steam Power+1","BootSequence+1","Beam Cell+1"],"picked":"Singing Bowl","floor":44},{"not_picked":["Compile Driver+1","Sweeping Beam","Stack+1"],"picked":"Singing Bowl","floor":46},{"not_picked":["Coolheaded+1","Stack+1","Sweeping Beam+1"],"picked":"Singing Bowl","floor":46}],"player_experience":239074,"potions_floor_usage":[14,24,24,31,31,40,40,50,50,50],"damage_taken":[{"damage":5,"enemies":"Cultist","floor":1,"turns":4},{"damage":8,"enemies":"Jaw Worm","floor":3,"turns":3},{"damage":3,"enemies":"2 Louse","floor":5,"turns":3},{"damage":8,"enemies":"Lagavulin","floor":10,"turns":5},{"damage":4,"enemies":"Blue Slaver","floor":11,"turns":2},{"damage":10,"enemies":"Exordium Wildlife","floor":12,"turns":4},{"damage":1,"enemies":"Red Slaver","floor":14,"turns":3},{"damage":17,"enemies":"The Guardian","floor":16,"turns":9},{"damage":9,"enemies":"Spheric Guardian","floor":18,"turns":4},{"damage":0,"enemies":"Chosen","floor":19,"turns":5},{"damage":24,"floor":20,"turns":2},{"damage":20,"enemies":"Gremlin Leader","floor":24,"turns":5},{"damage":27,"enemies":"Slaver and Parasite","floor":29,"turns":3},{"damage":0,"enemies":"Centurion and Healer","floor":30,"turns":4},{"damage":0,"enemies":"Cultist and Chosen","floor":31,"turns":4},{"damage":35,"enemies":"Automaton","floor":33,"turns":7},{"damage":5,"enemies":"3 Darklings","floor":35,"turns":2},{"damage":10,"floor":36,"turns":4},{"damage":0,"enemies":"3 Shapes","floor":37,"turns":2},{"damage":6,"enemies":"3 Darklings","floor":39,"turns":4},{"damage":37,"enemies":"Giant Head","floor":40,"turns":9},{"damage":17,"enemies":"Sphere and 2 Shapes","floor":44,"turns":3},{"damage":10,"enemies":"4 Shapes","floor":46,"turns":2},{"damage":140,"enemies":"Awakened One","floor":50,"turns":10}],"relics_obtained":[{"floor":9,"key":"Singing Bowl"},{"floor":10,"key":"Toxic Egg 2"},{"floor":20,"key":"Red Mask"},{"floor":22,"key":"Mercury Hourglass"},{"floor":24,"key":"Pantograph"},{"floor":26,"key":"Gambling Chip"},{"floor":36,"key":"Prayer Wheel"},{"floor":40,"key":"Mango"},{"floor":43,"key":"Centennial Puzzle"}],"event_choices":[{"event_name":"Liars Game","player_choice":"disagreed","floor":4,"damage_taken":0},{"event_name":"Golden Wing","player_choice":"Card Removal","floor":7,"damage_taken":0},{"event_name":"Masked Bandits","player_choice":"Fought over 208 gold","floor":20,"damage_taken":0},{"event_name":"Mysterious Sphere","player_choice":"Fight","floor":36,"damage_taken":0},{"event_name":"Winding Halls","player_choice":"Embrace Madness","floor":41,"damage_taken":0},{"event_name":"Tomb of Lord Red Mask","player_choice":"Ignored","floor":47,"damage_taken":0},{"event_name":"Falling","player_choice":"Removed Skill","floor":48,"damage_taken":0}],"boss_relics":[{"not_picked":["Philosopher\u0027s Stone","Cursed Key"],"picked":"Orrery"},{"not_picked":["White Beast Statue","Calling Bell"],"picked":"Fusion Hammer"}],"items_purged_floors":[2,13,21,38],"is_endless":false,"potions_floor_spawned":[5,10,11,12,20,24,29,31,35,37,40,44,46],"seed_played":"-4602372323068427311","killed_by":"Awakened One","ascension_level":0,"potions_obtained":[{"floor":5,"key":"Dexterity Potion"},{"floor":10,"key":"GamblersBrew"},{"floor":11,"key":"EssenceOfSteel"},{"floor":12,"key":"Weak Potion"},{"floor":20,"key":"Fire Potion"},{"floor":24,"key":"Explosive Potion"},{"floor":29,"key":"Ancient Potion"},{"floor":31,"key":"Ancient Potion"},{"floor":35,"key":"Dexterity Potion"},{"floor":40,"key":"Poison Potion"},{"floor":44,"key":"AttackPotion"},{"floor":46,"key":"AttackPotion"}],"is_trial":false}