{"gold_per_floor":[117,62,73,73,73,73,134,147,174,192,192,204,204,236,248,336,348,371,59,73,73,73,73,73],"floor_reached":24,"playtime":1334,"items_purged":["Strike_G"],"score":369,"play_id":"7428174b-d2c6-4cd8-8ca9-d9bcaaa573f0","local_time":"20190817234006","is_ascension_mode":true,"campfire_choices":[{"data":"Bouncing Flask","floor":6,"key":"SMITH"},{"data":"Neutralize","floor":13,"key":"SMITH"},{"floor":15,"key":"REST"},{"data":"Wraith Form v2","floor":23,"key":"SMITH"}],"neow_cost":"NONE","seed_source_timestamp":5370036670502,"circlet_count":0,"master_deck":["AscendersBane","Strike_G","Strike_G","Strike_G","Strike_G","Defend_G+1","Defend_G","Defend_G+1","Defend_G","Defend_G","Survivor","Neutralize+1","Bouncing Flask+1","Noxious Fumes","Dagger Spray","Slice","Cloak And Dagger","Dodge and Roll","Wraith Form v2+1","Backflip+1","Footwork","Phantasmal Killer","Acrobatics+1"],"relics":["Ring of the Snake","Question Card","War Paint","Vajra","Art of War","MawBank","Snecko Eye"],"potions_floor_usage":[7,16,24],"damage_taken":[{"damage":4,"enemies":"Cultist","floor":1,"turns":5},{"damage":0,"enemies":"2 Louse","floor":3,"turns":5},{"damage":18,"enemies":"3 Sentries","floor":7,"turns":8},{"damage":4,"enemies":"Jaw Worm","floor":8,"turns":4},{"damage":0,"enemies":"2 Fungi Beasts","floor":10,"turns":3},{"damage":3,"enemies":"Blue Slaver","floor":12,"turns":4},{"damage":33,"enemies":"3 Sentries","floor":14,"turns":8},{"damage":14,"enemies":"The Guardian","floor":16,"turns":10},{"damage":25,"enemies":"Spheric Guardian","floor":18,"turns":5},{"damage":6,"enemies":"2 Thieves","floor":20,"turns":3},{"damage":31,"enemies":"Cultist and Chosen","floor":24,"turns":4}],"seed_played":"4809371841257179734","potions_obtained":[{"floor":1,"key":"Swift Potion"},{"floor":3,"key":"Weak Potion"},{"floor":10,"key":"SpeedPotion"},{"floor":14,"key":"GhostInAJar"},{"floor":18,"key":"FearPotion"}],"is_trial":false,"path_per_floor":["M","$","M","$","T","R","?","M","T","M","?","M","R","E","R","B",null,"M","$","M","?","$","R","M"],"character_chosen":"THE_SILENT","items_purchased":["Fire Potion","Footwork","Phantasmal Killer"],"campfire_rested":1,"item_purchase_floors":[2,19,19],"current_hp_per_floor":[61,61,61,61,61,61,43,39,39,39,39,36,36,3,24,10,57,32,32,26,26,26,26,0],"gold":73,"neow_bonus":"TEN_PERCENT_HP_BONUS","is_prod":false,"is_daily":false,"chose_seed":false,"campfire_upgraded":3,"win_rate":0,"timestamp":1566078006,"path_taken":["M","$","M","$","?","R","?","M","T","M","?","M","R","E","R","BOSS","M","?","M","?","$","R","M"],"build_version":"2019-07-17","purchased_purges":1,"victory":false,"max_hp_per_floor":[72,72,72,72,72,72,72,72,72,72,72,72,72,72,72,72,72,72,72,72,72,72,72,72],"card_choices":[{"not_picked":["Leg Sweep","Sucker Punch"],"picked":"Bouncing Flask","floor":1},{"not_picked":["Prepared","Eviscerate"],"picked":"Noxious Fumes","floor":3},{"not_picked":["Backflip","Setup","Terror"],"picked":"Dagger Spray","floor":7},{"not_picked":["Venomology","Outmaneuver","Predator"],"picked":"Slice","floor":8},{"not_picked":["Skewer","Flechettes","Bane"],"picked":"Cloak And Dagger","floor":10},{"not_picked":["Reflex","Acrobatics","Outmaneuver","Dagger Throw"],"picked":"SKIP","floor":12},{"not_picked":["Underhanded Strike","Eviscerate","Bane"],"picked":"Dodge and Roll","floor":14},{"not_picked":["Night Terror","Burst","Die Die Die"],"picked":"Wraith Form v2","floor":16},{"not_picked":["Riddle With Holes","Blade Dance","Underhanded Strike+1"],"picked":"Backflip+1","floor":18},{"not_picked":["Slice","Underhanded Strike","Sucker Punch"],"picked":"Acrobatics+1","floor":20}],"player_experience":963341,"relics_obtained":[{"floor":5,"key":"Question Card"},{"floor":9,"key":"Vajra"},{"floor":14,"key":"MawBank"}],"event_choices":[{"damage_healed":0,"gold_gain":0,"player_choice":"Searched \u00272\u0027 times","damage_taken":0,"relics_obtained":["War Paint"],"max_hp_gain":0,"max_hp_loss":0,"event_name":"Dead Adventurer","floor":7,"gold_loss":0},{"damage_healed":0,"gold_gain":0,"player_choice":"Gave Potion","damage_taken":0,"relics_obtained":["Art of War"],"max_hp_gain":0,"max_hp_loss":0,"event_name":"WeMeetAgain","floor":11,"gold_loss":0},{"damage_healed":0,"gold_gain":0,"player_choice":"Ignored","damage_taken":0,"max_hp_gain":0,"max_hp_loss":0,"event_name":"Ghosts","floor":21,"gold_loss":0}],"is_beta":false,"boss_relics":[{"not_picked":["Tiny House","WristBlade"],"picked":"Snecko Eye"}],"items_purged_floors":[19],"is_endless":false,"potions_floor_spawned":[1,3,10,14,18,20],"killed_by":"Cultist and Chosen","ascension_level":18}