{"gold_per_floor":[113,113,130,40,51,51,81,81,106,139,139,139,10,28,28,122,122,146,146,57,92,92,92,64,64,139,183,183,183,7,7,7,7],"floor_reached":33,"playtime":1507,"items_purged":["Strike_B","Strike_B"],"score":517,"play_id":"1cc8d199-645c-4ca6-9216-155388564b46","local_time":"20190411114957","is_ascension_mode":true,"campfire_choices":[{"data":"Trip","floor":6,"key":"SMITH"},{"data":"Streamline","floor":8,"key":"SMITH"},{"floor":15,"key":"REST"},{"data":"Beam Cell","floor":23,"key":"SMITH"},{"floor":25,"key":"REST"},{"floor":32,"key":"REST"}],"neow_cost":"NONE","seed_source_timestamp":276124437371000,"circlet_count":0,"master_deck":["AscendersBane","Defend_B","Defend_B","Defend_B","Defend_B","Zap+1","Dualcast","Trip+1","Self Repair","Streamline+1","Finesse","Steam","Undo","Streamline","Beam Cell+1","Core Surge","FTL","Finesse","Good Instincts","Steam","Hologram","Steam Power","Seek","Scrape"],"relics":["Cracked Core","Oddly Smooth Stone","Lantern","Juzu Bracelet","Du-Vu Doll","Golden Idol","Sozu","Red Mask","Shuriken","Happy Flower"],"potions_floor_usage":[7,16,16,21],"damage_taken":[{"damage":3,"enemies":"Small Slimes","floor":1,"turns":3},{"damage":9,"enemies":"2 Louse","floor":3,"turns":3},{"damage":7,"enemies":"Jaw Worm","floor":5,"turns":4},{"damage":17,"enemies":"3 Sentries","floor":7,"turns":8},{"damage":39,"enemies":"Gremlin Nob","floor":10,"turns":4},{"damage":0,"enemies":"Large Slime","floor":14,"turns":4},{"damage":34,"enemies":"The Guardian","floor":16,"turns":12},{"damage":0,"enemies":"Chosen","floor":18,"turns":2},{"damage":22,"enemies":"Masked Bandits","floor":21,"turns":5},{"damage":41,"enemies":"Book of Stabbing","floor":27,"turns":5},{"damage":50,"enemies":"Champ","floor":33,"turns":13}],"seed_played":"2814611593160404387","potions_obtained":[{"floor":3,"key":"Fire Potion"},{"floor":10,"key":"Poison Potion"},{"floor":14,"key":"GamblersBrew"},{"floor":16,"key":"Block Potion"}],"is_trial":false,"path_per_floor":["M","?","M","$","M","R","E","R","T","E","?","?","$","M","R","B",null,"M","?","$","?","?","R","$","R","T","E","?","?","$","?","R","B"],"character_chosen":"DEFECT","items_purchased":["Finesse","Streamline","Good Instincts","Hologram","Scrape"],"campfire_rested":3,"item_purchase_floors":[4,13,20,24,30],"current_hp_per_floor":[61,56,54,54,54,54,44,44,44,12,12,12,12,19,38,11,51,51,51,51,36,36,36,36,55,55,21,21,21,21,21,40,0],"gold":7,"neow_bonus":"RANDOM_COLORLESS","is_prod":false,"is_daily":false,"chose_seed":false,"campfire_upgraded":3,"win_rate":0,"timestamp":1554972597,"path_taken":["M","?","M","$","M","R","E","R","T","E","?","?","?","M","R","BOSS","M","?","$","?","?","R","?","R","T","E","?","?","$","?","R","BOSS"],"build_version":"2019-01-23","purchased_purges":2,"victory":false,"max_hp_per_floor":[71,71,71,71,71,71,71,71,71,71,71,64,64,64,64,64,64,64,64,64,64,64,64,64,64,64,64,64,64,64,64,64,64],"card_choices":[{"not_picked":["Rebound","Lockon"],"picked":"Self Repair","floor":1},{"not_picked":["Leap","Self Repair"],"picked":"Streamline","floor":3},{"not_picked":["Rebound","Hello World"],"picked":"Steam","floor":5},{"not_picked":["Static Discharge","Coolheaded","Force Field"],"picked":"SKIP","floor":7},{"not_picked":["Glacier","Creative AI","Undo"],"picked":"SKIP","floor":10},{"not_picked":["Glacier","Creative AI"],"picked":"Undo","floor":10},{"not_picked":["Double Energy","Streamline"],"picked":"Beam Cell","floor":14},{"not_picked":["Fission","Biased Cognition"],"picked":"Core Surge","floor":16},{"not_picked":["Chill","Cold Snap"],"picked":"FTL","floor":18},{"not_picked":["BootSequence+1","Streamline"],"picked":"Steam","floor":21},{"not_picked":["Consume","Barrage","Doom and Gloom"],"picked":"SKIP","floor":27}],"player_experience":1152789,"relics_obtained":[{"floor":7,"key":"Lantern"},{"floor":9,"key":"Juzu Bracelet"},{"floor":10,"key":"Du-Vu Doll"},{"floor":21,"key":"Red Mask"},{"floor":26,"key":"Shuriken"},{"floor":27,"key":"Happy Flower"}],"event_choices":[{"damage_healed":0,"gold_gain":0,"player_choice":"Success","damage_taken":5,"relics_obtained":["Oddly Smooth Stone"],"max_hp_gain":0,"max_hp_loss":0,"event_name":"Scrap Ooze","floor":2,"gold_loss":0},{"damage_healed":0,"gold_gain":0,"player_choice":"Grow","damage_taken":0,"max_hp_gain":0,"max_hp_loss":0,"event_name":"Living Wall","floor":11,"gold_loss":0,"cards_upgraded":["Zap"]},{"damage_healed":0,"gold_gain":0,"player_choice":"Lose Max HP","damage_taken":0,"relics_obtained":["Golden Idol"],"max_hp_gain":0,"max_hp_loss":7,"event_name":"Golden Idol","floor":12,"gold_loss":0},{"damage_healed":0,"gold_gain":0,"player_choice":"Copied","damage_taken":0,"max_hp_gain":0,"max_hp_loss":0,"event_name":"Duplicator","floor":19,"gold_loss":0,"cards_obtained":["Finesse"]},{"damage_healed":0,"gold_gain":0,"player_choice":"Fought Bandits","damage_taken":0,"max_hp_gain":0,"max_hp_loss":0,"event_name":"Masked Bandits","floor":21,"gold_loss":0},{"damage_healed":0,"gold_gain":0,"player_choice":"0 cards matched","damage_taken":0,"max_hp_gain":0,"max_hp_loss":0,"event_name":"Match and Keep!","floor":22,"gold_loss":0,"cards_obtained":[]},{"damage_healed":0,"gold_gain":0,"player_choice":"Ignored","damage_taken":0,"max_hp_gain":0,"max_hp_loss":0,"event_name":"Ghosts","floor":28,"gold_loss":0},{"damage_healed":0,"gold_gain":0,"cards_transformed":["Strike_B","Strike_B"],"player_choice":"Became Test Subject","damage_taken":0,"max_hp_gain":0,"max_hp_loss":0,"event_name":"Drug Dealer","floor":29,"gold_loss":0,"cards_obtained":["Steam Power","Seek"]},{"damage_healed":0,"gold_gain":0,"player_choice":"Ignored","damage_taken":0,"max_hp_gain":0,"max_hp_loss":0,"event_name":"Cursed Tome","floor":31,"gold_loss":0}],"is_beta":false,"boss_relics":[{"not_picked":["Nuclear Battery","Cursed Key"],"picked":"Sozu"}],"items_purged_floors":[13,30],"is_endless":false,"potions_floor_spawned":[3,10,14,16,18],"killed_by":"Champ","ascension_level":19}