{"gold_per_floor":[110,125,54,54,71,71,100,112,174,204,233,279,307,339,351,438,450,480,184,109,34,50,82,82,108,108,108,135,50,83,83,83,83],"floor_reached":33,"playtime":1331,"items_purged":["Strike_R"],"score":617,"play_id":"097da346-98b7-42db-ae41-2378e80278b7","local_time":"20190920125640","is_ascension_mode":true,"campfire_choices":[{"data":"Carnage","floor":6,"key":"SMITH"},{"data":"1","floor":8,"key":"LIFT"},{"data":"2","floor":15,"key":"LIFT"},{"data":"3","floor":24,"key":"LIFT"},{"floor":27,"key":"REST"},{"floor":32,"key":"REST"}],"neow_cost":"TEN_PERCENT_HP_LOSS","seed_source_timestamp":13346791447999,"circlet_count":0,"master_deck":["AscendersBane","Strike_R","Strike_R","Strike_R","Defend_R","Defend_R","Defend_R","Defend_R","Bash+1","Anger","Sword Boomerang","Battle Trance","Carnage+1","Reaper","Armaments","Headbutt","Demon Form","Twin Strike","Pummel","Uppercut"],"relics":["Burning Blood","Girya","MawBank","Vajra","Mercury Hourglass","Runic Cube","Happy Flower","Bronze Scales","Smiling Mask","Bag of Preparation","Singing Bowl","Regal Pillow","Letter Opener","Juzu Bracelet"],"potions_floor_usage":[12,33],"damage_taken":[{"damage":6,"enemies":"Cultist","floor":1,"turns":4},{"damage":3,"enemies":"Jaw Worm","floor":2,"turns":4},{"damage":4,"enemies":"Small Slimes","floor":5,"turns":2},{"damage":25,"enemies":"Lagavulin","floor":7,"turns":4},{"damage":0,"enemies":"3 Louse","floor":10,"turns":3},{"damage":6,"enemies":"Looter","floor":11,"turns":2},{"damage":15,"enemies":"3 Sentries","floor":12,"turns":6},{"damage":9,"enemies":"2 Fungi Beasts","floor":13,"turns":2},{"damage":1,"enemies":"Exordium Thugs","floor":14,"turns":3},{"damage":0,"enemies":"Slime Boss","floor":16,"turns":4},{"damage":17,"enemies":"2 Thieves","floor":18,"turns":3},{"damage":1,"enemies":"Spheric Guardian","floor":22,"turns":3},{"damage":56,"enemies":"Slavers","floor":23,"turns":5},{"damage":35,"enemies":"Book of Stabbing","floor":28,"turns":3},{"damage":24,"enemies":"Slavers","floor":30,"turns":4},{"damage":105,"enemies":"Champ","floor":33,"turns":6}],"seed_played":"-7459471494071082394","potions_obtained":[{"floor":1,"key":"SteroidPotion"},{"floor":2,"key":"AttackPotion"},{"floor":14,"key":"LiquidBronze"},{"floor":23,"key":"Poison Potion"}],"is_trial":false,"path_per_floor":["M","M","$","?","M","R","E","R","T","M","M","E","M","M","R","B",null,"M","$","?","$","M","E","R","T","T","R","E","?","E","?","R","B"],"character_chosen":"IRONCLAD","items_purchased":["Battle Trance","Happy Flower","Bronze Scales"],"campfire_rested":2,"item_purchase_floors":[3,19,19],"current_hp_per_floor":[68,68,68,68,68,68,49,49,49,68,68,68,65,68,68,68,68,64,64,64,64,68,26,26,26,26,46,31,31,21,44,70,0],"gold":83,"neow_bonus":"ONE_RARE_RELIC","is_prod":false,"is_daily":false,"chose_seed":false,"campfire_upgraded":1,"win_rate":0,"timestamp":1568977000,"path_taken":["M","M","$","?","M","R","E","R","T","M","M","E","?","M","R","BOSS","M","$","?","$","M","E","R","?","T","R","E","?","E","?","R","BOSS"],"build_version":"2019-07-17","purchased_purges":1,"victory":false,"max_hp_per_floor":[68,68,68,68,68,68,68,68,68,68,68,68,68,68,68,68,68,68,68,68,68,68,68,68,68,68,68,70,70,70,70,70,70],"card_choices":[{"not_picked":["Intimidate","Cleave"],"picked":"Anger","floor":1},{"not_picked":["Armaments","Clash"],"picked":"Sword Boomerang","floor":2},{"not_picked":["Warcry","Combust"],"picked":"Carnage","floor":5},{"not_picked":["Wild Strike","True Grit"],"picked":"Reaper","floor":7},{"not_picked":["Cleave","Searing Blow"],"picked":"Armaments","floor":10},{"not_picked":["Anger","Twin Strike"],"picked":"Headbutt","floor":11},{"not_picked":["Armaments","Blood for Blood","Cleave"],"picked":"SKIP","floor":12},{"not_picked":["Entrench","Pommel Strike","Sword Boomerang"],"picked":"SKIP","floor":13},{"not_picked":["Rupture","Armaments","Warcry"],"picked":"SKIP","floor":14},{"not_picked":["Exhume","Fiend Fire"],"picked":"Demon Form","floor":16},{"not_picked":["Headbutt","Entrench"],"picked":"Twin Strike","floor":18},{"not_picked":["Anger","Twin Strike","Warcry"],"picked":"SKIP","floor":22},{"not_picked":["Whirlwind","Flame Barrier"],"picked":"Pummel","floor":23},{"not_picked":["Havoc","Infernal Blade+1","Thunderclap+1"],"picked":"Singing Bowl","floor":28},{"not_picked":["Entrench","Seeing Red"],"picked":"Uppercut","floor":30}],"player_experience":1077671,"relics_obtained":[{"floor":7,"key":"MawBank"},{"floor":9,"key":"Vajra"},{"floor":12,"key":"Mercury Hourglass"},{"floor":23,"key":"Smiling Mask"},{"floor":25,"key":"Bag of Preparation"},{"floor":26,"key":"Singing Bowl"},{"floor":28,"key":"Regal Pillow"},{"floor":30,"key":"Juzu Bracelet"}],"event_choices":[{"damage_healed":0,"gold_gain":0,"player_choice":"Upgraded","damage_taken":0,"max_hp_gain":0,"max_hp_loss":0,"event_name":"Upgrade Shrine","floor":4,"gold_loss":0,"cards_upgraded":["Bash"]},{"cards_removed":["Strike_R"],"damage_healed":0,"gold_gain":0,"player_choice":"Gave Gold","damage_taken":0,"max_hp_gain":0,"max_hp_loss":0,"event_name":"Beggar","floor":20,"gold_loss":75},{"damage_healed":0,"gold_gain":0,"player_choice":"Obtained Relic","damage_taken":0,"relics_obtained":["Letter Opener"],"max_hp_gain":0,"max_hp_loss":0,"event_name":"Addict","floor":29,"gold_loss":85},{"damage_healed":23,"gold_gain":0,"player_choice":"Heal","damage_taken":0,"max_hp_gain":0,"max_hp_loss":0,"event_name":"The Library","floor":31,"gold_loss":0}],"is_beta":false,"boss_relics":[{"not_picked":["Orrery","Eternal Feather"],"picked":"Runic Cube"}],"items_purged_floors":[21],"is_endless":false,"potions_floor_spawned":[1,2,10,11,14,23,28],"killed_by":"Champ","ascension_level":14}