{"gold_per_floor":[113,113,113,113,127,152,170,183,206,221,221,221,221,237,237,332,332,347,362,377,476,193,193,208,140,140,140,140],"floor_reached":28,"playtime":950,"items_purged":["Defend_B"],"score":282,"play_id":"7afa8434-5fa7-408e-80ae-2e4f47ed76f6","local_time":"20180805201703","is_ascension_mode":true,"campfire_choices":[{"data":"Conserve Battery","floor":11,"key":"SMITH"},{"data":"Go for the Eyes","floor":15,"key":"SMITH"},{"data":"Tempest","floor":23,"key":"SMITH"}],"neow_cost":"NONE","seed_source_timestamp":36852287426577,"circlet_count":0,"master_deck":["Strike_B","Strike_B","Strike_B","Strike_B","Defend_B","Defend_B","Defend_B","Zap+1","Dualcast","Conserve Battery","Conserve Battery+1","Capacitor","Ball Lightning","Leap","Go for the Eyes+1","Sweeping Beam","Seek","Tempest+1","Defragment","Darkness+1","White Noise","Go for the Eyes","Static Discharge","Leap","Tempest+1","Defragment","Decay"],"relics":["Cracked Core","NeowsBlessing","DataDisk","Oddly Smooth Stone","Black Star","Juzu Bracelet"],"potions_floor_usage":[20,20],"damage_taken":[{"damage":0,"enemies":"2 Louse","floor":1,"turns":1},{"damage":0,"enemies":"Cultist","floor":5,"turns":1},{"damage":0,"enemies":"3 Sentries","floor":6,"turns":1},{"damage":8,"enemies":"Small Slimes","floor":7,"turns":3},{"damage":0,"enemies":"Blue Slaver","floor":8,"turns":3},{"damage":11,"enemies":"3 Louse","floor":10,"turns":3},{"damage":0,"enemies":"Large Slime","floor":14,"turns":4},{"damage":26,"enemies":"Hexaghost","floor":16,"turns":10},{"damage":18,"enemies":"2 Thieves","floor":18,"turns":5},{"damage":0,"enemies":"Chosen","floor":19,"turns":4},{"damage":18,"enemies":"Slaver and Parasite","floor":20,"turns":6},{"damage":11,"enemies":"Centurion and Healer","floor":24,"turns":6},{"damage":31,"enemies":"Cultist and Chosen","floor":28,"turns":4}],"seed_played":"1624727174620410107","potions_obtained":[{"floor":1,"key":"Dexterity Potion"},{"floor":5,"key":"Explosive Potion"},{"floor":10,"key":"Poison Potion"}],"is_trial":false,"path_per_floor":["M","$","?","$","M","E","M","M","T","M","R","$","?","M","R","B",null,"M","M","M","?","$","R","M","$","T","?"],"character_chosen":"DEFECT","items_purchased":["White Noise","Go for the Eyes","Static Discharge","Leap","Defragment"],"campfire_rested":0,"item_purchase_floors":[22,22,22,22,25],"current_hp_per_floor":[75,75,75,75,75,75,67,67,67,56,56,56,56,56,56,30,75,57,57,39,39,39,39,28,28,28,28,0],"gold":140,"neow_bonus":"THREE_ENEMY_KILL","is_prod":false,"is_daily":false,"chose_seed":false,"campfire_upgraded":3,"win_rate":0,"timestamp":1533467823,"path_taken":["M","$","?","?","?","E","M","M","T","M","R","$","?","M","R","BOSS","M","M","M","?","$","R","M","$","T","?","M"],"build_version":"2018-08-02","purchased_purges":1,"victory":false,"max_hp_per_floor":[75,75,75,75,75,75,75,75,75,75,75,75,75,75,75,75,75,75,75,75,75,75,75,75,75,75,75,75],"card_choices":[{"not_picked":["Chaos","Glacier"],"picked":"Conserve Battery","floor":1},{"not_picked":["Turbo","Doom and Gloom"],"picked":"Conserve Battery","floor":5},{"not_picked":["Turbo","BootSequence"],"picked":"Capacitor","floor":6},{"not_picked":["Steam","Hologram"],"picked":"Ball Lightning","floor":7},{"not_picked":["Redo","Steam Power"],"picked":"Leap","floor":8},{"not_picked":["Compile Driver","Redo"],"picked":"Go for the Eyes","floor":10},{"not_picked":["Doom and Gloom","Coolheaded"],"picked":"Sweeping Beam","floor":14},{"not_picked":["Hyperbeam","Multi-Cast"],"picked":"Seek","floor":16},{"not_picked":["Barrage","Leap"],"picked":"Tempest","floor":18},{"not_picked":["Scrape","Hologram"],"picked":"Defragment","floor":19},{"not_picked":["Amplify","Melter"],"picked":"Darkness+1","floor":20},{"not_picked":["Sweeping Beam","Coolheaded"],"picked":"Tempest+1","floor":24}],"player_experience":128586,"relics_obtained":[{"floor":6,"key":"DataDisk"},{"floor":9,"key":"Oddly Smooth Stone"},{"floor":26,"key":"Juzu Bracelet"}],"event_choices":[{"event_name":"Upgrade Shrine","player_choice":"Upgraded","floor":3,"damage_taken":0},{"event_name":"Liars Game","player_choice":"disagreed","floor":13,"damage_taken":0},{"event_name":"Nest","player_choice":"Stole From Cult","floor":21,"damage_taken":0},{"event_name":"Forgotten Altar","player_choice":"Smashed Altar","floor":27,"damage_taken":0}],"is_beta":false,"boss_relics":[{"not_picked":["Ectoplasm","White Beast Statue"],"picked":"Black Star"}],"items_purged_floors":[22],"is_endless":false,"potions_floor_spawned":[1,5,10,18],"killed_by":"Cultist and Chosen","ascension_level":3}