{"gold_per_floor":[113,128,139,139,123,123,123,123,123,123,123,148,168,202,202,297,297,277,291,291,34,51,84,99,14,14,14,14,29,29,48,48,147,147,160,170,170,70,87,87,104,104,104,118,133,133,145,145,145,145,145,145,20,52,52],"floor_reached":56,"playtime":3503,"items_purged":["Strike_G","Strike_G","Dagger Spray"],"score":1206,"play_id":"40bcbbfc-d460-402b-ac60-8c1a5219dda3","local_time":"20190917022541","is_ascension_mode":false,"campfire_choices":[{"data":"Neutralize","floor":6.0,"key":"SMITH"},{"data":"Footwork","floor":8.0,"key":"SMITH"},{"data":"Sucker Punch","floor":11.0,"key":"SMITH"},{"floor":15.0,"key":"REST"},{"data":"A Thousand Cuts","floor":27.0,"key":"SMITH"},{"floor":32.0,"key":"RECALL"},{"data":"Cloak And Dagger","floor":40.0,"key":"SMITH"},{"data":"Survivor","floor":42.0,"key":"SMITH"},{"data":"Envenom","floor":46.0,"key":"SMITH"},{"data":"Defend_G","floor":49.0,"key":"SMITH"},{"data":"Defend_G","floor":52.0,"key":"SMITH"}],"neow_cost":"NONE","seed_source_timestamp":258778728545700,"circlet_count":0,"master_deck":["Defend_G","Defend_G","Defend_G+1","Defend_G+1","Defend_G+1","Survivor+1","Neutralize+1","Cloak And Dagger+1","Dagger Throw+1","Footwork+1","Sucker Punch+1","Cloak And Dagger+1","Malaise+1","A Thousand Cuts+1","Dodge and Roll+1","Deflect+1","Blade Dance+1","Noxious Fumes","Burst+1","Envenom+1","Dodge and Roll+1","Deflect+1","Parasite","Cloak And Dagger+1","Deflect+1","Cloak And Dagger+1","PiercingWail+1","Parasite"],"special_seed":0,"relics":["Ring of the Snake","NeowsBlessing","Sundial","Toxic Egg 2","Happy Flower","Mummified Hand","WristBlade","Oddly Smooth Stone","Lantern","Molten Egg 2","Runic Pyramid","Question Card","Snake Skull"],"potions_floor_usage":[55,55,55],"damage_taken":[{"damage":0.0,"enemies":"Small Slimes","floor":1.0,"turns":1.0},{"damage":0.0,"enemies":"Jaw Worm","floor":2.0,"turns":1.0},{"damage":0.0,"enemies":"Cultist","floor":3.0,"turns":1.0},{"damage":5.0,"enemies":"Exordium Thugs","floor":5.0,"turns":6.0},{"damage":11.0,"enemies":"Gremlin Nob","floor":12.0,"turns":5.0},{"damage":7.0,"enemies":"Looter","floor":13.0,"turns":2.0},{"damage":5.0,"enemies":"3 Sentries","floor":14.0,"turns":12.0},{"damage":1.0,"enemies":"The Guardian","floor":16.0,"turns":15.0},{"damage":1.0,"enemies":"2 Thieves","floor":18.0,"turns":4.0},{"damage":0.0,"enemies":"3 Byrds","floor":19.0,"turns":5.0},{"damage":0.0,"enemies":"Centurion and Healer","floor":22.0,"turns":8.0},{"damage":13.0,"enemies":"Book of Stabbing","floor":23.0,"turns":8.0},{"damage":6.0,"enemies":"Snecko","floor":24.0,"turns":5.0},{"damage":0.0,"enemies":"Snake Plant","floor":29.0,"turns":4.0},{"damage":1.0,"enemies":"Cultist and Chosen","floor":31.0,"turns":6.0},{"damage":0.0,"enemies":"Automaton","floor":33.0,"turns":8.0},{"damage":0.0,"enemies":"3 Shapes","floor":35.0,"turns":2.0},{"damage":1.0,"enemies":"3 Darklings","floor":36.0,"turns":4.0},{"damage":0.0,"enemies":"Writhing Mass","floor":39.0,"turns":6.0},{"damage":0.0,"enemies":"Transient","floor":41.0,"turns":5.0},{"damage":3.0,"enemies":"Jaw Worm Horde","floor":44.0,"turns":6.0},{"damage":0.0,"enemies":"Spire Growth","floor":45.0,"turns":6.0},{"damage":0.0,"enemies":"Writhing Mass","floor":47.0,"turns":7.0},{"damage":1.0,"enemies":"Awakened One","floor":50.0,"turns":18.0},{"damage":5.0,"enemies":"Shield and Spear","floor":54.0,"turns":7.0},{"damage":41,"enemies":"The Heart","floor":55,"turns":11}],"seed_played":"-270876361844753429","potions_obtained":[{"floor":2.0,"key":"Ancient Potion"},{"floor":3.0,"key":"Explosive Potion"},{"floor":13.0,"key":"Fire Potion"},{"floor":36.0,"key":"GamblersBrew"},{"floor":41.0,"key":"Energy Potion"}],"is_trial":false,"path_per_floor":["M","M","M","?","M","R","?","R","T","?","R","E","M","E","R","B",null,"M","M","?","$","M","E","M","?","T","R","?","M","$","M","R","B",null,"M","M","?","$","M","R","M","R","T","M","M","R","M","T","R","B",null,"R","$","E","B",null],"character_chosen":"THE_SILENT","items_purchased":["Blade Dance+1","Oddly Smooth Stone"],"campfire_rested":1,"item_purchase_floors":[21,21],"current_hp_per_floor":[70,70,70,56,51,51,44,44,44,37,37,26,19,14,35,34,70,69,69,69,69,69,56,50,50,50,50,50,50,50,49,49,49,70,70,69,69,69,69,69,69,69,69,66,66,66,66,66,66,65,70,70,70,65,24],"gold":52,"neow_bonus":"THREE_ENEMY_KILL","is_prod":false,"is_daily":false,"chose_seed":false,"campfire_upgraded":9,"win_rate":0,"timestamp":1568654741,"path_taken":["M","M","M","?","M","R","?","R","T","?","R","E","M","E","R","BOSS","M","M","?","$","M","E","M","?","T","R","?","M","$","M","R","BOSS","M","M","?","$","M","R","?","R","T","M","M","R","M","?","R","BOSS","R","$","E","BOSS"],"build_version":"2019-07-17","purchased_purges":3,"victory":true,"max_hp_per_floor":[70,70,70,70,70,70,70,70,70,70,70,70,70,70,70,70,70,70,70,70,70,70,70,70,70,70,70,70,70,70,70,70,70,70,70,70,70,70,70,70,70,70,70,70,70,70,70,70,70,70,70,70,70,70,70],"card_choices":[{"not_picked":["Dagger Throw","Bane"],"picked":"Cloak And Dagger","floor":1.0},{"not_picked":["PiercingWail","Slice"],"picked":"Dagger Throw","floor":2.0},{"not_picked":["Dagger Throw","Underhanded Strike"],"picked":"Footwork","floor":3.0},{"not_picked":["Masterful Stab","Calculated Gamble"],"picked":"Sucker Punch","floor":5.0},{"not_picked":["Concentrate+1","Underhanded Strike"],"picked":"Dagger Spray","floor":12.0},{"not_picked":["Bane","Backstab"],"picked":"Cloak And Dagger+1","floor":13.0},{"not_picked":["Dagger Spray","Cloak And Dagger+1"],"picked":"Malaise+1","floor":14.0},{"not_picked":["Grand Finale","Bullet Time+1"],"picked":"A Thousand Cuts","floor":16.0},{"not_picked":["Noxious Fumes","Sucker Punch"],"picked":"Dodge and Roll+1","floor":18.0},{"not_picked":["Expertise+1","Riddle With Holes+1"],"picked":"Deflect+1","floor":19.0},{"not_picked":["Noxious Fumes","Dodge and Roll+1","Sucker Punch"],"picked":"SKIP","floor":22.0},{"not_picked":["Slice+1","Quick Slash","Calculated Gamble+1"],"picked":"SKIP","floor":23.0},{"not_picked":["Bane","Slice","Sucker Punch"],"picked":"SKIP","floor":24.0},{"not_picked":["Deadly Poison+1","Crippling Poison+1"],"picked":"Envenom","floor":29.0},{"not_picked":["Prepared+1","Reflex+1","Underhanded Strike+1"],"picked":"SKIP","floor":31.0},{"not_picked":["Bane+1","PiercingWail+1"],"picked":"Dodge and Roll+1","floor":35.0},{"not_picked":["Concentrate+1","Infinite Blades"],"picked":"Deflect+1","floor":36.0},{"not_picked":["Underhanded Strike+1","Skewer+1"],"picked":"Cloak And Dagger+1","floor":39.0},{"not_picked":["Outmaneuver+1","Distraction+1"],"picked":"Deflect+1","floor":41.0},{"not_picked":["Dagger Throw+1","Prepared+1","Quick Slash+1"],"picked":"Cloak And Dagger+1","floor":44.0},{"not_picked":["Infinite Blades","Glass Knife+1","Outmaneuver+1"],"picked":"PiercingWail+1","floor":45.0},{"not_picked":["Sucker Punch+1","Underhanded Strike+1","Deadly Poison+1","Dagger Throw+1"],"picked":"SKIP","floor":47.0},{"not_picked":["Calculated Gamble+1","Deadly Poison+1","Concentrate+1","Choke+1"],"picked":"SKIP","floor":54.0}],"player_experience":372308,"relics_obtained":[{"floor":9.0,"key":"Toxic Egg 2"},{"floor":12.0,"key":"Happy Flower"},{"floor":14.0,"key":"Mummified Hand"},{"floor":23.0,"key":"Lantern"},{"floor":43.0,"key":"Question Card"},{"floor":54.0,"key":"Snake Skull"}],"event_choices":[{"damage_healed":0.0,"max_hp_gain":0.0,"max_hp_loss":0.0,"gold_gain":0.0,"event_name":"Shining Light","player_choice":"Entered Light","floor":4.0,"gold_loss":0.0,"damage_taken":14.0,"cards_upgraded":["Defend_G","Dagger Throw"]},{"damage_healed":0.0,"max_hp_gain":0.0,"max_hp_loss":0.0,"gold_gain":0.0,"event_name":"Scrap Ooze","player_choice":"Success","floor":7.0,"gold_loss":0.0,"damage_taken":7.0,"relics_obtained":["Sundial"]},{"cards_removed":["Strike_G"],"damage_healed":0.0,"max_hp_gain":0.0,"max_hp_loss":0.0,"gold_gain":0.0,"event_name":"Golden Wing","player_choice":"Card Removal","floor":10.0,"gold_loss":0.0,"damage_taken":7.0},{"damage_healed":0.0,"max_hp_gain":0.0,"max_hp_loss":0.0,"gold_gain":0.0,"event_name":"Cursed Tome","player_choice":"Ignored","floor":20.0,"gold_loss":0.0,"damage_taken":0.0},{"damage_healed":0.0,"max_hp_gain":0.0,"max_hp_loss":0.0,"gold_gain":0.0,"event_name":"Addict","player_choice":"Obtained Relic","floor":25.0,"gold_loss":85.0,"damage_taken":0.0,"relics_obtained":["Molten Egg 2"]},{"damage_healed":0.0,"max_hp_gain":0.0,"max_hp_loss":0.0,"gold_gain":0.0,"cards_transformed":["Strike_G","Strike_G"],"event_name":"Drug Dealer","player_choice":"Became Test Subject","floor":28.0,"gold_loss":0.0,"damage_taken":0.0,"cards_obtained":["Noxious Fumes","Burst"]},{"damage_healed":0.0,"max_hp_gain":0.0,"max_hp_loss":0.0,"gold_gain":0.0,"event_name":"NoteForYourself","player_choice":"Ignored","floor":37.0,"gold_loss":0.0,"damage_taken":0.0}],"is_beta":false,"boss_relics":[{"not_picked":["Black Star","Ring of the Serpent"],"picked":"WristBlade"},{"not_picked":["Snecko Eye","Astrolabe"],"picked":"Runic Pyramid"}],"items_purged_floors":[21,38,53],"is_endless":false,"potions_floor_spawned":[2,3,13,22,24,29,31,33,36,41,45,54],"ascension_level":0}