{"gold_per_floor":[109,284,39,59,59,59,87,87,87,87,98,98,117,134,134,213,213,194,194,210,229,229,229,229],"floor_reached":24,"playtime":931,"items_purged":["Doubt"],"score":358,"play_id":"bcb10b02-47c8-45f0-80db-4eda94bcac45","local_time":"20190403114507","is_ascension_mode":true,"campfire_choices":[{"data":"Streamline","floor":6,"key":"SMITH"},{"data":"Dualcast","floor":8,"key":"SMITH"},{"data":"Zap","floor":10,"key":"SMITH"},{"data":"Defragment","floor":12,"key":"SMITH"},{"data":"Cold Snap","floor":15,"key":"SMITH"},{"data":"Buffer","floor":23,"key":"SMITH"}],"neow_cost":"NONE","seed_source_timestamp":1386373532444700,"circlet_count":0,"master_deck":["AscendersBane","Strike_B","Strike_B","Defend_B","Defend_B","Defend_B","Defend_B","Zap+1","Dualcast+1","Rebound","Defragment+1","Good Instincts","Streamline+1","Cold Snap+1","Blizzard","Buffer+1","Cold Snap","Heatsinks","Ghostly","Ghostly","Ghostly","Ghostly","Ghostly"],"relics":["Cracked Core","Ancient Tea Set","Smiling Mask","The Courier","Coffee Dripper"],"potions_floor_usage":[7,14,16,24],"damage_taken":[{"damage":0,"enemies":"Small Slimes","floor":1,"turns":2},{"damage":5,"enemies":"Cultist","floor":4,"turns":4},{"damage":8,"enemies":"Gremlin Nob","floor":7,"turns":4},{"damage":0,"enemies":"2 Louse","floor":11,"turns":2},{"damage":0,"enemies":"Exordium Wildlife","floor":13,"turns":3},{"damage":1,"enemies":"Lots of Slimes","floor":14,"turns":3},{"damage":27,"enemies":"Hexaghost","floor":16,"turns":11},{"damage":23,"enemies":"2 Thieves","floor":18,"turns":4},{"damage":10,"enemies":"Chosen","floor":20,"turns":5},{"damage":13,"enemies":"Snake Plant","floor":21,"turns":8},{"damage":13,"enemies":"Gremlin Leader","floor":24,"turns":7}],"seed_played":"-446207721481163071","potions_obtained":[{"floor":4,"key":"Block Potion"},{"floor":13,"key":"AttackPotion"},{"floor":14,"key":"Weak Potion"},{"floor":18,"key":"SteroidPotion"},{"floor":21,"key":"Strength Potion"}],"is_trial":false,"path_per_floor":["M","?","$","M","?","R","E","R","T","R","M","R","M","M","R","B",null,"M","?","M","M","?","R","E"],"character_chosen":"DEFECT","items_purchased":["Defragment","Good Instincts"],"campfire_rested":0,"item_purchase_floors":[3,3],"current_hp_per_floor":[64,64,64,59,59,59,51,51,51,51,51,51,51,50,50,23,59,36,36,26,13,13,13,0],"gold":229,"neow_bonus":"RANDOM_COMMON_RELIC","is_prod":false,"is_daily":false,"chose_seed":false,"campfire_upgraded":6,"win_rate":0,"timestamp":1554281107,"path_taken":["M","?","$","M","?","R","E","R","T","R","M","R","M","M","R","BOSS","M","?","?","M","?","R","E"],"build_version":"2019-01-23","purchased_purges":1,"victory":false,"max_hp_per_floor":[71,71,71,71,71,71,71,71,71,71,71,71,71,71,71,71,71,71,71,71,71,35,35,35],"card_choices":[{"not_picked":["Hologram","Compile Driver"],"picked":"Rebound","floor":1},{"not_picked":["Scrape","Rip and Tear"],"picked":"Streamline","floor":4},{"not_picked":["Gash","Hologram"],"picked":"Cold Snap","floor":7},{"not_picked":["Barrage","Turbo","Steam"],"picked":"SKIP","floor":11},{"not_picked":["Barrage","Turbo","Steam"],"picked":"SKIP","floor":11},{"not_picked":["Barrage","Turbo","Steam"],"picked":"SKIP","floor":11},{"not_picked":["FTL","Barrage"],"picked":"Blizzard","floor":13},{"not_picked":["Steam","Melter","Rebound"],"picked":"SKIP","floor":14},{"not_picked":["Seek","Electrodynamics"],"picked":"Buffer","floor":16},{"not_picked":["Streamline","Fusion"],"picked":"Cold Snap","floor":18},{"not_picked":["Ball Lightning","Darkness","Redo"],"picked":"SKIP","floor":20},{"not_picked":["Heatsinks+1","Steam","Loop"],"picked":"SKIP","floor":21}],"player_experience":1102707,"relics_obtained":[{"floor":7,"key":"Smiling Mask"},{"floor":9,"key":"The Courier"}],"event_choices":[{"damage_healed":0,"gold_gain":175,"player_choice":"AGREE","damage_taken":0,"max_hp_gain":0,"max_hp_loss":0,"event_name":"Liars Game","floor":2,"gold_loss":0,"cards_obtained":["Doubt"]},{"cards_removed":["Strike_B"],"damage_healed":0,"gold_gain":0,"player_choice":"Offered Basic","damage_taken":0,"max_hp_gain":0,"max_hp_loss":0,"event_name":"Bonfire Elementals","floor":5,"gold_loss":0},{"damage_healed":0,"gold_gain":0,"cards_transformed":["Strike_B"],"player_choice":"Transformed","damage_taken":0,"max_hp_gain":0,"max_hp_loss":0,"event_name":"Transmorgrifier","floor":19,"gold_loss":0,"cards_obtained":["Heatsinks"]},{"damage_healed":0,"gold_gain":0,"player_choice":"Became a Ghost","damage_taken":0,"max_hp_gain":0,"max_hp_loss":36,"event_name":"Ghosts","floor":22,"gold_loss":0,"cards_obtained":["Ghostly","Ghostly","Ghostly","Ghostly","Ghostly"]}],"is_beta":false,"boss_relics":[{"not_picked":["Astrolabe","Cursed Key"],"picked":"Coffee Dripper"}],"items_purged_floors":[3],"is_endless":false,"potions_floor_spawned":[4,13,14,18,21],"killed_by":"Gremlin Leader","ascension_level":14}