{"gold_per_floor":[119,119,194,208,51,51,89,89,89,89,104,104,104,122,122,248,248,268,6,105,30,78,78,114,114,138,63,73,73,88,107,107,209,209,225,235,235,251,251,251,251],"floor_reached":41,"playtime":1999,"items_purged":["Strike_G","Strike_G","Strike_G"],"score":480,"play_id":"b8ddc73c-c3ca-45fd-9ff8-39e7b77c1a47","local_time":"20180914230722","is_ascension_mode":true,"campfire_choices":[{"data":"Noxious Fumes","floor":6,"key":"SMITH"},{"data":"Neutralize","floor":8,"key":"SMITH"},{"data":"Dodge and Roll","floor":10,"key":"SMITH"},{"data":"Leg Sweep","floor":12,"key":"SMITH"},{"floor":15,"key":"REST"},{"data":"Noxious Fumes","floor":23,"key":"SMITH"},{"floor":32,"key":"REST"},{"data":"Catalyst","floor":40,"key":"SMITH"}],"neow_cost":"NONE","seed_source_timestamp":44781772092660,"circlet_count":0,"master_deck":["Defend_G","Defend_G","Defend_G","Defend_G","Defend_G","Strike_G","Strike_G","Survivor","Neutralize+1","Dodge and Roll+1","Caltrops","Noxious Fumes+1","PiercingWail","Leg Sweep+1","Outmaneuver","Burst","Concentrate","Bouncing Flask","Catalyst+1","Noxious Fumes+1","Prepared","Malaise","Footwork+1","Footwork+1"],"relics":["Ring of the Snake","NeowsBlessing","Bloody Idol","Orichalcum","Mummified Hand","Ancient Tea Set","Runic Pyramid","Membership Card","Snake Skull","Omamori","Boot","Question Card","Busted Crown"],"potions_floor_usage":[41],"damage_taken":[{"damage":0,"enemies":"Cultist","floor":1,"turns":1},{"damage":0,"enemies":"Small Slimes","floor":4,"turns":1},{"damage":0,"enemies":"Gremlin Nob","floor":7,"turns":1},{"damage":0,"enemies":"Jaw Worm","floor":11,"turns":6},{"damage":0,"enemies":"2 Fungi Beasts","floor":14,"turns":5},{"damage":8,"enemies":"The Guardian","floor":16,"turns":12},{"damage":13,"enemies":"Spheric Guardian","floor":18,"turns":7},{"damage":8,"enemies":"Book of Stabbing","floor":24,"turns":4},{"damage":0,"enemies":"3 Byrds","floor":28,"turns":3},{"damage":1,"enemies":"Shelled Parasite and Fungi","floor":30,"turns":5},{"damage":11,"enemies":"Snake Plant","floor":31,"turns":3},{"damage":19,"enemies":"Collector","floor":33,"turns":7},{"damage":9,"enemies":"3 Shapes","floor":35,"turns":6},{"damage":14,"enemies":"3 Darklings","floor":36,"turns":6},{"damage":12,"enemies":"Sphere and 2 Shapes","floor":38,"turns":5},{"damage":51,"enemies":"2 Orb Walkers","floor":41,"turns":5}],"seed_played":"7017003510310871887","potions_obtained":[{"floor":4,"key":"EntropicBrew"},{"floor":16,"key":"SmokeBomb"},{"floor":24,"key":"AttackPotion"},{"floor":30,"key":"LiquidBronze"}],"is_trial":false,"path_per_floor":["M","?","?","M","$","R","E","R","T","R","M","R","?","M","R","B",null,"M","$","?","$","T","R","E","?","T","$","M","T","M","M","R","B",null,"M","M","?","M","?","R"],"character_chosen":"THE_SILENT","items_purchased":["Noxious Fumes","Membership Card","Bouncing Flask","Catalyst","Noxious Fumes","Prepared"],"campfire_rested":2,"item_purchase_floors":[5,19,19,21,21,27],"current_hp_per_floor":[70,53,42,42,42,42,42,42,42,42,42,42,39,39,60,52,70,57,57,57,57,57,57,49,49,54,54,59,59,63,57,70,56,70,66,57,57,50,50,50,0],"gold":251,"neow_bonus":"THREE_ENEMY_KILL","is_prod":false,"is_daily":false,"chose_seed":false,"campfire_upgraded":6,"win_rate":0,"timestamp":1536934042,"path_taken":["M","?","?","?","?","R","E","R","T","R","M","R","?","M","R","BOSS","M","$","?","$","?","R","E","?","T","?","M","?","M","M","R","BOSS","M","M","?","M","?","R","E"],"build_version":"2018-09-06","purchased_purges":3,"victory":false,"max_hp_per_floor":[70,70,70,70,70,70,70,70,70,70,70,70,70,70,70,70,70,70,70,70,70,70,70,70,70,70,70,70,70,70,70,70,70,70,70,70,70,70,70,70,70],"card_choices":[{"not_picked":["Blade Dance","Backflip"],"picked":"Dodge and Roll","floor":1},{"not_picked":["Escape Plan","Deadly Poison"],"picked":"Caltrops","floor":4},{"not_picked":["Heel Hook","Poisoned Stab"],"picked":"PiercingWail","floor":7},{"not_picked":["Skewer","Slice"],"picked":"Leg Sweep","floor":11},{"not_picked":["Expertise","Acrobatics"],"picked":"Outmaneuver","floor":14},{"not_picked":["A Thousand Cuts","Phantasmal Killer"],"picked":"Burst","floor":16},{"not_picked":["Acrobatics","Deflect"],"picked":"Concentrate","floor":18},{"not_picked":["All Out Attack","Cloak And Dagger+1","Deflect"],"picked":"SKIP","floor":24},{"not_picked":["Slice","Deflect","Acrobatics"],"picked":"SKIP","floor":28},{"not_picked":["Flying Knee","Dagger Spray","Reflex+1","Sucker Punch"],"picked":"SKIP","floor":30},{"not_picked":["Sucker Punch","Poisoned Stab+1","Choke","Outmaneuver"],"picked":"SKIP","floor":31},{"not_picked":["Die Die Die","Envenom","Unload"],"picked":"Malaise","floor":33},{"not_picked":["Bane+1"],"picked":"Footwork+1","floor":35},{"not_picked":["Eviscerate+1"],"picked":"Footwork+1","floor":36},{"not_picked":["Heel Hook+1","Blade Dance"],"picked":"SKIP","floor":38}],"player_experience":252948,"relics_obtained":[{"floor":7,"key":"Orichalcum"},{"floor":9,"key":"Mummified Hand"},{"floor":22,"key":"Snake Skull"},{"floor":24,"key":"Omamori"},{"floor":26,"key":"Boot"},{"floor":29,"key":"Question Card"}],"event_choices":[{"event_name":"Golden Idol","player_choice":"Take Damage","floor":2,"damage_taken":0},{"event_name":"World of Goop","player_choice":"Gather Gold","floor":3,"damage_taken":0},{"event_name":"Scrap Ooze","player_choice":"success","floor":13,"damage_taken":3},{"event_name":"Nest","player_choice":"Stole From Cult","floor":20,"damage_taken":0},{"event_name":"Forgotten Altar","player_choice":"Gave Idol","floor":25,"damage_taken":0},{"event_name":"Mysterious Sphere","player_choice":"Ignore","floor":37,"damage_taken":0},{"event_name":"Tomb of Lord Red Mask","player_choice":"Ignored","floor":39,"damage_taken":0}],"is_beta":false,"boss_relics":[{"not_picked":["Snecko Eye","Sozu"],"picked":"Runic Pyramid"},{"not_picked":["Black Star","Eternal Feather"],"picked":"Busted Crown"}],"items_purged_floors":[5,19,27],"is_endless":false,"potions_floor_spawned":[4,16,24,30,38],"killed_by":"2 Orb Walkers","ascension_level":1}