{"gold_per_floor":[111,111,125,200,200,200,213,233,233,233,259,84,119,138,138,211,211,225,239,19,34,34],"floor_reached":22,"playtime":1134,"items_purged":[],"score":372,"play_id":"479a3cb7-31e9-4aa8-87b4-ab16aef705be","local_time":"20191007140905","is_ascension_mode":true,"campfire_choices":[{"data":"Bash","floor":6,"key":"SMITH"},{"data":"Demon Form","floor":15,"key":"SMITH"}],"neow_cost":"NONE","seed_source_timestamp":17780178584947,"circlet_count":0,"master_deck":["AscendersBane","Strike_R","Strike_R","Strike_R","Strike_R","Strike_R","Defend_R","Defend_R","Defend_R","Defend_R","Bash+1","Shrug It Off","Pommel Strike","Shrug It Off","Twin Strike+1","Anger","Immolate","Demon Form+1","Corruption","Impervious"],"relics":["Burning Blood","Champion Belt","Nunchaku","Mummified Hand","Centennial Puzzle","Busted Crown","Medical Kit"],"potions_floor_usage":[11,13,18,21],"damage_taken":[{"damage":10,"enemies":"2 Louse","floor":1,"turns":3},{"damage":1,"enemies":"Small Slimes","floor":3,"turns":5},{"damage":1,"enemies":"Cultist","floor":7,"turns":3},{"damage":2,"enemies":"2 Fungi Beasts","floor":8,"turns":4},{"damage":26,"enemies":"Gremlin Nob","floor":11,"turns":4},{"damage":27,"enemies":"3 Sentries","floor":13,"turns":7},{"damage":0,"enemies":"Exordium Wildlife","floor":14,"turns":3},{"damage":42,"enemies":"Slime Boss","floor":16,"turns":10},{"damage":2,"enemies":"3 Byrds","floor":18,"turns":5},{"damage":20,"enemies":"2 Thieves","floor":19,"turns":4},{"damage":7,"enemies":"3 Cultists","floor":21,"turns":4},{"damage":56,"enemies":"Chosen and Byrds","floor":22,"turns":6}],"seed_played":"8188114254484743250","potions_obtained":[{"floor":7,"key":"Swift Potion"},{"floor":11,"key":"BloodPotion"},{"floor":16,"key":"SkillPotion"},{"floor":18,"key":"Explosive Potion"}],"is_trial":false,"path_per_floor":["M","?","M","?","?","R","M","M","T","?","E","$","E","M","R","B",null,"M","M","$","M","M"],"character_chosen":"IRONCLAD","items_purchased":["Immolate","Medical Kit"],"campfire_rested":0,"item_purchase_floors":[12,20],"current_hp_per_floor":[71,71,76,65,54,54,59,63,63,63,43,43,42,48,48,12,65,69,55,55,54,0],"gold":34,"neow_bonus":"TEN_PERCENT_HP_BONUS","is_prod":false,"is_daily":false,"chose_seed":false,"campfire_upgraded":2,"win_rate":0,"timestamp":1570450145,"path_taken":["M","?","M","?","?","R","M","M","T","?","E","$","E","M","R","BOSS","M","M","$","M","M"],"build_version":"2019-07-17","purchased_purges":0,"victory":false,"max_hp_per_floor":[82,82,82,82,82,82,82,82,82,82,82,82,82,82,82,82,82,82,82,82,82,82],"card_choices":[{"not_picked":["Infernal Blade","Heavy Blade"],"picked":"Shrug It Off","floor":1},{"not_picked":["Havoc","Iron Wave"],"picked":"Pommel Strike","floor":3},{"not_picked":["Warcry","Havoc"],"picked":"Shrug It Off","floor":7},{"not_picked":["Ghostly Armor","Dual Wield"],"picked":"Twin Strike","floor":8},{"not_picked":["Clash","Seeing Red"],"picked":"Anger","floor":11},{"not_picked":["Anger","Shrug It Off"],"picked":"Demon Form","floor":13},{"not_picked":["Feel No Pain","Anger"],"picked":"Corruption","floor":14},{"not_picked":["Immolate","Berserk"],"picked":"Impervious","floor":16},{"not_picked":["Clash"],"picked":"SKIP","floor":18},{"not_picked":["Rupture"],"picked":"SKIP","floor":19},{"not_picked":["Iron Wave"],"picked":"SKIP","floor":21}],"player_experience":1155852,"relics_obtained":[{"floor":9,"key":"Nunchaku"},{"floor":11,"key":"Mummified Hand"},{"floor":13,"key":"Centennial Puzzle"}],"event_choices":[{"damage_healed":0,"gold_gain":0,"player_choice":"Ignored","damage_taken":0,"max_hp_gain":0,"max_hp_loss":0,"event_name":"Liars Game","floor":2,"gold_loss":0},{"damage_healed":0,"gold_gain":75,"player_choice":"Gather Gold","damage_taken":11,"max_hp_gain":0,"max_hp_loss":0,"event_name":"World of Goop","floor":4,"gold_loss":0},{"damage_healed":0,"gold_gain":0,"player_choice":"Success","damage_taken":11,"relics_obtained":["Champion Belt"],"max_hp_gain":0,"max_hp_loss":0,"event_name":"Scrap Ooze","floor":5,"gold_loss":0},{"damage_healed":0,"gold_gain":0,"player_choice":"Grow","damage_taken":0,"max_hp_gain":0,"max_hp_loss":0,"event_name":"Living Wall","floor":10,"gold_loss":0,"cards_upgraded":["Twin Strike"]}],"is_beta":false,"boss_relics":[{"not_picked":["White Beast Statue","Black Blood"],"picked":"Busted Crown"}],"items_purged_floors":[],"is_endless":false,"potions_floor_spawned":[7,11,16,18],"killed_by":"Chosen and Byrds","ascension_level":18}