{"gold_per_floor":[109,109,209,227,245,245,256,256,256,256,274,127,146,161,161,257,257,277,202,202,102,121,121,133,8,8,8,22,41,41,41],"floor_reached":31,"playtime":1760,"items_purged":["Strike_B","Defend_B","Strike_B+1"],"score":229,"play_id":"4619ad14-9ea1-4807-9c1b-736c8aac6d9d","local_time":"20181224011407","is_ascension_mode":false,"campfire_choices":[{"data":"Gash","floor":6,"key":"SMITH"},{"data":"Go for the Eyes","floor":8,"key":"SMITH"},{"data":"Defragment","floor":15,"key":"SMITH"},{"data":"Gash","floor":23,"key":"SMITH"},{"data":"Conserve Battery","floor":30,"key":"SMITH"}],"neow_cost":"NONE","seed_source_timestamp":20307913665555,"circlet_count":0,"master_deck":["Defend_B+1","Defend_B","Zap","Dualcast","Gash+1","Go for the Eyes+1","Self Repair","Conserve Battery+1","Defragment+1","Core Surge","Gash+1"],"relics":["Cracked Core","Bronze Scales","Mercury Hourglass","Nuclear Battery","Juzu Bracelet"],"potions_floor_usage":[11,24,29],"damage_taken":[{"damage":0,"enemies":"Cultist","floor":1,"turns":4},{"damage":5,"enemies":"Small Slimes","floor":4,"turns":3},{"damage":1,"enemies":"2 Louse","floor":5,"turns":3},{"damage":15,"enemies":"Exordium Wildlife","floor":7,"turns":4},{"damage":9,"enemies":"Blue Slaver","floor":11,"turns":2},{"damage":7,"enemies":"3 Louse","floor":13,"turns":3},{"damage":0,"enemies":"Gremlin Gang","floor":14,"turns":3},{"damage":9,"enemies":"Hexaghost","floor":16,"turns":9},{"damage":13,"enemies":"3 Byrds","floor":18,"turns":3},{"damage":10,"enemies":"Shell Parasite","floor":22,"turns":5},{"damage":29,"enemies":"Centurion and Healer","floor":24,"turns":6},{"damage":8,"enemies":"Snake Plant","floor":28,"turns":3},{"damage":2,"enemies":"Cultist and Chosen","floor":29,"turns":4},{"damage":49,"enemies":"Slavers","floor":31,"turns":4}],"seed_played":"8414558425342621401","potions_obtained":[{"floor":4,"key":"SteroidPotion"},{"floor":7,"key":"AttackPotion"},{"floor":16,"key":"AttackPotion"},{"floor":24,"key":"PowerPotion"},{"floor":28,"key":"SpeedPotion"}],"is_trial":false,"path_per_floor":["M","?","?","M","M","R","M","R","T","?","M","$","M","M","R","B",null,"M","?","?","$","M","R","M","$","T","?","M","M","R","E"],"character_chosen":"DEFECT","items_purchased":["Defragment"],"campfire_rested":0,"item_purchase_floors":[12],"current_hp_per_floor":[75,68,68,63,62,62,47,47,47,32,30,30,23,30,30,28,75,69,69,69,69,66,66,44,44,44,44,43,48,48,0],"gold":41,"neow_bonus":"REMOVE_CARD","is_prod":false,"is_daily":false,"chose_seed":false,"campfire_upgraded":5,"win_rate":0,"timestamp":1545610447,"path_taken":["M","?","?","M","?","R","M","R","T","?","M","$","M","M","R","BOSS","M","?","?","$","M","R","M","$","T","?","M","M","R","E"],"build_version":"2018-12-20","purchased_purges":3,"victory":false,"max_hp_per_floor":[75,75,75,75,75,75,75,75,75,75,75,75,75,75,75,75,75,75,75,75,75,75,75,75,75,75,75,75,75,75,75],"card_choices":[{"not_picked":["Beam Cell","Leap"],"picked":"Gash","floor":1},{"not_picked":["Cold Snap","Hyperbeam"],"picked":"Stack","floor":4},{"not_picked":["Storm","Sweeping Beam"],"picked":"Go for the Eyes","floor":5},{"not_picked":["Double Energy","Recycle"],"picked":"Self Repair","floor":7},{"not_picked":["Rebound","Beam Cell"],"picked":"Conserve Battery","floor":11},{"not_picked":["Stack","Go for the Eyes","Redo"],"picked":"SKIP","floor":13},{"not_picked":["Rebound","Conserve Battery","Compile Driver"],"picked":"SKIP","floor":14},{"not_picked":["Biased Cognition","Thunder Strike"],"picked":"Core Surge","floor":16},{"not_picked":["Redo","Chaos","Sweeping Beam"],"picked":"SKIP","floor":18},{"not_picked":["Turbo","Barrage"],"picked":"Gash","floor":22},{"not_picked":["Steam","Redo","Conserve Battery"],"picked":"SKIP","floor":24},{"not_picked":["Chaos","Redo","Go for the Eyes+1"],"picked":"SKIP","floor":28},{"not_picked":["Chaos","Redo","Go for the Eyes+1"],"picked":"SKIP","floor":28},{"not_picked":["Ball Lightning","Rip and Tear","Redo"],"picked":"SKIP","floor":29}],"player_experience":348225,"relics_obtained":[{"floor":9,"key":"Mercury Hourglass"},{"floor":26,"key":"Juzu Bracelet"}],"event_choices":[{"damage_healed":0,"gold_gain":0,"player_choice":"Success","damage_taken":7,"relics_obtained":["Bronze Scales"],"max_hp_gain":0,"max_hp_loss":0,"event_name":"Scrap Ooze","floor":2,"gold_loss":0},{"damage_healed":0,"gold_gain":100,"player_choice":"Pray","damage_taken":0,"max_hp_gain":0,"max_hp_loss":0,"event_name":"Golden Shrine","floor":3,"gold_loss":0},{"damage_healed":0,"gold_gain":0,"player_choice":"Entered Light","damage_taken":15,"max_hp_gain":0,"max_hp_loss":0,"event_name":"Shining Light","floor":10,"gold_loss":0,"cards_upgraded":["Defend_B","Strike_B"]},{"cards_removed":["Strike_B"],"damage_healed":0,"gold_gain":0,"player_choice":"Gave Gold","damage_taken":0,"max_hp_gain":0,"max_hp_loss":0,"event_name":"Beggar","floor":19,"gold_loss":75},{"cards_removed":["Defend_B"],"damage_healed":0,"gold_gain":0,"player_choice":"Elegance","damage_taken":0,"max_hp_gain":0,"max_hp_loss":0,"event_name":"Back to Basics","floor":20,"gold_loss":0},{"cards_removed":["Stack"],"damage_healed":0,"gold_gain":0,"player_choice":"Card Removal","damage_taken":0,"max_hp_gain":0,"max_hp_loss":0,"event_name":"Wheel of Change","floor":27,"gold_loss":0}],"is_beta":false,"boss_relics":[{"not_picked":["Sozu","FrozenCore"],"picked":"Nuclear Battery"}],"items_purged_floors":[12,21,25],"is_endless":false,"potions_floor_spawned":[4,7,16,24,28],"killed_by":"Slavers","ascension_level":0}