{"gold_per_floor":[111,111,129,32,32,63,75,98,133,145,157,194,206,235,247,358,370,370,370,370,370,370,370],"floor_reached":23,"playtime":696,"items_purged":[],"score":283,"play_id":"20e1f135-3721-40a0-b241-131200669cd1","local_time":"20190928215522","is_ascension_mode":true,"campfire_choices":[{"data":"Whirlwind","floor":7.0,"key":"SMITH"},{"data":"Body Slam","floor":10.0,"key":"SMITH"},{"data":"Shrug It Off","floor":15,"key":"SMITH"}],"neow_cost":"NONE","seed_source_timestamp":535050996699800,"circlet_count":0,"master_deck":["Strike_R","Strike_R","Strike_R","Strike_R","Strike_R","Defend_R","Defend_R","Defend_R","Defend_R","Bash","Twin Strike+1","Iron Wave","Dramatic Entrance","Whirlwind+1","Body Slam+1","Shrug It Off+1","Disarm","Barricade","Pommel Strike+1","Disarm","Armaments","Flame Barrier"],"special_seed":0,"relics":["Burning Blood","NeowsBlessing","MawBank","Vajra","Ice Cream","Unceasing Top","Ectoplasm"],"potions_floor_usage":[23,23],"damage_taken":[{"damage":0.0,"enemies":"Small Slimes","floor":1.0,"turns":1.0},{"damage":0.0,"enemies":"Cultist","floor":3.0,"turns":1.0},{"damage":0.0,"enemies":"Gremlin Nob","floor":6.0,"turns":1.0},{"damage":7.0,"enemies":"Jaw Worm","floor":8.0,"turns":2.0},{"damage":10,"enemies":"3 Sentries","floor":12,"turns":3},{"damage":1,"enemies":"2 Fungi Beasts","floor":14,"turns":2},{"damage":39,"enemies":"The Guardian","floor":16,"turns":12},{"damage":12,"enemies":"Shell Parasite","floor":18,"turns":4},{"damage":3,"enemies":"Chosen","floor":20,"turns":3},{"damage":25,"enemies":"Snecko","floor":21,"turns":5},{"damage":27,"enemies":"Centurion and Healer","floor":22,"turns":4},{"damage":31,"enemies":"Gremlin Leader","floor":23,"turns":6}],"seed_played":"-1517693044610763903","potions_obtained":[{"floor":6.0,"key":"Fire Potion"},{"floor":8.0,"key":"Block Potion"},{"floor":14,"key":"Energy Potion"},{"floor":16,"key":"Strength Potion"}],"is_trial":false,"path_per_floor":["M","$","M","$","?","E","R","M","T","R","?","E","?","M","R","B",null,"M","$","M","M","M","E"],"character_chosen":"IRONCLAD","items_purchased":["Dramatic Entrance"],"campfire_rested":0,"item_purchase_floors":[4],"current_hp_per_floor":[80,80,80,80,80,80,80,79,79,79,79,75,75,80,80,47,72,66,66,69,50,29,0],"gold":370,"neow_bonus":"THREE_ENEMY_KILL","is_prod":false,"is_daily":false,"chose_seed":false,"campfire_upgraded":3,"win_rate":0,"timestamp":1569675322,"path_taken":["M","$","M","$","?","E","R","?","T","R","?","E","?","M","R","BOSS","M","$","M","M","M","E"],"build_version":"2019-07-17","purchased_purges":0,"victory":false,"max_hp_per_floor":[80,80,80,80,80,80,80,80,80,80,80,80,80,80,80,80,80,80,80,80,80,80,80],"card_choices":[{"not_picked":["Havoc","Second Wind"],"picked":"Twin Strike","floor":1.0},{"not_picked":["Fire Breathing","Hemokinesis"],"picked":"Iron Wave","floor":3.0},{"not_picked":["Anger","Shrug It Off"],"picked":"Whirlwind","floor":6.0},{"not_picked":["Iron Wave","Havoc"],"picked":"Body Slam","floor":8.0},{"not_picked":["Immolate","Perfected Strike"],"picked":"Shrug It Off","floor":12},{"not_picked":["Sword Boomerang","Havoc"],"picked":"Disarm","floor":14},{"not_picked":["Feed","Double Tap"],"picked":"Barricade","floor":16},{"not_picked":["Iron Wave","Wild Strike+1"],"picked":"Pommel Strike+1","floor":18},{"not_picked":["Anger","Iron Wave"],"picked":"Disarm","floor":20},{"not_picked":["Uppercut","Twin Strike"],"picked":"Armaments","floor":21},{"not_picked":["Warcry","Flex"],"picked":"Flame Barrier","floor":22}],"player_experience":517786,"relics_obtained":[{"floor":6.0,"key":"MawBank"},{"floor":9.0,"key":"Vajra"},{"floor":12,"key":"Ice Cream"}],"event_choices":[{"damage_healed":0.0,"max_hp_gain":0.0,"max_hp_loss":0.0,"gold_gain":0.0,"event_name":"Accursed Blacksmith","player_choice":"Forge","floor":5.0,"gold_loss":0.0,"damage_taken":0.0,"cards_upgraded":["Twin Strike"]},{"damage_healed":0,"gold_gain":0,"player_choice":"Searched \u00270\u0027 times","damage_taken":0,"max_hp_gain":0,"max_hp_loss":0,"event_name":"Dead Adventurer","floor":11,"gold_loss":0},{"damage_healed":0,"gold_gain":0,"player_choice":"Gave Potion","damage_taken":0,"relics_obtained":["Unceasing Top"],"max_hp_gain":0,"max_hp_loss":0,"event_name":"WeMeetAgain","floor":13,"gold_loss":0}],"is_beta":false,"boss_relics":[{"not_picked":["Runic Dome","Busted Crown"],"picked":"Ectoplasm"}],"items_purged_floors":[],"is_endless":false,"potions_floor_spawned":[6,8,14,16,20,21,22],"killed_by":"Gremlin Leader","ascension_level":5}