{"gold_per_floor":[111,111,127,52,66,78,78,98,122,122,142,160,60,60,60,164,164,178,191,211,244,244,244,256,256,256,82,82],"floor_reached":28,"playtime":1545,"items_purged":["Strike_B","Strike_B","Strike_B"],"score":212,"play_id":"46b9c2eb-c591-405f-a626-36fd871b77f6","local_time":"20180624003526","is_ascension_mode":false,"campfire_choices":[{"data":"Streamline","floor":7,"key":"SMITH"},{"data":"Darkness","floor":10,"key":"SMITH"},{"data":"Dualcast","floor":15,"key":"SMITH"},{"data":"Redo","floor":23,"key":"SMITH"},{"floor":25,"key":"REST"}],"neow_cost":"NONE","seed_source_timestamp":40419580074295,"circlet_count":0,"master_deck":["Strike_B","Defend_B","Defend_B","Defend_B","Defend_B+1","Zap+1","Dualcast+1","Core Surge","Rebound","Streamline+1","Darkness+1","Seek","Redo+1","Defragment","Redo"],"relics":["Cracked Core","Potion Belt","Runic Pyramid","Red Mask","Shovel"],"potions_floor_usage":[8,24,24],"damage_taken":[{"damage":0,"enemies":"2 Louse","floor":1,"turns":1},{"damage":0,"enemies":"Small Slimes","floor":3,"turns":2},{"damage":3,"enemies":"Jaw Worm","floor":5,"turns":2},{"damage":6,"enemies":"Exordium Wildlife","floor":6,"turns":2},{"damage":1,"enemies":"2 Fungi Beasts","floor":8,"turns":2},{"damage":10,"enemies":"Exordium Thugs","floor":11,"turns":4},{"damage":6,"enemies":"3 Louse","floor":12,"turns":3},{"damage":16,"enemies":"The Guardian","floor":16,"turns":8},{"damage":14,"enemies":"Shell Parasite","floor":18,"turns":4},{"damage":2,"enemies":"Chosen","floor":19,"turns":3},{"damage":16,"enemies":"Snake Plant","floor":20,"turns":3},{"damage":28,"floor":21,"turns":4},{"damage":10,"enemies":"Sentry and Sphere","floor":24,"turns":4},{"damage":36,"enemies":"Book of Stabbing","floor":28,"turns":4}],"seed_played":"7340665808212662926","potions_obtained":[{"floor":5,"key":"SteroidPotion"},{"floor":6,"key":"AttackPotion"},{"floor":12,"key":"GamblersBrew"},{"floor":16,"key":"Explosive Potion"},{"floor":19,"key":"Poison Potion"},{"floor":21,"key":"Energy Potion"},{"floor":22,"key":"Swift Potion"},{"floor":22,"key":"FocusPotion"}],"is_trial":false,"path_per_floor":["M","?","M","$","M","M","R","M","T","R","M","M","$","?","R","B",null,"M","M","M","?","?","R","M","R","T","$"],"character_chosen":"DEFECT","items_purchased":["Redo"],"campfire_rested":1,"item_purchase_floors":[27],"current_hp_per_floor":[75,60,60,60,57,51,51,50,50,50,40,34,34,39,39,23,80,66,64,48,20,20,20,10,34,34,34,0],"gold":82,"neow_bonus":"ONE_RANDOM_RARE_CARD","is_prod":false,"is_daily":false,"chose_seed":false,"campfire_upgraded":4,"win_rate":0,"timestamp":1529793326,"path_taken":["M","?","M","$","M","M","R","M","T","R","M","M","$","?","R","BOSS","M","M","M","?","?","R","M","R","T","$","E"],"build_version":"2018-06-21v2","purchased_purges":3,"victory":false,"max_hp_per_floor":[75,75,75,75,75,75,75,75,75,75,75,75,75,80,80,80,80,80,80,80,80,80,80,80,80,80,80,80],"card_choices":[{"not_picked":["Barrage","Cold Snap","Turbo"],"picked":"SKIP","floor":1},{"not_picked":["Compile Driver","Streamline"],"picked":"Rebound","floor":3},{"not_picked":["Loop","Leap","Double Energy"],"picked":"SKIP","floor":5},{"not_picked":["Coolheaded","Rebound"],"picked":"Streamline","floor":6},{"not_picked":["Tempest","Compile Driver"],"picked":"Darkness","floor":8},{"not_picked":["Stack","Go for the Eyes","Cold Snap"],"picked":"SKIP","floor":11},{"not_picked":["Meteor Strike","Conserve Battery","Sweeping Beam"],"picked":"SKIP","floor":12},{"not_picked":["Fission","Electrodynamics"],"picked":"Seek","floor":16},{"not_picked":["Ball Lightning","Sunder","Stack+1"],"picked":"SKIP","floor":18},{"not_picked":["Genetic Algorithm","Compile Driver","Rebound+1"],"picked":"SKIP","floor":19},{"not_picked":["Skim+1","Reprogram"],"picked":"Redo","floor":20},{"not_picked":["Seek","Hologram"],"picked":"Defragment","floor":21},{"not_picked":["Beam Cell","Defragment","Ball Lightning+1"],"picked":"SKIP","floor":24}],"player_experience":257915,"relics_obtained":[{"floor":9,"key":"Potion Belt"},{"floor":21,"key":"Red Mask"},{"floor":26,"key":"Shovel"}],"event_choices":[{"event_name":"Shining Light","player_choice":"Entered Light","floor":2,"damage_taken":0},{"event_name":"Big Fish","player_choice":"Donut","floor":14,"damage_taken":0},{"event_name":"Masked Bandits","player_choice":"Fought over 211 gold","floor":21,"damage_taken":0},{"event_name":"The Lab","player_choice":"Got Potions","floor":22,"damage_taken":0}],"boss_relics":[{"not_picked":["Runic Dome","Philosopher\u0027s Stone"],"picked":"Runic Pyramid"}],"items_purged_floors":[4,13,27],"is_endless":false,"potions_floor_spawned":[5,6,12,16,19,21],"killed_by":"Book of Stabbing","ascension_level":0}