{"gold_per_floor":[210,224,244,244,268,304,304,320,368,16,37,68,68,87,87,210,210,235,235,253,253,213,246,246,266,266,287,307,307,330,371,371,499,499,519,535,555,568,33,33,72,72,72,85,109,123,73,96,96,96,96,96,26,66,66],"floor_reached":55,"playtime":7195,"items_purged":["Strike_G","Strike_G","Strike_G"],"score":757,"play_id":"b95ac31e-1bd6-4cf5-8a24-5dc1c522a0a7","local_time":"20190917011603","is_ascension_mode":false,"campfire_choices":[{"data":"Neutralize","floor":7.0,"key":"SMITH"},{"data":"Well Laid Plans","floor":13.0,"key":"SMITH"},{"data":"Survivor","floor":15.0,"key":"SMITH"},{"floor":24.0,"key":"RECALL"},{"data":"Noxious Fumes","floor":29.0,"key":"SMITH"},{"data":"Dodge and Roll","floor":32.0,"key":"SMITH"},{"data":"Tactician","floor":40.0,"key":"SMITH"},{"data":"Adrenaline","floor":42.0,"key":"SMITH"},{"floor":49.0,"key":"REST"},{"data":"Deflect","floor":52.0,"key":"SMITH"}],"neow_cost":"NONE","seed_source_timestamp":250542482655900,"circlet_count":0,"master_deck":["Defend_G","Defend_G","Defend_G","Defend_G","Defend_G+1","Survivor+1","Neutralize+1","PiercingWail","Dagger Throw","Dagger Throw","Endless Agony+1","All Out Attack","Quick Slash+1","Well Laid Plans+1","Finesse","Dagger Spray","Slice","Slice","After Image+1","Acrobatics+1","Flying Knee+1","Sucker Punch","Choke","Deflect+1","Doppelganger","Well Laid Plans+1","Noxious Fumes+1","Tactician+1","Dodge and Roll+1","Adrenaline+1","Noxious Fumes+1","Tactician+1","Concentrate","Prepared+1","Infinite Blades","Noxious Fumes","Cloak And Dagger+1","Catalyst"],"special_seed":0,"relics":["Ring of the Serpent","Golden Idol","Vajra","Whetstone","Oddly Smooth Stone","Ornamental Fan","Strawberry","Ginger","Smiling Mask","WristBlade","Snake Skull","Paper Crane","Boot","Happy Flower"],"potions_floor_usage":[55,55],"damage_taken":[{"damage":4.0,"enemies":"Jaw Worm","floor":1.0,"turns":6.0},{"damage":0.0,"enemies":"Small Slimes","floor":2.0,"turns":5.0},{"damage":0.0,"enemies":"Cultist","floor":3.0,"turns":4.0},{"damage":0.0,"enemies":"Exordium Wildlife","floor":5.0,"turns":4.0},{"damage":1.0,"enemies":"Gremlin Nob","floor":6.0,"turns":3.0},{"damage":2.0,"enemies":"Exordium Thugs","floor":8.0,"turns":5.0},{"damage":0.0,"enemies":"2 Fungi Beasts","floor":11.0,"turns":3.0},{"damage":14.0,"enemies":"Lagavulin","floor":12.0,"turns":6.0},{"damage":0.0,"enemies":"Exordium Wildlife","floor":14.0,"turns":3.0},{"damage":6.0,"enemies":"The Guardian","floor":16.0,"turns":12.0},{"damage":6.0,"enemies":"2 Thieves","floor":18.0,"turns":3.0},{"damage":0.0,"enemies":"3 Byrds","floor":20.0,"turns":5.0},{"damage":4.0,"enemies":"Gremlin Leader","floor":23.0,"turns":8.0},{"damage":0.0,"enemies":"Snecko","floor":25.0,"turns":5.0},{"damage":1.0,"enemies":"Sentry and Sphere","floor":27.0,"turns":5.0},{"damage":0.0,"enemies":"Snake Plant","floor":28.0,"turns":5.0},{"damage":0.0,"enemies":"Snecko","floor":30.0,"turns":6.0},{"damage":7.0,"enemies":"Book of Stabbing","floor":31.0,"turns":6.0},{"damage":44.0,"enemies":"Automaton","floor":33.0,"turns":13.0},{"damage":0.0,"enemies":"3 Shapes","floor":35.0,"turns":4.0},{"damage":9.0,"enemies":"3 Darklings","floor":36.0,"turns":4.0},{"damage":0.0,"enemies":"Maw","floor":37.0,"turns":8.0},{"damage":25.0,"enemies":"Transient","floor":38.0,"turns":5.0},{"damage":4.0,"enemies":"Reptomancer","floor":41.0,"turns":10.0},{"damage":9.0,"enemies":"Jaw Worm Horde","floor":44.0,"turns":4.0},{"damage":5.0,"enemies":"Sphere and 2 Shapes","floor":45.0,"turns":5.0},{"damage":0.0,"enemies":"Maw","floor":46.0,"turns":6.0},{"damage":0.0,"enemies":"Spire Growth","floor":48.0,"turns":5.0},{"damage":35.0,"enemies":"Awakened One","floor":50.0,"turns":14.0},{"damage":29.0,"enemies":"Shield and Spear","floor":54.0,"turns":7.0},{"damage":43,"enemies":"The Heart","floor":55,"turns":9}],"seed_played":"4097421152237362666","potions_obtained":[{"floor":2.0,"key":"Ancient Potion"},{"floor":3.0,"key":"FearPotion"},{"floor":5.0,"key":"Energy Potion"},{"floor":6.0,"key":"Regen Potion"},{"floor":31.0,"key":"Block Potion"},{"floor":37.0,"key":"LiquidBronze"},{"floor":38.0,"key":"EssenceOfSteel"},{"floor":54.0,"key":"AttackPotion"}],"is_trial":false,"path_per_floor":["M","M","M","?","M","E","R","M","T","$","M","E","R","M","R","B",null,"M","?","M","?","?","E","R","M","T","M","M","R","M","E","R","B",null,"M","M","M","M","$","R","E","R","T","M","M","M","$","M","R","B",null,"R","$","E","B"],"character_chosen":"THE_SILENT","items_purchased":["Oddly Smooth Stone","Well Laid Plans","Finesse","Snake Skull","Paper Crane","Infinite Blades","Catalyst"],"campfire_rested":1,"item_purchase_floors":[10,10,10,39,39,39,53],"current_hp_per_floor":[66,66,66,65,65,64,64,62,62,62,62,48,48,48,48,42,65,59,59,59,59,59,62,62,62,62,61,61,61,72,65,65,21,72,72,63,63,38,38,38,34,34,34,25,20,20,20,20,41,6,72,72,72,43,0],"gold":66,"neow_bonus":"HUNDRED_GOLD","is_prod":false,"is_daily":false,"chose_seed":false,"campfire_upgraded":8,"win_rate":0,"timestamp":1568650563,"path_taken":["M","M","M","?","M","E","R","M","T","$","M","E","R","M","R","BOSS","M","?","M","?","?","E","R","M","T","M","M","R","M","E","R","BOSS","M","M","M","M","$","R","E","R","T","?","M","M","$","M","R","BOSS","R","$","E","BOSS"],"build_version":"2019-07-17","purchased_purges":3,"victory":false,"max_hp_per_floor":[70,70,70,65,65,65,65,65,65,65,65,65,65,65,65,65,65,65,65,65,65,65,72,72,72,72,72,72,72,72,72,72,72,72,72,72,72,72,72,72,72,72,72,72,72,72,72,72,72,72,72,72,72,72,72],"card_choices":[{"not_picked":["Slice","Finisher"],"picked":"PiercingWail","floor":1.0},{"not_picked":["Skewer","Flying Knee"],"picked":"Dagger Throw","floor":2.0},{"not_picked":["PiercingWail","Concentrate"],"picked":"Dagger Throw","floor":3.0},{"not_picked":["Distraction","Setup"],"picked":"Endless Agony","floor":5.0},{"not_picked":["Deadly Poison","Reflex"],"picked":"All Out Attack","floor":6.0},{"not_picked":["PiercingWail","Predator"],"picked":"Quick Slash","floor":8.0},{"not_picked":["Expertise","Backflip"],"picked":"Dagger Spray","floor":11.0},{"not_picked":["Crippling Poison","Well Laid Plans"],"picked":"Slice","floor":12.0},{"not_picked":["Sucker Punch","Poisoned Stab"],"picked":"Slice","floor":14.0},{"not_picked":["Glass Knife","Bullet Time"],"picked":"After Image","floor":16.0},{"not_picked":["Backstab","Dagger Spray+1"],"picked":"Acrobatics+1","floor":18.0},{"not_picked":["Poisoned Stab","Backstab"],"picked":"Flying Knee+1","floor":20.0},{"not_picked":["Sucker Punch","Expertise"],"picked":"Deflect","floor":23.0},{"not_picked":["Skewer","Quick Slash+1"],"picked":"Doppelganger","floor":25.0},{"not_picked":["Flying Knee+1","Deflect"],"picked":"Well Laid Plans+1","floor":27.0},{"not_picked":["Dodge and Roll","Sucker Punch"],"picked":"Noxious Fumes","floor":28.0},{"not_picked":["Cloak And Dagger","Sucker Punch"],"picked":"Tactician","floor":30.0},{"not_picked":["Prepared","Dagger Throw+1"],"picked":"Dodge and Roll","floor":31.0},{"not_picked":["Grand Finale","Wraith Form v2"],"picked":"Adrenaline","floor":33.0},{"not_picked":["Deadly Poison+1","Bane"],"picked":"Noxious Fumes+1","floor":35.0},{"not_picked":["Slice","Underhanded Strike"],"picked":"Tactician+1","floor":36.0},{"not_picked":["Deflect","Acrobatics"],"picked":"Concentrate","floor":37.0},{"not_picked":["Poisoned Stab+1","Slice+1"],"picked":"Prepared+1","floor":38.0},{"not_picked":["Masterful Stab","Well Laid Plans","Expertise+1"],"picked":"SKIP","floor":41.0},{"not_picked":["Slice+1","Dagger Throw"],"picked":"Noxious Fumes","floor":44.0},{"not_picked":["Bane","Dagger Spray+1","Dagger Throw"],"picked":"SKIP","floor":45.0},{"not_picked":["Flying Knee+1","Underhanded Strike+1"],"picked":"Cloak And Dagger+1","floor":46.0},{"not_picked":["Concentrate","Storm of Steel","PiercingWail"],"picked":"SKIP","floor":48.0},{"not_picked":["Dagger Spray","Crippling Poison","Flying Knee+1"],"picked":"SKIP","floor":54.0}],"player_experience":365113,"relics_obtained":[{"floor":6.0,"key":"Vajra"},{"floor":9.0,"key":"Whetstone"},{"floor":12.0,"key":"Ornamental Fan"},{"floor":23.0,"key":"Strawberry"},{"floor":26.0,"key":"Ginger"},{"floor":31.0,"key":"Smiling Mask"},{"floor":41.0,"key":"Boot"},{"floor":54.0,"key":"Happy Flower"}],"event_choices":[{"damage_healed":0.0,"max_hp_gain":0.0,"max_hp_loss":5.0,"gold_gain":0.0,"event_name":"Golden Idol","player_choice":"Lose Max HP","floor":4.0,"gold_loss":0.0,"damage_taken":0.0,"relics_obtained":["Golden Idol"]},{"damage_healed":0.0,"max_hp_gain":0.0,"max_hp_loss":0.0,"gold_gain":0.0,"event_name":"Vampires","player_choice":"Ignored","floor":19.0,"gold_loss":0.0,"damage_taken":0.0},{"damage_healed":0.0,"max_hp_gain":0.0,"max_hp_loss":0.0,"gold_gain":0.0,"cards_transformed":["Strike_G","Strike_G"],"event_name":"Drug Dealer","player_choice":"Became Test Subject","floor":21.0,"gold_loss":0.0,"damage_taken":0.0,"cards_obtained":["Sucker Punch","Choke"]},{"damage_healed":0.0,"max_hp_gain":0.0,"max_hp_loss":0.0,"gold_gain":0.0,"event_name":"Designer","player_choice":"Upgraded Two","floor":22.0,"gold_loss":40.0,"damage_taken":0.0,"cards_upgraded":["Defend_G","After Image"]}],"is_beta":false,"boss_relics":[{"not_picked":["Empty Cage","Runic Dome"],"picked":"Ring of the Serpent"},{"not_picked":["Astrolabe","Philosopher\u0027s Stone"],"picked":"WristBlade"}],"items_purged_floors":[10,39,47],"is_endless":false,"potions_floor_spawned":[2,3,5,6,8,20,25,28,31,36,37,38,54],"killed_by":"The Heart","ascension_level":0}