{"gold_per_floor":[111,72,72,72,92,123,123,149,149,135,174,201,213,225,237,351,363,385,415,427,454,486,498,539,569,581,611,638,650,697,721,733,745],"floor_reached":33,"playtime":1885,"items_purged":[],"score":423,"play_id":"bc89efc5-4cd9-4bf8-8218-95c5c32a356d","local_time":"20190111200244","is_ascension_mode":true,"campfire_choices":[{"data":"Neutralize","floor":7.0,"key":"SMITH"},{"floor":13.0,"key":"REST"},{"data":"Crippling Poison","floor":15.0,"key":"SMITH"},{"data":"Bouncing Flask","floor":23.0,"key":"SMITH"},{"floor":29.0,"key":"REST"},{"floor":32,"key":"REST"}],"neow_cost":"NONE","seed_source_timestamp":0,"circlet_count":0,"master_deck":["Defend_G","Defend_G","Defend_G","Defend_G","Survivor","Neutralize+1","Backstab","Caltrops","Bouncing Flask+1","Crippling Poison+1","Malaise","Caltrops","Bite","Bite","Bite","Bite","Bite","Crippling Poison"],"special_seed":0,"relics":["Ring of the Snake","NeowsBlessing","Pear","The Courier","MawBank","Strawberry","Busted Crown","Happy Flower","Bottled Flame","Bottled Tornado"],"potions_floor_usage":[33],"damage_taken":[{"damage":0.0,"enemies":"Cultist","floor":1.0,"turns":1.0},{"damage":0.0,"enemies":"2 Louse","floor":5.0,"turns":1.0},{"damage":0.0,"enemies":"Gremlin Nob","floor":6.0,"turns":1.0},{"damage":30.0,"enemies":"Lagavulin","floor":8.0,"turns":6.0},{"damage":23.0,"enemies":"3 Sentries","floor":11.0,"turns":10.0},{"damage":1.0,"enemies":"Small Slimes","floor":12.0,"turns":3.0},{"damage":13.0,"enemies":"The Guardian","floor":16.0,"turns":10.0},{"damage":10.0,"enemies":"Chosen","floor":18.0,"turns":6.0},{"damage":11.0,"enemies":"Shell Parasite","floor":19.0,"turns":5.0},{"damage":13.0,"enemies":"Snake Plant","floor":21.0,"turns":4.0},{"damage":22.0,"enemies":"Centurion and Healer","floor":22.0,"turns":6.0},{"damage":30.0,"enemies":"Book of Stabbing","floor":24.0,"turns":5.0},{"damage":5.0,"enemies":"Chosen and Byrds","floor":25.0,"turns":6.0},{"damage":12.0,"enemies":"Snake Plant","floor":27.0,"turns":3.0},{"damage":27.0,"enemies":"Sentry and Sphere","floor":28.0,"turns":5.0},{"damage":37.0,"enemies":"Gremlin Leader","floor":30.0,"turns":6.0},{"damage":19,"enemies":"Shelled Parasite and Fungi","floor":31,"turns":6},{"damage":55,"enemies":"Automaton","floor":33,"turns":6}],"seed_played":"4128280843408770686","potions_obtained":[{"floor":1.0,"key":"FearPotion"},{"floor":12.0,"key":"Ancient Potion"},{"floor":16.0,"key":"FearPotion"},{"floor":18.0,"key":"Fire Potion"},{"floor":21.0,"key":"PowerPotion"},{"floor":24.0,"key":"Block Potion"},{"floor":27.0,"key":"Strength Potion"}],"is_trial":false,"path_per_floor":["M","$","?","?","M","E","R","E","T","?","E","M","R","?","R","B",null,"M","M","?","M","M","R","E","M","T","M","M","R","E","M","R","B"],"character_chosen":"THE_SILENT","items_purchased":["Caltrops"],"campfire_rested":3,"item_purchase_floors":[2],"current_hp_per_floor":[70,70,63,63,63,73,73,43,43,43,27,26,52,52,52,39,87,77,66,60,51,51,51,29,36,36,30,15,33,12,13,31,0],"gold":745,"neow_bonus":"THREE_ENEMY_KILL","is_prod":false,"is_daily":false,"chose_seed":false,"campfire_upgraded":3,"win_rate":0,"timestamp":1547204564,"path_taken":["M","$","?","?","?","E","R","E","T","?","E","M","R","?","R","BOSS","M","?","?","M","M","R","E","M","T","M","M","R","E","M","R","BOSS"],"build_version":"2019-01-10","purchased_purges":0,"victory":false,"max_hp_per_floor":[70,70,70,70,70,80,80,80,80,80,87,87,87,87,87,87,87,87,87,60,60,60,60,60,60,60,60,60,60,60,60,60,60],"card_choices":[{"not_picked":["Predator","Deadly Poison"],"picked":"Backstab","floor":1.0},{"not_picked":["Accuracy","Sucker Punch","Expertise"],"picked":"SKIP","floor":5.0},{"not_picked":["Prepared","Concentrate","Dodge and Roll"],"picked":"SKIP","floor":6.0},{"not_picked":["Flying Knee","Deflect"],"picked":"Crippling Poison","floor":8.0},{"not_picked":["Dagger Spray","Grand Finale","Poisoned Stab"],"picked":"SKIP","floor":11.0},{"not_picked":["Bane","Poisoned Stab","Accuracy"],"picked":"SKIP","floor":12.0},{"not_picked":["After Image","Unload"],"picked":"Malaise","floor":16.0},{"not_picked":[],"picked":"Caltrops","floor":18.0},{"not_picked":["Dash"],"picked":"SKIP","floor":19.0},{"not_picked":["Cloak And Dagger"],"picked":"SKIP","floor":21.0},{"not_picked":[],"picked":"Crippling Poison","floor":22.0},{"not_picked":["Cloak And Dagger"],"picked":"SKIP","floor":24.0},{"not_picked":["Underhanded Strike"],"picked":"SKIP","floor":25.0},{"not_picked":["Sucker Punch+1"],"picked":"SKIP","floor":27.0},{"not_picked":["Quick Slash"],"picked":"SKIP","floor":28.0},{"not_picked":["Riddle With Holes"],"picked":"SKIP","floor":30.0},{"not_picked":["Blade Dance"],"picked":"SKIP","floor":31}],"player_experience":298903,"relics_obtained":[{"floor":6.0,"key":"Pear"},{"floor":8.0,"key":"The Courier"},{"floor":9.0,"key":"MawBank"},{"floor":11.0,"key":"Strawberry"},{"floor":24.0,"key":"Happy Flower"},{"floor":26.0,"key":"Bottled Flame"},{"floor":30.0,"key":"Bottled Tornado"}],"event_choices":[{"cards_removed":["Strike_G"],"damage_healed":0.0,"max_hp_gain":0.0,"max_hp_loss":0.0,"gold_gain":0.0,"event_name":"Golden Wing","player_choice":"Card Removal","floor":3.0,"gold_loss":0.0,"damage_taken":7.0},{"damage_healed":0.0,"max_hp_gain":0.0,"max_hp_loss":0.0,"gold_gain":0.0,"cards_transformed":["Defend_G"],"event_name":"Transmorgrifier","player_choice":"Transformed","floor":4.0,"gold_loss":0.0,"damage_taken":0.0,"cards_obtained":["Bouncing Flask"]},{"damage_healed":0.0,"max_hp_gain":0.0,"max_hp_loss":0.0,"gold_gain":0.0,"event_name":"World of Goop","player_choice":"Left Gold","floor":10.0,"gold_loss":26.0,"damage_taken":0.0},{"cards_removed":["Strike_G"],"damage_healed":0.0,"max_hp_gain":0.0,"max_hp_loss":0.0,"gold_gain":0.0,"event_name":"Purifier","player_choice":"Purged","floor":14.0,"gold_loss":0.0,"damage_taken":0.0},{"damage_healed":0.0,"max_hp_gain":0.0,"max_hp_loss":27.0,"gold_gain":0.0,"event_name":"Vampires","player_choice":"Became a vampire","floor":20.0,"gold_loss":0.0,"damage_taken":0.0,"cards_obtained":["Bite","Bite","Bite","Bite","Bite"]}],"is_beta":false,"boss_relics":[{"not_picked":["Tiny House","HoveringKite"],"picked":"Busted Crown"}],"items_purged_floors":[],"is_endless":false,"potions_floor_spawned":[1,12,16,18,21,24,27,30],"killed_by":"Automaton","ascension_level":4}