{"gold_per_floor":[15,15,26,26,26,26,42,42,42,42,42,72,82,100,100,178,178,189,189,201,42,42,42,42,77,77,77,2,2,2,37,37,37],"floor_reached":33,"playtime":2017,"items_purged":["Regret"],"score":558,"play_id":"0254f6e9-4df1-4185-abc7-fca3a2fa102e","local_time":"20190324110018","is_ascension_mode":true,"campfire_choices":[{"data":"Barricade","floor":6,"key":"SMITH"},{"data":"Seeing Red","floor":8,"key":"SMITH"},{"data":"Body Slam","floor":15,"key":"SMITH"},{"data":"Armaments","floor":23,"key":"SMITH"},{"data":"Rage","floor":27,"key":"SMITH"},{"data":"Impervious","floor":32,"key":"SMITH"}],"neow_cost":"NO_GOLD","seed_source_timestamp":518532826314100,"circlet_count":0,"master_deck":["AscendersBane","Strike_R+1","Strike_R+1","Strike_R+1","Defend_R+1","Defend_R+1","Defend_R+1","Defend_R+1","Bash","Barricade+1","Anger","Seeing Red+1","Twin Strike","Body Slam+1","Iron Wave","Armaments+1","Impervious+1","Rage+1","Feed"],"relics":["Burning Blood","Shuriken","Pantograph","Dodecahedron","Bottled Tornado","Blood Vial","Mark of Pain","Du-Vu Doll","Strawberry","Meat on the Bone"],"potions_floor_usage":[16,25,31],"damage_taken":[{"damage":8,"enemies":"Jaw Worm","floor":1,"turns":6},{"damage":8,"enemies":"Small Slimes","floor":3,"turns":3},{"damage":4,"enemies":"2 Louse","floor":7,"turns":3},{"damage":49,"enemies":"3 Sentries","floor":12,"turns":10},{"damage":6,"enemies":"Large Slime","floor":13,"turns":5},{"damage":19,"enemies":"Looter","floor":14,"turns":4},{"damage":40,"enemies":"Hexaghost","floor":16,"turns":9},{"damage":12,"enemies":"3 Byrds","floor":18,"turns":8},{"damage":2,"enemies":"Spheric Guardian","floor":20,"turns":4},{"damage":36,"enemies":"Slavers","floor":25,"turns":8},{"damage":30,"enemies":"Gremlin Leader","floor":31,"turns":9},{"damage":50,"enemies":"Automaton","floor":33,"turns":12}],"seed_played":"-7758327270134382863","potions_obtained":[{"floor":12,"key":"SteroidPotion"},{"floor":13,"key":"Strength Potion"},{"floor":16,"key":"Fire Potion"}],"is_trial":false,"path_per_floor":["M","?","M","T","?","R","M","R","T","?","T","E","M","M","R","B",null,"M","?","M","$","?","R","$","E","T","R","?","$","?","E","R","B"],"character_chosen":"IRONCLAD","items_purchased":["Rage"],"campfire_rested":0,"item_purchase_floors":[21],"current_hp_per_floor":[66,66,64,64,64,64,66,66,66,66,66,23,25,14,14,7,58,54,54,60,60,60,60,60,32,39,39,39,39,39,17,17,0],"gold":37,"neow_bonus":"THREE_RARE_CARDS","is_prod":false,"is_daily":false,"chose_seed":false,"campfire_upgraded":6,"win_rate":0,"timestamp":1553414418,"path_taken":["M","?","M","?","?","R","M","R","T","?","?","E","?","M","R","BOSS","M","?","M","$","?","R","$","E","T","R","?","?","?","E","R","BOSS"],"build_version":"2019-01-23","purchased_purges":1,"victory":false,"max_hp_per_floor":[75,75,75,75,75,75,75,75,75,75,75,75,75,75,75,75,75,75,75,75,75,75,75,75,75,82,82,82,82,82,82,82,82],"card_choices":[{"not_picked":["Demon Form","Limit Break"],"picked":"Barricade","floor":0},{"not_picked":["Perfected Strike","Havoc"],"picked":"Anger","floor":1},{"not_picked":["Power Through","Wild Strike"],"picked":"Seeing Red","floor":3},{"not_picked":["Spot Weakness","Armaments"],"picked":"Twin Strike","floor":7},{"not_picked":["Iron Wave","Heavy Blade"],"picked":"Body Slam","floor":12},{"not_picked":["Cleave","Burning Pact"],"picked":"Iron Wave","floor":13},{"not_picked":["Warcry","Burning Pact"],"picked":"Armaments","floor":14},{"not_picked":["Brutality","Double Tap"],"picked":"Impervious","floor":16},{"not_picked":["Inflame","Armaments","Anger"],"picked":"SKIP","floor":18},{"not_picked":["Inflame","Armaments","Anger"],"picked":"SKIP","floor":18},{"not_picked":["Anger","Rupture","Corruption"],"picked":"SKIP","floor":20},{"not_picked":["Anger","Rupture","Corruption"],"picked":"SKIP","floor":20},{"not_picked":["Pommel Strike","Perfected Strike","Inflame"],"picked":"SKIP","floor":25},{"not_picked":["Twin Strike","Sword Boomerang","Clash"],"picked":"SKIP","floor":31}],"player_experience":1001477,"relics_obtained":[{"floor":4,"key":"Shuriken"},{"floor":9,"key":"Pantograph"},{"floor":11,"key":"Bottled Tornado"},{"floor":12,"key":"Blood Vial"},{"floor":25,"key":"Du-Vu Doll"},{"floor":26,"key":"Strawberry"},{"floor":31,"key":"Meat on the Bone"}],"event_choices":[{"cards_removed":["Strike_R"],"damage_healed":0,"gold_gain":0,"player_choice":"Forget","damage_taken":0,"max_hp_gain":0,"max_hp_loss":0,"event_name":"Living Wall","floor":2,"gold_loss":0},{"damage_healed":0,"gold_gain":0,"player_choice":"Leave","damage_taken":0,"max_hp_gain":0,"max_hp_loss":0,"event_name":"The Cleric","floor":5,"gold_loss":0},{"damage_healed":0,"gold_gain":0,"player_choice":"Box","damage_taken":0,"relics_obtained":["Dodecahedron"],"max_hp_gain":0,"max_hp_loss":0,"event_name":"Big Fish","floor":10,"gold_loss":0,"cards_obtained":["Regret"]},{"damage_healed":0,"gold_gain":0,"player_choice":"Simplicity","damage_taken":0,"max_hp_gain":0,"max_hp_loss":0,"event_name":"Back to Basics","floor":19,"gold_loss":0,"cards_upgraded":["Strike_R","Strike_R","Strike_R","Strike_R","Defend_R","Defend_R","Defend_R","Defend_R"]},{"cards_removed":["Strike_R"],"damage_healed":0,"gold_gain":0,"player_choice":"Gave Gold","damage_taken":0,"max_hp_gain":0,"max_hp_loss":0,"event_name":"Beggar","floor":28,"gold_loss":75},{"damage_healed":0,"gold_gain":0,"player_choice":"1 cards matched","damage_taken":0,"max_hp_gain":0,"max_hp_loss":0,"event_name":"Match and Keep!","floor":30,"gold_loss":0,"cards_obtained":["Feed"]},{"damage_healed":0,"gold_gain":0,"player_choice":"1 cards matched","damage_taken":0,"max_hp_gain":0,"max_hp_loss":0,"event_name":"Match and Keep!","floor":30,"gold_loss":0,"cards_obtained":["Feed"]}],"is_beta":false,"boss_relics":[{"not_picked":["Ectoplasm","Astrolabe"],"picked":"Mark of Pain"}],"items_purged_floors":[21],"is_endless":false,"potions_floor_spawned":[12,13,16,18,20],"killed_by":"Automaton","ascension_level":20}