{"gold_per_floor":[111,126,6,18,30,30,30,61,61,61,77,94,104,130,130,226,226,244,255,255,283,283,316,316],"floor_reached":24,"playtime":1340,"items_purged":[],"score":262,"play_id":"4a264c24-87be-463f-a56f-c94facaf377a","local_time":"20190804224234","is_ascension_mode":true,"campfire_choices":[{"data":"Lockon","floor":6,"key":"SMITH"},{"floor":10,"key":"REST"},{"data":"Defragment","floor":15,"key":"SMITH"}],"neow_cost":"NONE","seed_source_timestamp":17551635388212,"circlet_count":0,"master_deck":["Strike_B","Strike_B","Defend_B","Defend_B+1","Defend_B","Defend_B","Zap+1","Dualcast","Defragment+1","Tempest+1","Lockon+1","FTL","Go for the Eyes","Steam","Hologram","Conserve Battery","All For One","Doom and Gloom","Steam+1","Gash+1","Necronomicurse","Coolheaded","Machine Learning"],"relics":["Cracked Core","Ginger","Ice Cream","Calipers","Cursed Key","Necronomicon","Red Mask","War Paint"],"potions_floor_usage":[14,16,21,23],"damage_taken":[{"damage":0,"enemies":"2 Louse","floor":1,"turns":1},{"damage":1,"enemies":"Cultist","floor":2,"turns":3},{"damage":0,"enemies":"Small Slimes","floor":4,"turns":2},{"damage":20,"enemies":"Gremlin Gang","floor":5,"turns":3},{"damage":19,"enemies":"Lagavulin","floor":8,"turns":6},{"damage":0,"enemies":"Large Slime","floor":11,"turns":3},{"damage":9,"enemies":"Red Slaver","floor":12,"turns":3},{"damage":1,"enemies":"Blue Slaver","floor":13,"turns":2},{"damage":5,"enemies":"3 Sentries","floor":14,"turns":5},{"damage":22,"enemies":"The Guardian","floor":16,"turns":7},{"damage":0,"enemies":"3 Byrds","floor":18,"turns":4},{"damage":16,"enemies":"2 Thieves","floor":19,"turns":3},{"damage":17,"enemies":"Masked Bandits","floor":21,"turns":3},{"damage":22,"enemies":"Gremlin Leader","floor":23,"turns":4},{"damage":6,"enemies":"Sentry and Sphere","floor":24,"turns":2}],"seed_played":"-863434736843520178","potions_obtained":[{"floor":2,"key":"SteroidPotion"},{"floor":4,"key":"Weak Potion"},{"floor":18,"key":"Dexterity Potion"}],"is_trial":false,"path_per_floor":["M","M","$","M","M","R","?","E","T","R","M","M","M","E","R","B",null,"M","M","?","?","?","E","M"],"character_chosen":"DEFECT","items_purchased":["Lockon","FearPotion"],"campfire_rested":1,"item_purchase_floors":[3,3],"current_hp_per_floor":[75,74,74,74,54,54,54,35,35,57,57,48,47,42,42,20,75,75,59,43,26,26,4,0],"gold":316,"neow_bonus":"UPGRADE_CARD","is_prod":false,"is_daily":false,"chose_seed":false,"campfire_upgraded":2,"win_rate":0,"timestamp":1564951354,"path_taken":["M","M","$","M","M","R","?","E","T","R","?","M","M","E","R","BOSS","M","M","?","?","?","E","M"],"build_version":"2019-07-17","purchased_purges":0,"victory":false,"max_hp_per_floor":[75,75,75,75,75,75,75,75,75,75,75,75,75,75,75,75,75,75,75,75,75,75,75,75],"card_choices":[{"not_picked":["Coolheaded","Double Energy"],"picked":"Defragment","floor":1},{"not_picked":["Coolheaded","Streamline"],"picked":"Tempest","floor":2},{"not_picked":["Force Field","Leap"],"picked":"FTL","floor":4},{"not_picked":["Steam Power","Conserve Battery"],"picked":"Go for the Eyes","floor":5},{"not_picked":["Rebound","White Noise"],"picked":"Hologram","floor":8},{"not_picked":["Reinforced Body","Streamline"],"picked":"Conserve Battery","floor":11},{"not_picked":["Undo","Redo"],"picked":"All For One","floor":12},{"not_picked":["Hello World","Cold Snap","Heatsinks"],"picked":"SKIP","floor":13},{"not_picked":["Steam Power","Barrage"],"picked":"Doom and Gloom","floor":14},{"not_picked":["Stack+1","Storm"],"picked":"Steam+1","floor":18},{"not_picked":["Doom and Gloom","Cold Snap+1"],"picked":"Gash+1","floor":19},{"not_picked":["Beam Cell","Rip and Tear+1"],"picked":"Coolheaded","floor":21},{"not_picked":["FTL","Compile Driver"],"picked":"Machine Learning","floor":23}],"player_experience":717916,"relics_obtained":[{"floor":8,"key":"Ginger"},{"floor":9,"key":"Ice Cream"},{"floor":14,"key":"Calipers"},{"floor":20,"key":"Necronomicon"},{"floor":21,"key":"Red Mask"},{"floor":23,"key":"War Paint"}],"event_choices":[{"damage_healed":0,"gold_gain":0,"cards_transformed":["Strike_B"],"player_choice":"Transformed","damage_taken":0,"max_hp_gain":0,"max_hp_loss":0,"event_name":"Transmorgrifier","floor":7,"gold_loss":0,"cards_obtained":["Steam"]},{"damage_healed":0,"gold_gain":0,"player_choice":"Obtained Book","damage_taken":16,"max_hp_gain":0,"max_hp_loss":0,"event_name":"Cursed Tome","floor":20,"gold_loss":0},{"damage_healed":0,"gold_gain":0,"player_choice":"Fought Bandits","damage_taken":0,"max_hp_gain":0,"max_hp_loss":0,"event_name":"Masked Bandits","floor":21,"gold_loss":0},{"cards_removed":["Strike_B"],"damage_healed":0,"gold_gain":0,"player_choice":"Purged","damage_taken":0,"max_hp_gain":0,"max_hp_loss":0,"event_name":"Purifier","floor":22,"gold_loss":0}],"is_beta":false,"boss_relics":[{"not_picked":["Nuclear Battery","Philosopher\u0027s Stone"],"picked":"Cursed Key"}],"items_purged_floors":[],"is_endless":false,"potions_floor_spawned":[2,4,5,11,18],"killed_by":"Sentry and Sphere","ascension_level":3}