{"gold_per_floor":[114,114,127,202,222,222,247,267,267,301,313,56,56,71,71,171,171,185,201,213,213,213,213,228,228,282,105,125,125,145,177,177,280,280,297,297,311,328,328,328,346,346,346,346,359,359,373,373,373,373],"floor_reached":51,"playtime":5593,"items_purged":["Strike_B","Defend_B"],"score":1075,"play_id":"2228c535-ea34-4eb4-bfa5-96e6f2781ae9","local_time":"20190915202639","is_ascension_mode":true,"campfire_choices":[{"data":"Streamline","floor":6.0,"key":"SMITH"},{"data":"Apotheosis","floor":13.0,"key":"SMITH"},{"floor":15.0,"key":"REST"},{"floor":23.0,"key":"REST"},{"floor":25.0,"key":"REST"},{"floor":32.0,"key":"REST"},{"floor":40,"key":"REST"},{"floor":42,"key":"REST"},{"data":"1","floor":44,"key":"LIFT"},{"data":"2","floor":46,"key":"LIFT"},{"data":"3","floor":49,"key":"LIFT"}],"neow_cost":"NONE","seed_source_timestamp":148742324704600,"circlet_count":0,"master_deck":["AscendersBane","Strike_B","Defend_B","Defend_B","Zap+1","Dualcast+1","Conserve Battery+1","Streamline+1","Cold Snap","Sweeping Beam","Chill","Auto Shields","Leap","Apotheosis+1","Rebound","Buffer","Glacier","Leap","Leap","Conserve Battery","Rebound","Steam","Rainbow","Ball Lightning","BootSequence","Steam","Consume","Steam Power+1","Leap+1","Buffer","Auto Shields+1","Conserve Battery","Stack+1","Hologram"],"special_seed":0,"relics":["Cracked Core","War Paint","Girya","Sundial","Dodecahedron","Runic Pyramid","Dream Catcher","Mercury Hourglass","Inserter","Kunai"],"potions_floor_usage":[37,50],"damage_taken":[{"damage":4.0,"enemies":"Small Slimes","floor":1.0,"turns":3.0},{"damage":1.0,"enemies":"2 Louse","floor":3.0,"turns":3.0},{"damage":0.0,"enemies":"Cultist","floor":5.0,"turns":3.0},{"damage":18.0,"enemies":"3 Sentries","floor":7.0,"turns":7.0},{"damage":0.0,"enemies":"Looter","floor":8.0,"turns":2.0},{"damage":15.0,"enemies":"Lagavulin","floor":10.0,"turns":8.0},{"damage":2.0,"enemies":"3 Louse","floor":11.0,"turns":2.0},{"damage":0.0,"enemies":"Blue Slaver","floor":14.0,"turns":3.0},{"damage":30.0,"enemies":"Slime Boss","floor":16.0,"turns":12.0},{"damage":1.0,"enemies":"Spheric Guardian","floor":18.0,"turns":6.0},{"damage":20.0,"enemies":"3 Byrds","floor":19.0,"turns":7.0},{"damage":4.0,"enemies":"Snecko","floor":20.0,"turns":7.0},{"damage":9.0,"enemies":"Shelled Parasite and Fungi","floor":24.0,"turns":12.0},{"damage":10.0,"enemies":"Centurion and Healer","floor":28.0,"turns":5.0},{"damage":0.0,"enemies":"Snecko","floor":30.0,"turns":9.0},{"damage":25.0,"enemies":"Gremlin Leader","floor":31.0,"turns":9.0},{"damage":18,"enemies":"Champ","floor":33,"turns":16},{"damage":0,"enemies":"Orb Walker","floor":35,"turns":7},{"damage":0,"enemies":"3 Shapes","floor":37,"turns":5},{"damage":41,"enemies":"Transient","floor":38,"turns":5},{"damage":0,"enemies":"Sphere and 2 Shapes","floor":41,"turns":8},{"damage":9,"enemies":"Spire Growth","floor":45,"turns":8},{"damage":0,"enemies":"Maw","floor":47,"turns":9},{"damage":16,"enemies":"Awakened One","floor":50,"turns":22}],"seed_played":"226386791154459250","potions_obtained":[{"floor":5.0,"key":"LiquidBronze"},{"floor":11.0,"key":"Ancient Potion"},{"floor":24.0,"key":"Poison Potion"},{"floor":28.0,"key":"Explosive Potion"},{"floor":30.0,"key":"Energy Potion"},{"floor":38,"key":"Weak Potion"}],"is_trial":false,"path_per_floor":["M","?","M","?","M","R","E","M","T","E","M","$","R","M","R","B",null,"M","M","M","?","?","R","M","R","T","$","M","?","M","E","R","B",null,"M","?","M","M","?","R","M","R","T","R","M","R","M","?","R","B",null],"character_chosen":"DEFECT","items_purchased":["Apotheosis","Conserve Battery","Rebound"],"campfire_rested":6,"item_purchase_floors":[12,27,27],"current_hp_per_floor":[64,64,63,52,52,52,34,34,34,19,17,17,17,17,39,9,59,58,38,34,34,20,44,35,59,59,59,49,49,49,24,48,30,68,68,68,68,27,27,51,51,75,75,75,66,66,66,66,66,50],"gold":373,"neow_bonus":"RANDOM_COMMON_RELIC","is_prod":false,"is_daily":false,"chose_seed":false,"campfire_upgraded":2,"win_rate":0,"timestamp":1568546799,"path_taken":["M","?","M","?","M","R","E","M","T","E","M","$","R","M","R","BOSS","M","M","M","?","?","R","M","R","T","$","M","?","M","E","R","BOSS","M","?","M","M","?","R","M","R","T","R","?","R","M","?","R","BOSS"],"build_version":"2019-07-17","purchased_purges":2,"victory":true,"max_hp_per_floor":[75,75,75,75,75,75,75,75,75,75,75,75,75,75,75,75,75,75,75,75,75,80,80,80,80,80,80,80,80,80,80,80,80,80,80,80,80,80,80,80,80,80,80,80,80,80,80,80,80,80],"card_choices":[{"not_picked":["Self Repair","Rip and Tear"],"picked":"Conserve Battery","floor":1.0},{"not_picked":["Barrage","Hologram"],"picked":"Streamline","floor":3.0},{"not_picked":["Thunder Strike","Reprogram"],"picked":"Cold Snap","floor":5.0},{"not_picked":["Loop","Beam Cell"],"picked":"Sweeping Beam","floor":7.0},{"not_picked":["Steam","Compile Driver"],"picked":"Chill","floor":8.0},{"not_picked":["Melter","Steam Power"],"picked":"Auto Shields","floor":10.0},{"not_picked":["Sweeping Beam","Chill"],"picked":"Leap","floor":11.0},{"not_picked":["Compile Driver","Reinforced Body"],"picked":"Rebound","floor":14.0},{"not_picked":["Reboot","Thunder Strike"],"picked":"Buffer","floor":16.0},{"not_picked":["Barrage","Static Discharge","Beam Cell"],"picked":"SKIP","floor":18.0},{"not_picked":["Scrape","Genetic Algorithm"],"picked":"Glacier","floor":19.0},{"not_picked":["Streamline","Rebound"],"picked":"Leap","floor":20.0},{"not_picked":["Redo","Hello World"],"picked":"Leap","floor":24.0},{"not_picked":["Creative AI","Gash"],"picked":"Steam","floor":28.0},{"not_picked":["Storm","Loop","Heatsinks"],"picked":"SKIP","floor":30.0},{"not_picked":["Heatsinks+1","Redo"],"picked":"BootSequence","floor":31.0},{"not_picked":["Compile Driver","Stack"],"picked":"Steam","floor":32.0},{"not_picked":["Melter+1","Rebound"],"picked":"Consume","floor":35},{"not_picked":["Compile Driver+1","Rebound"],"picked":"Steam Power+1","floor":37},{"not_picked":["Sweeping Beam","Streamline"],"picked":"Leap+1","floor":38},{"not_picked":["Ball Lightning","Streamline"],"picked":"Auto Shields+1","floor":40},{"not_picked":["Cold Snap","Doom and Gloom+1","Coolheaded"],"picked":"SKIP","floor":41},{"not_picked":["Scrape+1","Consume"],"picked":"Conserve Battery","floor":42},{"not_picked":["Reprogram","Sunder"],"picked":"Stack+1","floor":45},{"not_picked":["Sweeping Beam","Conserve Battery"],"picked":"Hologram","floor":47}],"player_experience":324433,"relics_obtained":[{"floor":7.0,"key":"Girya"},{"floor":9.0,"key":"Sundial"},{"floor":10.0,"key":"Dodecahedron"},{"floor":26.0,"key":"Dream Catcher"},{"floor":31.0,"key":"Mercury Hourglass"},{"floor":43,"key":"Kunai"}],"event_choices":[{"damage_healed":0.0,"max_hp_gain":0.0,"max_hp_loss":0.0,"gold_gain":0.0,"event_name":"Living Wall","player_choice":"Grow","floor":2.0,"gold_loss":0.0,"damage_taken":0.0,"cards_upgraded":["Conserve Battery"]},{"damage_healed":0.0,"max_hp_gain":0.0,"max_hp_loss":0.0,"gold_gain":75.0,"event_name":"World of Goop","player_choice":"Gather Gold","floor":4.0,"gold_loss":0.0,"damage_taken":11.0},{"damage_healed":0.0,"max_hp_gain":0.0,"max_hp_loss":0.0,"gold_gain":0.0,"event_name":"Cursed Tome","player_choice":"Ignored","floor":21.0,"gold_loss":0.0,"damage_taken":0.0},{"damage_healed":0.0,"max_hp_gain":5.0,"max_hp_loss":0.0,"gold_gain":0.0,"event_name":"Forgotten Altar","player_choice":"Shed Blood","floor":22.0,"gold_loss":0.0,"damage_taken":19.0},{"damage_healed":0.0,"max_hp_gain":0.0,"max_hp_loss":0.0,"gold_gain":0.0,"cards_transformed":["Strike_B","Defend_B"],"event_name":"Drug Dealer","player_choice":"Became Test Subject","floor":29.0,"gold_loss":0.0,"damage_taken":0.0,"cards_obtained":["Rainbow","Ball Lightning"]},{"cards_removed":["Strike_B"],"damage_healed":0,"gold_gain":0,"player_choice":"Removed Attack","damage_taken":0,"max_hp_gain":0,"max_hp_loss":0,"event_name":"Falling","floor":36,"gold_loss":0},{"damage_healed":0,"gold_gain":0,"player_choice":"Copied","damage_taken":0,"max_hp_gain":0,"max_hp_loss":0,"event_name":"Duplicator","floor":39,"gold_loss":0,"cards_obtained":["Buffer"]},{"damage_healed":0,"gold_gain":0,"player_choice":"Memory 1","damage_taken":0,"max_hp_gain":0,"max_hp_loss":0,"event_name":"SensoryStone","floor":48,"gold_loss":0}],"is_beta":false,"boss_relics":[{"not_picked":["Orrery","Astrolabe"],"picked":"Runic Pyramid"},{"not_picked":["Tiny House","Runic Dome"],"picked":"Inserter"}],"items_purged_floors":[12,27],"is_endless":false,"potions_floor_spawned":[5,11,18,24,28,30,31,35,38],"ascension_level":12}