{"gold_per_floor":[215,290,16,33,43,74,74,74,74,154,154,168,181,195,195,267,267,240,240,256,181,181,214,214,243,266,266],"floor_reached":27,"playtime":931,"items_purged":["Strike_R"],"score":502,"play_id":"1d236176-c7a4-4f1d-b119-637eeb4b1d6c","local_time":"20190425113946","is_ascension_mode":true,"campfire_choices":[{"floor":7,"key":"REST"},{"data":"Shockwave","floor":11,"key":"SMITH"},{"floor":15,"key":"REST"},{"data":"Clothesline","floor":24,"key":"SMITH"}],"neow_cost":"NONE","seed_source_timestamp":188798518234700,"circlet_count":0,"master_deck":["AscendersBane","Strike_R","Strike_R","Strike_R","Defend_R+1","Defend_R+1","Defend_R","Defend_R","Bash+1","Ghostly Armor","Feel No Pain","Twin Strike","Shockwave+1","Anger","Clothesline+1","Inflame","Inflame","Burning Pact+1"],"relics":["Burning Blood","Juzu Bracelet","Bottled Tornado","Blood Vial","Coffee Dripper","Bronze Scales","War Paint","Happy Flower"],"potions_floor_usage":[6,16,25,25],"damage_taken":[{"damage":7,"enemies":"Cultist","floor":1,"turns":4},{"damage":6,"enemies":"Jaw Worm","floor":4,"turns":7},{"damage":7,"enemies":"Small Slimes","floor":5,"turns":4},{"damage":50,"enemies":"Lagavulin","floor":6,"turns":9},{"damage":2,"enemies":"2 Fungi Beasts","floor":12,"turns":4},{"damage":17,"enemies":"Exordium Thugs","floor":13,"turns":6},{"damage":18,"enemies":"3 Louse","floor":14,"turns":4},{"damage":36,"enemies":"The Guardian","floor":16,"turns":13},{"damage":18,"enemies":"2 Thieves","floor":18,"turns":4},{"damage":25,"enemies":"Spheric Guardian","floor":20,"turns":5},{"damage":37,"enemies":"Gremlin Leader","floor":23,"turns":7},{"damage":17,"enemies":"Book of Stabbing","floor":25,"turns":4},{"damage":15,"enemies":"Centurion and Healer","floor":27,"turns":2}],"seed_played":"-8770270877633304930","potions_obtained":[{"floor":1,"key":"Ancient Potion"},{"floor":6,"key":"Swift Potion"},{"floor":14,"key":"SkillPotion"},{"floor":16,"key":"PowerPotion"},{"floor":25,"key":"Dexterity Potion"}],"is_trial":false,"path_per_floor":["M","?","$","M","M","E","R","?","T","?","R","M","M","M","R","B",null,"M","?","M","?","?","E","R","E","T","M"],"character_chosen":"IRONCLAD","items_purchased":["Feel No Pain","Juzu Bracelet"],"campfire_rested":2,"item_purchase_floors":[3,3],"current_hp_per_floor":[67,56,56,56,55,11,33,33,33,33,33,39,30,20,42,14,60,50,50,33,33,48,19,19,10,10,0],"gold":266,"neow_bonus":"HUNDRED_GOLD","is_prod":false,"is_daily":false,"chose_seed":false,"campfire_upgraded":2,"win_rate":0,"timestamp":1556181586,"path_taken":["M","?","$","M","M","E","R","?","T","?","R","M","M","M","R","BOSS","M","?","M","?","?","E","R","E","T","M"],"build_version":"2019-01-23","purchased_purges":1,"victory":false,"max_hp_per_floor":[75,75,75,75,75,75,75,75,75,75,75,75,75,75,75,75,75,75,75,75,75,75,75,75,75,75,75],"card_choices":[{"not_picked":["Shockwave","Warcry"],"picked":"Ghostly Armor","floor":1},{"not_picked":["Second Wind","Headbutt"],"picked":"Twin Strike","floor":4},{"not_picked":["Sword Boomerang","Heavy Blade"],"picked":"Shockwave","floor":5},{"not_picked":["Thunderclap","Exhume"],"picked":"Anger","floor":6},{"not_picked":["Pommel Strike","Dark Embrace"],"picked":"Clothesline","floor":12},{"not_picked":["Twin Strike","Sword Boomerang"],"picked":"Inflame","floor":13},{"not_picked":["Dual Wield","Ghostly Armor"],"picked":"Inflame","floor":14},{"not_picked":["Inflame","Wild Strike"],"picked":"Burning Pact+1","floor":18},{"not_picked":["Spot Weakness","Headbutt","Burning Pact"],"picked":"SKIP","floor":20},{"not_picked":["Heavy Blade","Shockwave","Headbutt"],"picked":"SKIP","floor":23},{"not_picked":["Power Through","Havoc","Body Slam"],"picked":"SKIP","floor":25}],"player_experience":1234267,"relics_obtained":[{"floor":6,"key":"Bottled Tornado"},{"floor":9,"key":"Blood Vial"},{"floor":23,"key":"Bronze Scales"},{"floor":25,"key":"War Paint"},{"floor":26,"key":"Happy Flower"}],"event_choices":[{"damage_healed":0,"gold_gain":75,"player_choice":"Gather Gold","damage_taken":11,"max_hp_gain":0,"max_hp_loss":0,"event_name":"World of Goop","floor":2,"gold_loss":0},{"damage_healed":0,"gold_gain":0,"player_choice":"Forge","damage_taken":0,"max_hp_gain":0,"max_hp_loss":0,"event_name":"Accursed Blacksmith","floor":8,"gold_loss":0,"cards_upgraded":["Bash"]},{"damage_healed":0,"gold_gain":80,"player_choice":"Gained Gold","damage_taken":0,"max_hp_gain":0,"max_hp_loss":0,"event_name":"Golden Wing","floor":10,"gold_loss":0},{"damage_healed":0,"gold_gain":0,"player_choice":"Leave","damage_taken":0,"max_hp_gain":0,"max_hp_loss":0,"event_name":"FaceTrader","floor":19,"gold_loss":0},{"cards_removed":["Strike_R"],"damage_healed":0,"gold_gain":0,"player_choice":"Gave Gold","damage_taken":0,"max_hp_gain":0,"max_hp_loss":0,"event_name":"Beggar","floor":21,"gold_loss":75},{"damage_healed":15,"gold_gain":0,"player_choice":"Heal","damage_taken":0,"max_hp_gain":0,"max_hp_loss":0,"event_name":"The Library","floor":22,"gold_loss":0}],"is_beta":false,"boss_relics":[{"not_picked":["Runic Cube","Eternal Feather"],"picked":"Coffee Dripper"}],"items_purged_floors":[3],"is_endless":false,"potions_floor_spawned":[1,6,14,16,18,25],"killed_by":"Centurion and Healer","ascension_level":20}