{"gold_per_floor":[117,117,42,3,3,38,38,74,86,122,134,166,178,190,202,214],"floor_reached":16,"playtime":262,"items_purged":[],"score":312,"play_id":"28291f97-7417-48b2-9edd-57c8dbe63def","local_time":"20190325130308","is_ascension_mode":true,"campfire_choices":[{"data":"Body Slam","floor":11,"key":"SMITH"},{"data":"Entrench","floor":13,"key":"SMITH"},{"data":"Bash","floor":15,"key":"SMITH"}],"neow_cost":"NONE","seed_source_timestamp":614068256797200,"circlet_count":0,"master_deck":["AscendersBane","Strike_R","Strike_R","Strike_R","Strike_R","Defend_R","Defend_R","Defend_R","Defend_R","Bash+1","Body Slam+1","Sever Soul","Entrench+1","Battle Trance","Intimidate"],"relics":["Burning Blood","NeowsBlessing","Golden Idol","NlothsMask","Bag of Preparation","MawBank","Boot"],"potions_floor_usage":[16],"damage_taken":[{"damage":0,"enemies":"Cultist","floor":1,"turns":1},{"damage":0,"enemies":"Gremlin Nob","floor":6,"turns":1},{"damage":0,"enemies":"Lagavulin","floor":8,"turns":1},{"damage":3,"enemies":"2 Louse","floor":10,"turns":3},{"damage":7,"enemies":"Small Slimes","floor":12,"turns":3},{"damage":60,"enemies":"Hexaghost","floor":16,"turns":8}],"seed_played":"4662075849160787587","potions_obtained":[{"floor":6,"key":"FearPotion"}],"is_trial":false,"path_per_floor":["M","?","?","$","?","E","$","E","T","M","R","M","R","?","R","B"],"character_chosen":"IRONCLAD","items_purchased":["Sever Soul"],"campfire_rested":0,"item_purchase_floors":[4],"current_hp_per_floor":[74,68,68,68,68,68,68,68,68,68,68,67,67,56,56,0],"gold":214,"neow_bonus":"THREE_ENEMY_KILL","is_prod":false,"is_daily":false,"chose_seed":false,"campfire_upgraded":3,"win_rate":0,"timestamp":1553508188,"path_taken":["M","?","?","$","?","E","$","E","T","M","R","?","R","?","R","BOSS"],"build_version":"2019-01-23","purchased_purges":0,"victory":false,"max_hp_per_floor":[75,68,68,68,68,68,68,68,68,68,68,68,68,68,68,68],"card_choices":[{"not_picked":["Flex","Heavy Blade"],"picked":"Body Slam","floor":1},{"not_picked":["Burning Pact","Clothesline"],"picked":"Entrench","floor":6},{"not_picked":["Heavy Blade","Warcry","Burning Pact"],"picked":"SKIP","floor":8},{"not_picked":["Iron Wave","Clothesline"],"picked":"Battle Trance","floor":10},{"not_picked":["Heavy Blade","Sever Soul"],"picked":"Intimidate","floor":12}],"player_experience":1016800,"relics_obtained":[{"floor":6,"key":"Bag of Preparation"},{"floor":8,"key":"MawBank"}],"event_choices":[{"damage_healed":0,"gold_gain":0,"player_choice":"Lose Max HP","damage_taken":0,"relics_obtained":["Golden Idol"],"max_hp_gain":0,"max_hp_loss":7,"event_name":"Golden Idol","floor":2,"gold_loss":0},{"cards_removed":["Strike_R"],"damage_healed":0,"gold_gain":0,"player_choice":"Card Removal","damage_taken":0,"max_hp_gain":0,"max_hp_loss":0,"event_name":"The Cleric","floor":3,"gold_loss":75},{"damage_healed":0,"gold_gain":0,"player_choice":"Trade","damage_taken":0,"relics_obtained":["NlothsMask"],"max_hp_gain":0,"max_hp_loss":0,"event_name":"FaceTrader","floor":5,"gold_loss":0},{"damage_healed":0,"gold_gain":0,"player_choice":"Success","damage_taken":11,"relics_obtained":["Boot"],"max_hp_gain":0,"max_hp_loss":0,"event_name":"Scrap Ooze","floor":14,"gold_loss":0}],"is_beta":false,"boss_relics":[],"items_purged_floors":[],"is_endless":false,"potions_floor_spawned":[6],"killed_by":"Hexaghost","ascension_level":20}