{"gold_per_floor":[115,132,152,163,88,88,146,164,190,190,190,223,223,255,255,359,359,374,394,394,394,410,410,420,440,467,479,479,150,250,261,261,363,363,383,383,23,33,33,33,63,81,81,81,81,81,115,133,133,133],"floor_reached":51,"playtime":5338,"items_purged":["Strike_B","Strike_B","Defend_B"],"score":1153,"play_id":"159c735c-de3e-4a04-af1a-5f8e2cb64865","local_time":"20190819001623","is_ascension_mode":true,"campfire_choices":[{"data":"Go for the Eyes","floor":6,"key":"SMITH"},{"data":"Chaos","floor":10,"key":"SMITH"},{"floor":15,"key":"REST"},{"floor":23,"key":"REST"},{"floor":32,"key":"REST"},{"data":"Double Energy","floor":40,"key":"SMITH"},{"data":"Fusion","floor":46,"key":"SMITH"},{"data":"Biased Cognition","floor":49,"key":"SMITH"}],"neow_cost":"NONE","seed_source_timestamp":48614627211379,"circlet_count":0,"master_deck":["AscendersBane","Strike_B+1","Strike_B+1","Defend_B","Defend_B","Defend_B","Zap+1","Dualcast","Go for the Eyes+1","Tempest+1","Beam Cell","Conserve Battery","Chaos+1","Self Repair","All For One","Biased Cognition+1","Coolheaded+1","Compile Driver+1","Gash","Chill","Fusion+1","Gash","Finesse","Cold Snap+1","Core Surge","Redo+1","Apotheosis","Capacitor+1","Double Energy+1","Hologram+1","Gash+1"],"relics":["Cracked Core","Tiny Chest","War Paint","Matryoshka","Orichalcum","Whetstone","The Courier","Singing Bowl","Sozu","Bag of Preparation","Unceasing Top","Smiling Mask","Pantograph","Cables","Nunchaku","Darkstone Periapt","Nuclear Battery","Frozen Egg 2","Bottled Tornado","Blue Candle","Shuriken","Mercury Hourglass","Symbiotic Virus"],"potions_floor_usage":[7,7,7,12,12,30,50],"damage_taken":[{"damage":1,"enemies":"Cultist","floor":1,"turns":3},{"damage":13,"enemies":"Jaw Worm","floor":2,"turns":4},{"damage":2,"enemies":"2 Louse","floor":3,"turns":3},{"damage":3,"enemies":"Exordium Wildlife","floor":4,"turns":3},{"damage":13,"enemies":"Lagavulin","floor":7,"turns":7},{"damage":0,"enemies":"Exordium Thugs","floor":8,"turns":5},{"damage":0,"enemies":"3 Sentries","floor":12,"turns":7},{"damage":16,"enemies":"Gremlin Nob","floor":14,"turns":4},{"damage":51,"enemies":"Slime Boss","floor":16,"turns":10},{"damage":6,"enemies":"3 Byrds","floor":18,"turns":3},{"damage":8,"enemies":"Shell Parasite","floor":19,"turns":5},{"damage":27,"enemies":"Shelled Parasite and Fungi","floor":22,"turns":5},{"damage":16,"enemies":"3 Cultists","floor":24,"turns":4},{"damage":0,"enemies":"Cultist and Chosen","floor":25,"turns":4},{"damage":9,"enemies":"Centurion and Healer","floor":27,"turns":5},{"damage":8,"enemies":"Colosseum Slavers","floor":30,"turns":2},{"damage":0,"enemies":"Colosseum Nobs","floor":30,"turns":3},{"damage":5,"enemies":"Snecko","floor":31,"turns":4},{"damage":30,"enemies":"Automaton","floor":33,"turns":9},{"damage":3,"enemies":"Orb Walker","floor":35,"turns":2},{"damage":0,"enemies":"3 Darklings","floor":38,"turns":4},{"damage":1,"enemies":"Reptomancer","floor":41,"turns":5},{"damage":1,"enemies":"Spire Growth","floor":42,"turns":3},{"damage":0,"enemies":"Giant Head","floor":47,"turns":4},{"damage":1,"enemies":"Jaw Worm Horde","floor":48,"turns":2},{"damage":34,"enemies":"Donu and Deca","floor":50,"turns":5}],"seed_played":"2154037895622269497","potions_obtained":[{"floor":0,"key":"Poison Potion"},{"floor":0,"key":"FocusPotion"},{"floor":0,"key":"EntropicBrew"},{"floor":12,"key":"FairyPotion"},{"floor":14,"key":"Strength Potion"}],"is_trial":false,"path_per_floor":["M","M","M","M","$","R","E","M","T","R","T","E","T","E","R","B",null,"M","M","?","T","M","R","M","M","T","M","T","$","?","M","R","B",null,"M","?","$","M","$","R","E","M","T","T","T","R","E","M","R","B",null],"character_chosen":"DEFECT","items_purchased":["Finesse","Cables","Frozen Egg 2","Capacitor+1","Double Energy"],"campfire_rested":3,"item_purchase_floors":[29,29,37,37,37],"current_hp_per_floor":[67,54,52,49,49,49,36,36,36,36,36,36,36,27,49,14,60,54,53,39,39,19,43,34,41,41,39,39,39,31,35,59,59,76,80,77,77,86,86,86,86,85,85,85,85,85,88,90,90,66],"gold":133,"neow_bonus":"THREE_SMALL_POTIONS","is_prod":false,"is_daily":false,"chose_seed":false,"campfire_upgraded":5,"win_rate":0,"timestamp":1566166583,"path_taken":["M","?","M","M","$","R","E","M","T","R","?","E","?","E","R","BOSS","M","M","?","?","M","R","M","M","T","?","?","$","?","M","R","BOSS","M","?","$","M","$","R","E","M","T","?","?","R","E","M","R","BOSS"],"build_version":"2019-07-17","purchased_purges":3,"victory":true,"max_hp_per_floor":[75,75,75,75,75,75,75,75,75,75,75,75,75,75,75,75,75,75,75,80,80,80,80,80,80,80,80,80,80,80,82,82,82,82,82,84,84,86,86,86,86,86,86,86,86,86,88,90,90,90],"card_choices":[{"not_picked":["Coolheaded","Undo"],"picked":"Go for the Eyes","floor":1},{"not_picked":["Heatsinks","Chill"],"picked":"Tempest","floor":2},{"not_picked":["Rebound","Scrape"],"picked":"Beam Cell","floor":3},{"not_picked":["Steam","Stack"],"picked":"Conserve Battery","floor":4},{"not_picked":["Conserve Battery","Steam"],"picked":"Chaos","floor":7},{"not_picked":["Conserve Battery","Chaos","Aggregate"],"picked":"SKIP","floor":8},{"not_picked":["Go for the Eyes","Aggregate"],"picked":"Self Repair","floor":12},{"not_picked":["Turbo","Darkness"],"picked":"All For One","floor":14},{"not_picked":["Machine Learning","Buffer"],"picked":"Biased Cognition","floor":16},{"not_picked":["Ball Lightning","Loop"],"picked":"Coolheaded+1","floor":18},{"not_picked":["Leap","Conserve Battery"],"picked":"Compile Driver+1","floor":19},{"not_picked":["Storm","Scrape"],"picked":"Gash","floor":22},{"not_picked":["Rebound","FTL"],"picked":"Chill","floor":24},{"not_picked":["Streamline","Chill"],"picked":"Fusion","floor":25},{"not_picked":["Fusion","Buffer"],"picked":"Gash","floor":27},{"not_picked":["Compile Driver","Streamline+1"],"picked":"Cold Snap+1","floor":30},{"not_picked":["Conserve Battery","Turbo","Stack"],"picked":"Singing Bowl","floor":31},{"not_picked":["Rainbow","Buffer"],"picked":"Core Surge","floor":33},{"not_picked":["Barrage","Beam Cell+1"],"picked":"Redo+1","floor":35},{"not_picked":["Discovery","HandOfGreed","Magnetism"],"picked":"Singing Bowl","floor":36},{"not_picked":["Impatience","Finesse"],"picked":"Apotheosis","floor":36},{"not_picked":["Cold Snap","Stack+1","Compile Driver"],"picked":"Singing Bowl","floor":38},{"not_picked":["Cold Snap+1","Melter"],"picked":"Hologram+1","floor":41},{"not_picked":["Compile Driver","Steam Power+1"],"picked":"Gash+1","floor":42},{"not_picked":["Ball Lightning+1","Streamline+1","Stack"],"picked":"Singing Bowl","floor":47},{"not_picked":["Go for the Eyes+1","Sunder","Turbo+1"],"picked":"Singing Bowl","floor":48}],"player_experience":967338,"relics_obtained":[{"floor":7,"key":"Tiny Chest"},{"floor":9,"key":"War Paint"},{"floor":11,"key":"Matryoshka"},{"floor":12,"key":"Orichalcum"},{"floor":13,"key":"Whetstone"},{"floor":13,"key":"The Courier"},{"floor":14,"key":"Singing Bowl"},{"floor":21,"key":"Bag of Preparation"},{"floor":21,"key":"Unceasing Top"},{"floor":26,"key":"Smiling Mask"},{"floor":28,"key":"Pantograph"},{"floor":30,"key":"Nunchaku"},{"floor":30,"key":"Darkstone Periapt"},{"floor":41,"key":"Bottled Tornado"},{"floor":43,"key":"Blue Candle"},{"floor":44,"key":"Shuriken"},{"floor":45,"key":"Mercury Hourglass"},{"floor":47,"key":"Symbiotic Virus"}],"event_choices":[{"damage_healed":0,"gold_gain":0,"player_choice":"Shed Blood","damage_taken":19,"max_hp_gain":5,"max_hp_loss":0,"event_name":"Forgotten Altar","floor":20,"gold_loss":0},{"damage_healed":0,"gold_gain":0,"player_choice":"Fight","damage_taken":0,"max_hp_gain":0,"max_hp_loss":0,"event_name":"Colosseum","floor":30,"gold_loss":0},{"damage_healed":0,"gold_gain":0,"player_choice":"Fought Nobs","damage_taken":0,"max_hp_gain":0,"max_hp_loss":0,"event_name":"Colosseum","floor":30,"gold_loss":0},{"damage_healed":0,"gold_gain":0,"player_choice":"Memory 2","damage_taken":5,"max_hp_gain":0,"max_hp_loss":0,"event_name":"SensoryStone","floor":36,"gold_loss":0}],"is_beta":false,"boss_relics":[{"not_picked":["Lizard Tail","Busted Crown"],"picked":"Sozu"},{"not_picked":["Cursed Key","Pandora\u0027s Box"],"picked":"Nuclear Battery"}],"items_purged_floors":[5,29,37],"is_endless":false,"potions_floor_spawned":[2,8,12,14,18,19,24,30,33,38,41,47],"ascension_level":10}