{"gold_per_floor":[110,124,124,124,199,199,124,176,176,220,252,283,324,347,359,371],"floor_reached":16,"playtime":653,"items_purged":[],"score":209,"play_id":"366e7f23-24f1-49a2-9c4e-1adeaa4fe7f5","local_time":"20191007222113","is_ascension_mode":true,"campfire_choices":[{"floor":6,"key":"REST"},{"data":"Hemokinesis","floor":15,"key":"SMITH"}],"neow_cost":"NONE","seed_source_timestamp":47791711575182,"circlet_count":0,"master_deck":["AscendersBane","Strike_R","Strike_R+1","Strike_R+1","Strike_R","Defend_R","Defend_R","Defend_R","Defend_R","Bash+1","True Grit","Twin Strike","Anger","Pommel Strike","Hemokinesis+1"],"relics":["Burning Blood","Regal Pillow","PreservedInsect","MawBank","Bag of Preparation","Self Forming Clay"],"potions_floor_usage":[],"damage_taken":[{"damage":2,"enemies":"2 Louse","floor":1,"turns":4},{"damage":25,"enemies":"Small Slimes","floor":2,"turns":4},{"damage":8,"enemies":"Gremlin Nob","floor":10,"turns":3},{"damage":7,"enemies":"Jaw Worm","floor":11,"turns":3},{"damage":9,"enemies":"Lots of Slimes","floor":12,"turns":5},{"damage":13,"enemies":"3 Sentries","floor":13,"turns":8},{"damage":4,"enemies":"Looter","floor":14,"turns":2},{"damage":45,"enemies":"Hexaghost","floor":16,"turns":9}],"seed_played":"6743160168390834320","potions_obtained":[{"floor":11,"key":"SmokeBomb"},{"floor":14,"key":"SpeedPotion"}],"is_trial":false,"path_per_floor":["M","M","?","?","?","R","?","T","T","E","M","M","E","M","R","B"],"character_chosen":"IRONCLAD","items_purchased":[],"campfire_rested":1,"item_purchase_floors":[],"current_hp_per_floor":[72,53,30,30,19,56,56,56,56,54,53,50,43,45,45,0],"gold":371,"neow_bonus":"RANDOM_COMMON_RELIC","is_prod":false,"is_daily":false,"chose_seed":false,"campfire_upgraded":1,"win_rate":0,"timestamp":1570479673,"path_taken":["M","M","?","?","?","R","?","?","T","E","M","M","E","M","R","BOSS"],"build_version":"2019-07-17","purchased_purges":0,"victory":false,"max_hp_per_floor":[75,75,75,75,75,75,75,75,75,75,75,75,75,75,75,75],"card_choices":[{"not_picked":["True Grit","Havoc","Body Slam"],"picked":"SKIP","floor":1},{"not_picked":["Havoc","Body Slam"],"picked":"True Grit","floor":1},{"not_picked":["Searing Blow","Thunderclap","Bloodletting"],"picked":"SKIP","floor":2},{"not_picked":["Limit Break","Infernal Blade"],"picked":"Twin Strike","floor":10},{"not_picked":["Intimidate","Wild Strike"],"picked":"Anger","floor":11},{"not_picked":["Pummel","Rampage"],"picked":"Pommel Strike","floor":12},{"not_picked":["Sword Boomerang","Fire Breathing"],"picked":"Hemokinesis","floor":13},{"not_picked":["Headbutt","Double Tap","Flex"],"picked":"SKIP","floor":14}],"player_experience":1161092,"relics_obtained":[{"floor":8,"key":"PreservedInsect"},{"floor":9,"key":"MawBank"},{"floor":10,"key":"Bag of Preparation"},{"floor":13,"key":"Self Forming Clay"}],"event_choices":[{"damage_healed":0,"gold_gain":0,"player_choice":"Entered Light","damage_taken":23,"max_hp_gain":0,"max_hp_loss":0,"event_name":"Shining Light","floor":3,"gold_loss":0,"cards_upgraded":["Strike_R","Strike_R"]},{"damage_healed":0,"gold_gain":0,"player_choice":"Grow","damage_taken":0,"max_hp_gain":0,"max_hp_loss":0,"event_name":"Living Wall","floor":4,"gold_loss":0,"cards_upgraded":["Bash"]},{"damage_healed":0,"gold_gain":75,"player_choice":"Gather Gold","damage_taken":11,"max_hp_gain":0,"max_hp_loss":0,"event_name":"World of Goop","floor":5,"gold_loss":0},{"cards_removed":["Strike_R"],"damage_healed":0,"gold_gain":0,"player_choice":"Card Removal","damage_taken":0,"max_hp_gain":0,"max_hp_loss":0,"event_name":"The Cleric","floor":7,"gold_loss":75}],"is_beta":false,"boss_relics":[],"items_purged_floors":[],"is_endless":false,"potions_floor_spawned":[11,14],"killed_by":"Hexaghost","ascension_level":18}