{"gold_per_floor":[218,228,65,65,65,65,65,99,152,170,191,229,229,248,248,368,368,388,388,165,165,13,54,73,112,112,124],"floor_reached":27,"playtime":886,"items_purged":["Strike_B"],"score":259,"play_id":"9da850ff-4106-49ca-9bbc-6503529812fc","local_time":"20190904213617","is_ascension_mode":false,"campfire_choices":[{"data":"Chaos","floor":6,"key":"SMITH"},{"data":"Barrage","floor":13,"key":"SMITH"},{"data":"Defragment","floor":15,"key":"SMITH"}],"neow_cost":"NONE","seed_source_timestamp":31130911547643,"circlet_count":0,"master_deck":["Strike_B","Strike_B","Defend_B","Defend_B","Defend_B","Defend_B","Zap","Dualcast","Sunder+1","Chaos+1","Doom and Gloom","Chill","Capacitor","Redo","Barrage+1","Electrodynamics","Defragment+1","Core Surge","Static Discharge","Dark Shackles","Coolheaded","Fusion"],"relics":["Cracked Core","Golden Idol","Du-Vu Doll","Omamori","Pantograph","Philosopher\u0027s Stone","Happy Flower","Boot","Peace Pipe","Smiling Mask","MawBank"],"potions_floor_usage":[],"damage_taken":[{"damage":2,"enemies":"Small Slimes","floor":1,"turns":3},{"damage":0,"enemies":"2 Louse","floor":2,"turns":1},{"damage":6,"enemies":"Gremlin Nob","floor":8,"turns":3},{"damage":0,"enemies":"Cultist","floor":10,"turns":4},{"damage":0,"enemies":"3 Louse","floor":11,"turns":3},{"damage":18,"enemies":"Lagavulin","floor":12,"turns":6},{"damage":3,"enemies":"Blue Slaver","floor":14,"turns":4},{"damage":29,"enemies":"Hexaghost","floor":16,"turns":7},{"damage":9,"enemies":"Spheric Guardian","floor":18,"turns":3},{"damage":26,"enemies":"Gremlin Leader","floor":23,"turns":6},{"damage":2,"enemies":"Shell Parasite","floor":24,"turns":4},{"damage":37,"enemies":"Book of Stabbing","floor":25,"turns":4},{"damage":11,"enemies":"Centurion and Healer","floor":27,"turns":3}],"seed_played":"3645576425310982340","potions_obtained":[{"floor":1,"key":"FocusPotion"},{"floor":12,"key":"Energy Potion"}],"is_trial":false,"path_per_floor":["M","M","$","?","?","R","?","E","T","M","M","E","R","M","R","B",null,"M","?","$","?","$","E","M","E","T","M"],"character_chosen":"DEFECT","items_purchased":["Doom and Gloom","Chill","Strength Potion","Happy Flower","Static Discharge","Dark Shackles"],"campfire_rested":0,"item_purchase_floors":[3,3,3,20,22,22],"current_hp_per_floor":[73,73,73,55,55,55,60,54,54,54,54,36,36,33,33,29,80,71,71,71,71,71,45,43,6,6,0],"gold":124,"neow_bonus":"HUNDRED_GOLD","is_prod":false,"is_daily":false,"chose_seed":false,"campfire_upgraded":3,"win_rate":0,"timestamp":1567625777,"path_taken":["M","M","$","?","?","R","?","E","T","M","M","E","R","M","R","BOSS","M","?","?","?","$","E","M","E","T","M"],"build_version":"2019-07-17","purchased_purges":1,"victory":false,"max_hp_per_floor":[75,75,75,75,75,75,80,80,80,80,80,80,80,80,80,80,80,80,80,80,80,80,80,80,80,80,80],"card_choices":[{"not_picked":["White Noise","Heatsinks"],"picked":"Sunder","floor":1},{"not_picked":["Heatsinks","Hologram"],"picked":"Chaos","floor":2},{"not_picked":["Redo","Cold Snap"],"picked":"Capacitor","floor":8},{"not_picked":["Steam Power","Tempest"],"picked":"Redo","floor":10},{"not_picked":["BootSequence","Gash"],"picked":"Barrage","floor":11},{"not_picked":["Sweeping Beam","Heatsinks"],"picked":"Electrodynamics","floor":12},{"not_picked":["Leap","Compile Driver"],"picked":"Defragment","floor":14},{"not_picked":["Creative AI","Electrodynamics"],"picked":"Core Surge","floor":16},{"not_picked":["Cold Snap","Streamline","Chill"],"picked":"SKIP","floor":18},{"not_picked":["Double Energy","Go for the Eyes","Redo"],"picked":"SKIP","floor":23},{"not_picked":["Rip and Tear","Ball Lightning"],"picked":"Coolheaded","floor":24},{"not_picked":["Ball Lightning","Reboot"],"picked":"Fusion","floor":25}],"player_experience":1042926,"relics_obtained":[{"floor":8,"key":"Du-Vu Doll"},{"floor":9,"key":"Omamori"},{"floor":12,"key":"Pantograph"},{"floor":23,"key":"Peace Pipe"},{"floor":25,"key":"Smiling Mask"},{"floor":26,"key":"MawBank"}],"event_choices":[{"damage_healed":0,"gold_gain":0,"player_choice":"Take Damage","damage_taken":18,"relics_obtained":["Golden Idol"],"max_hp_gain":0,"max_hp_loss":0,"event_name":"Golden Idol","floor":4,"gold_loss":0},{"damage_healed":0,"gold_gain":0,"player_choice":"Grow","damage_taken":0,"max_hp_gain":0,"max_hp_loss":0,"event_name":"Living Wall","floor":5,"gold_loss":0,"cards_upgraded":["Sunder"]},{"damage_healed":0,"gold_gain":0,"player_choice":"Donut","damage_taken":0,"max_hp_gain":5,"max_hp_loss":0,"event_name":"Big Fish","floor":7,"gold_loss":0},{"cards_removed":["Strike_B"],"damage_healed":0,"gold_gain":0,"player_choice":"Purged","damage_taken":0,"max_hp_gain":0,"max_hp_loss":0,"event_name":"Purifier","floor":19,"gold_loss":0},{"damage_healed":0,"gold_gain":0,"player_choice":"Opened","damage_taken":0,"relics_obtained":["Boot"],"max_hp_gain":0,"max_hp_loss":0,"event_name":"The Mausoleum","floor":21,"gold_loss":0}],"is_beta":false,"boss_relics":[{"not_picked":["White Beast Statue","Fusion Hammer"],"picked":"Philosopher\u0027s Stone"}],"items_purged_floors":[20],"is_endless":false,"potions_floor_spawned":[1,12,16,18,24],"killed_by":"Centurion and Healer","ascension_level":0}