{"gold_per_floor":[112,132,142,142,157,157,106,106,159,159,176,194,144,159,159,263,263,277,150,161,61,61,61],"floor_reached":23,"playtime":974,"items_purged":["Strike_B","Strike_B"],"score":284,"play_id":"7d59f93f-7749-42b6-bac2-1f06bd0ce14d","local_time":"20180816001044","is_ascension_mode":true,"campfire_choices":[{"data":"Zap","floor":6,"key":"SMITH"},{"data":"Multi-Cast","floor":8,"key":"SMITH"},{"data":"Turbo","floor":15,"key":"SMITH"}],"neow_cost":"","seed_source_timestamp":38423546255665,"circlet_count":0,"master_deck":["Strike_B","Defend_B","Defend_B","Defend_B","Defend_B","Zap+1","Dualcast+1","AscendersBane","White Noise","Self Repair","Leap+1","Multi-Cast+1","Rebound","Darkness","Turbo+1","Steam","Biased Cognition","Go for the Eyes+1","Leap"],"relics":["Cracked Core","Art of War","War Paint","Sozu"],"potions_floor_usage":[16],"damage_taken":[{"damage":9,"enemies":"Small Slimes","floor":1,"turns":4},{"damage":3,"enemies":"2 Louse","floor":2,"turns":2},{"damage":1,"enemies":"Cultist","floor":3,"turns":4},{"damage":4,"enemies":"3 Louse","floor":5,"turns":6},{"damage":1,"enemies":"Looter","floor":11,"turns":3},{"damage":8,"enemies":"2 Fungi Beasts","floor":12,"turns":3},{"damage":18,"enemies":"Exordium Wildlife","floor":14,"turns":4},{"damage":26,"enemies":"Hexaghost","floor":16,"turns":5},{"damage":18,"enemies":"Chosen","floor":18,"turns":5},{"damage":7,"enemies":"Shell Parasite","floor":20,"turns":5},{"damage":66,"enemies":"Slavers","floor":23,"turns":4}],"seed_played":"-1765202039497981628","potions_obtained":[{"floor":3,"key":"FearPotion"},{"floor":5,"key":"LiquidBronze"},{"floor":16,"key":"FocusPotion"}],"is_trial":false,"path_per_floor":["M","M","M","?","M","R","$","R","T","?","M","M","?","M","R","B",null,"M","$","M","$","?"],"character_chosen":"DEFECT","items_purchased":["Rebound","Leap"],"campfire_rested":0,"item_purchase_floors":[7,19],"current_hp_per_floor":[59,56,62,62,65,65,65,65,65,53,59,65,65,47,47,28,63,59,59,59,59,59,0],"gold":61,"neow_bonus":"","is_prod":false,"is_daily":false,"chose_seed":false,"campfire_upgraded":3,"win_rate":0,"timestamp":1534345844,"path_taken":["M","M","M","?","M","R","$","R","T","?","M","M","?","M","R","BOSS","M","$","M","$","?","E"],"build_version":"2018-08-09","purchased_purges":2,"victory":false,"max_hp_per_floor":[75,75,75,75,75,75,75,75,75,75,75,75,75,75,75,75,75,75,75,75,75,75,75],"card_choices":[{"not_picked":["Stack","Beam Cell"],"picked":"White Noise","floor":1},{"not_picked":["Sweeping Beam","Streamline"],"picked":"Self Repair","floor":2},{"not_picked":["Redo","Coolheaded"],"picked":"Leap","floor":3},{"not_picked":["Rebound","Sweeping Beam"],"picked":"Multi-Cast","floor":5},{"not_picked":["Beam Cell","Stack"],"picked":"Darkness","floor":11},{"not_picked":["White Noise","Steam"],"picked":"Turbo","floor":12},{"not_picked":["Streamline","Hello World"],"picked":"Steam","floor":14},{"not_picked":["Amplify","All For One"],"picked":"Biased Cognition","floor":16},{"not_picked":["Ball Lightning+1","Undo"],"picked":"Go for the Eyes+1","floor":18},{"not_picked":["Consume","Force Field","Turbo"],"picked":"SKIP","floor":20}],"player_experience":218956,"relics_obtained":[{"floor":9,"key":"Art of War"}],"event_choices":[{"event_name":"Liars Game","player_choice":"disagreed","floor":4,"damage_taken":0},{"event_name":"Scrap Ooze","player_choice":"success","floor":10,"damage_taken":12},{"event_name":"The Cleric","player_choice":"Card Removal","floor":13,"damage_taken":0},{"event_name":"Drug Dealer","player_choice":"Ignored","floor":22,"damage_taken":0}],"is_beta":false,"boss_relics":[{"not_picked":["Lizard Tail","Black Star"],"picked":"Sozu"}],"items_purged_floors":[19,21],"is_endless":false,"potions_floor_spawned":[3,5,16,18],"killed_by":"Slavers","ascension_level":11}