{"gold_per_floor":[119,44,61,61,77,77,77,152,152,152,170,170,203,227,227,357,357,357,76,76,76,76,76,76,76,76,76,76,76,76,76,76,76,76,76,76,0,0,0,0,0,0,0,0,0,0,0,0,0,0],"floor_reached":51,"playtime":2749,"items_purged":["Strike_B","Defend_B"],"score":822,"play_id":"839fea0c-dfc6-4a92-8319-7633afe64d37","local_time":"20180624134640","is_ascension_mode":false,"campfire_choices":[{"data":"Darkness","floor":7,"key":"SMITH"},{"data":"Zap","floor":10,"key":"SMITH"},{"floor":12,"key":"REST"},{"floor":15,"key":"REST"},{"data":"Redo","floor":23,"key":"SMITH"},{"data":"Redo","floor":27,"key":"SMITH"},{"data":"Defragment","floor":30,"key":"SMITH"},{"data":"Dualcast","floor":32,"key":"SMITH"},{"data":"Echo Form","floor":40,"key":"SMITH"},{"data":"Reboot","floor":42,"key":"SMITH"},{"data":"Defend_B","floor":44,"key":"PURGE"},{"data":"Defend_B","floor":46,"key":"PURGE"},{"data":"Defend_B","floor":49,"key":"PURGE"}],"neow_cost":"NONE","seed_source_timestamp":20629885122191,"circlet_count":0,"master_deck":["Zap+1","Dualcast+1","Darkness+1","Ball Lightning","Redo+1","Gash","Reboot+1","Defragment+1","Redo+1","Gash","Reinforced Body+1","Hologram","Echo Form+1","Gash","Electrodynamics","Master of Strategy"],"relics":["Empty Cage","Letter Opener","Strawberry","Ectoplasm","Toolbox","Eternal Feather","Red Mask","Peace Pipe","Old Coin"],"potions_floor_usage":[3,16,25,33,50,50,50],"damage_taken":[{"damage":1,"enemies":"Cultist","floor":1,"turns":3},{"damage":0,"enemies":"2 Louse","floor":3,"turns":3},{"damage":7,"enemies":"Small Slimes","floor":5,"turns":3},{"damage":2,"enemies":"Blue Slaver","floor":11,"turns":3},{"damage":26,"enemies":"Lagavulin","floor":13,"turns":4},{"damage":5,"enemies":"3 Louse","floor":14,"turns":3},{"damage":27,"enemies":"Hexaghost","floor":16,"turns":6},{"damage":5,"enemies":"Shell Parasite","floor":18,"turns":3},{"damage":5,"enemies":"3 Byrds","floor":20,"turns":3},{"damage":26,"enemies":"Centurion and Healer","floor":21,"turns":5},{"damage":3,"enemies":"Cultist and Chosen","floor":25,"turns":5},{"damage":18,"enemies":"Chosen and Byrds","floor":28,"turns":4},{"damage":5,"enemies":"Sentry and Sphere","floor":29,"turns":3},{"damage":0,"enemies":"3 Cultists","floor":31,"turns":5},{"damage":37,"enemies":"Champ","floor":33,"turns":7},{"damage":0,"enemies":"3 Darklings","floor":35,"turns":3},{"damage":18,"enemies":"3 Shapes","floor":36,"turns":3},{"damage":1,"floor":38,"turns":6},{"damage":0,"enemies":"Sphere and 2 Shapes","floor":41,"turns":2},{"damage":0,"enemies":"Maw","floor":48,"turns":4},{"damage":80,"enemies":"Donu and Deca","floor":50,"turns":6}],"seed_played":"-4434716413603323965","potions_obtained":[{"floor":1,"key":"Energy Potion"},{"floor":13,"key":"AttackPotion"},{"floor":20,"key":"Ancient Potion"},{"floor":25,"key":"LiquidBronze"},{"floor":33,"key":"GamblersBrew"},{"floor":38,"key":"Block Potion"},{"floor":41,"key":"Dexterity Potion"}],"is_trial":false,"path_per_floor":["M","$","M","?","M","?","R","?","T","R","M","R","E","M","R","B",null,"M","$","M","M","?","R","?","M","T","R","M","M","R","M","R","B",null,"M","M","?","?","?","R","M","R","T","R","$","R","?","M","R","B"],"character_chosen":"DEFECT","items_purchased":["Defragment","Redo","Gash"],"campfire_rested":2,"item_purchase_floors":[19,19,19],"current_hp_per_floor":[74,74,74,67,60,42,42,31,31,31,29,51,32,27,51,24,82,77,77,72,46,73,73,73,70,70,70,52,47,47,47,47,10,82,82,64,64,63,63,69,69,75,75,81,81,82,82,82,82,2],"gold":0,"neow_bonus":"BOSS_RELIC","is_prod":false,"is_daily":false,"chose_seed":false,"campfire_upgraded":8,"win_rate":0,"timestamp":1529840800,"path_taken":["M","$","M","?","M","?","R","?","T","R","?","R","E","M","R","BOSS","M","$","M","M","?","R","?","M","T","R","M","M","R","M","R","BOSS","M","M","?","?","?","R","?","R","T","R","$","R","?","M","R","BOSS"],"build_version":"2018-06-21v2","purchased_purges":2,"victory":true,"max_hp_per_floor":[75,75,75,75,75,75,75,75,75,75,75,75,82,82,82,82,82,82,82,82,82,82,82,82,82,82,82,82,82,82,82,82,82,82,82,82,82,82,82,82,82,82,82,82,82,82,82,82,82,82],"card_choices":[{"not_picked":["Sweeping Beam","Compile Driver"],"picked":"Darkness","floor":1},{"not_picked":["Compile Driver","Conserve Battery"],"picked":"Ball Lightning","floor":3},{"not_picked":["Barrage","Genetic Algorithm","Beam Cell"],"picked":"SKIP","floor":5},{"not_picked":["Barrage","Beam Cell"],"picked":"Redo","floor":11},{"not_picked":["Sweeping Beam","Darkness","Steam"],"picked":"SKIP","floor":13},{"not_picked":["Melter","Chaos"],"picked":"Gash","floor":14},{"not_picked":["Rainbow","Core Surge"],"picked":"Reboot","floor":16},{"not_picked":["Scrape","Rebound","Consume"],"picked":"SKIP","floor":18},{"not_picked":["Steam Power","BootSequence","Blizzard+1"],"picked":"SKIP","floor":20},{"not_picked":["Rebound+1","Barrage"],"picked":"Reinforced Body+1","floor":21},{"not_picked":["Streamline+1","Stack","Cold Snap"],"picked":"SKIP","floor":25},{"not_picked":["Gash","Cold Snap"],"picked":"Hologram","floor":28},{"not_picked":["Steam","Stack"],"picked":"Echo Form","floor":29},{"not_picked":["Heatsinks","Sweeping Beam"],"picked":"Gash","floor":31},{"not_picked":["Creative AI","Thunder Strike"],"picked":"Electrodynamics","floor":33},{"not_picked":["Ball Lightning","Hologram","Scrape"],"picked":"SKIP","floor":35},{"not_picked":["Melter","Aggregate+1","Coolheaded+1"],"picked":"SKIP","floor":36},{"not_picked":["Barrage","Rebound+1","Hologram+1"],"picked":"SKIP","floor":41},{"not_picked":["Magnetism","Dramatic Entrance"],"picked":"Master of Strategy","floor":47},{"not_picked":["Conserve Battery","Barrage","Reinforced Body+1"],"picked":"SKIP","floor":48}],"player_experience":260288,"relics_obtained":[{"floor":9,"key":"Letter Opener"},{"floor":13,"key":"Strawberry"},{"floor":26,"key":"Toolbox"},{"floor":38,"key":"Peace Pipe"},{"floor":43,"key":"Old Coin"}],"event_choices":[{"event_name":"Golden Wing","player_choice":"Card Removal","floor":4,"damage_taken":0},{"event_name":"Golden Idol","player_choice":"Take Damage","floor":6,"damage_taken":0},{"event_name":"World of Goop","player_choice":"Gather Gold","floor":8,"damage_taken":0},{"event_name":"The Library","player_choice":"Heal","floor":22,"damage_taken":0},{"event_name":"The Woman in Blue","player_choice":"Bought 0 Potions","floor":24,"damage_taken":0},{"event_name":"Tomb of Lord Red Mask","player_choice":"Paid","floor":37,"damage_taken":0},{"event_name":"MindBloom","player_choice":"Fight","floor":38,"damage_taken":0},{"event_name":"The Moai Head","player_choice":"Gave Idol","floor":39,"damage_taken":0},{"event_name":"SensoryStone","player_choice":"Memory 1","floor":47,"damage_taken":0}],"boss_relics":[{"not_picked":["Calling Bell","Runic Pyramid"],"picked":"Ectoplasm"},{"not_picked":["Runic Dome","Pandora\u0027s Box"],"picked":"Eternal Feather"}],"items_purged_floors":[2,19],"is_endless":false,"potions_floor_spawned":[1,13,20,25,33,38,41,48],"ascension_level":0}