{"gold_per_floor":[113,113,124,141,8,36,48,75,75,92,92,118,40,53,53,131,131,105,155,174,174,224,224,4,4,4,32,32,32],"floor_reached":29,"playtime":1444,"items_purged":["Shockwave"],"score":496,"play_id":"1a0ad523-a863-49b5-b82c-4b665e4624a3","local_time":"20191006233317","is_ascension_mode":true,"campfire_choices":[{"floor":11,"key":"REST"},{"data":"Whirlwind","floor":15,"key":"SMITH"},{"data":"Inflame","floor":23,"key":"SMITH"},{"floor":25,"key":"REST"}],"neow_cost":"TEN_PERCENT_HP_LOSS","seed_source_timestamp":43090318722329,"circlet_count":0,"master_deck":["AscendersBane","Strike_R","Strike_R","Strike_R+1","Strike_R","Strike_R","Defend_R","Defend_R","Defend_R","Defend_R","Bash","Carnage+1","Hemokinesis","Metallicize","Inflame+1","Anger","Whirlwind+1","Disarm","Disarm","Metallicize","Offering","Battle Trance","Shockwave+1","Limit Break","Shrug It Off","Inflame","Shame"],"relics":["Burning Blood","FossilizedHelix","GremlinMask","Regal Pillow","Blue Candle","Bottled Flame","Bottled Lightning","Orrery","Frozen Egg 2","Whetstone","Centennial Puzzle"],"potions_floor_usage":[8,12,27,29],"damage_taken":[{"damage":0,"enemies":"Small Slimes","floor":1,"turns":3},{"damage":0,"enemies":"Cultist","floor":3,"turns":3},{"damage":0,"enemies":"2 Louse","floor":4,"turns":2},{"damage":15,"enemies":"Lagavulin","floor":6,"turns":6},{"damage":22,"enemies":"Gremlin Gang","floor":7,"turns":5},{"damage":8,"enemies":"Gremlin Nob","floor":8,"turns":3},{"damage":15,"enemies":"Looter","floor":10,"turns":4},{"damage":10,"enemies":"Lagavulin","floor":12,"turns":6},{"damage":3,"enemies":"Large Slime","floor":14,"turns":5},{"damage":23,"enemies":"Hexaghost","floor":16,"turns":11},{"damage":24,"enemies":"2 Thieves","floor":18,"turns":4},{"damage":11,"enemies":"Shell Parasite","floor":20,"turns":6},{"damage":27,"enemies":"Gremlin Leader","floor":27,"turns":5},{"damage":57,"enemies":"Slavers","floor":29,"turns":3}],"seed_played":"-30465846101024600","potions_obtained":[{"floor":1,"key":"SteroidPotion"},{"floor":3,"key":"FearPotion"},{"floor":16,"key":"EssenceOfSteel"},{"floor":18,"key":"Energy Potion"}],"is_trial":false,"path_per_floor":["M","?","M","M","$","E","M","E","T","M","R","E","$","M","R","B",null,"M","?","M","?","?","R","$","R","T","E","?","E"],"character_chosen":"IRONCLAD","items_purchased":["Inflame","Anger","Disarm","Shrug It Off","Inflame"],"campfire_rested":2,"item_purchase_floors":[5,5,13,24,24],"current_hp_per_floor":[68,68,68,68,68,59,43,41,41,32,67,63,63,66,66,49,63,45,45,40,40,40,40,40,68,68,47,47,0],"gold":32,"neow_bonus":"ONE_RARE_RELIC","is_prod":false,"is_daily":false,"chose_seed":false,"campfire_upgraded":2,"win_rate":0,"timestamp":1570397597,"path_taken":["M","?","?","M","$","E","?","E","T","M","R","E","$","M","R","BOSS","M","?","?","?","?","R","$","R","T","E","?","E"],"build_version":"2019-07-17","purchased_purges":1,"victory":false,"max_hp_per_floor":[68,68,68,68,68,68,68,68,68,68,68,68,68,68,68,68,68,68,68,68,68,68,68,68,68,68,68,68,68],"card_choices":[{"not_picked":["Burning Pact","Cleave"],"picked":"Carnage","floor":1},{"not_picked":["Sword Boomerang","Perfected Strike"],"picked":"Hemokinesis","floor":3},{"not_picked":["Sever Soul","Perfected Strike"],"picked":"Metallicize","floor":4},{"not_picked":["Metallicize","Intimidate","Sever Soul"],"picked":"SKIP","floor":6},{"not_picked":["Thunderclap","Pommel Strike"],"picked":"Whirlwind","floor":7},{"not_picked":["Perfected Strike","Heavy Blade"],"picked":"Disarm","floor":8},{"not_picked":["Brutality","Anger","Sword Boomerang"],"picked":"SKIP","floor":10},{"not_picked":["Perfected Strike","Clash","Pummel"],"picked":"SKIP","floor":12},{"not_picked":["Infernal Blade","Sword Boomerang"],"picked":"Metallicize","floor":14},{"not_picked":["Berserk","Reaper"],"picked":"Offering","floor":16},{"not_picked":["Havoc","Iron Wave"],"picked":"Battle Trance","floor":17},{"not_picked":["Armaments","Sever Soul"],"picked":"Shockwave","floor":17},{"not_picked":["Hemokinesis","Body Slam+1"],"picked":"Shockwave+1","floor":18},{"not_picked":["Clothesline","True Grit"],"picked":"Limit Break","floor":20},{"not_picked":["Reckless Charge","Thunderclap","Wild Strike"],"picked":"SKIP","floor":27}],"player_experience":1152265,"relics_obtained":[{"floor":6,"key":"Regal Pillow"},{"floor":8,"key":"Blue Candle"},{"floor":9,"key":"Bottled Flame"},{"floor":12,"key":"Bottled Lightning"},{"floor":26,"key":"Frozen Egg 2"},{"floor":27,"key":"Whetstone"}],"event_choices":[{"damage_healed":0,"gold_gain":0,"player_choice":"Trade","damage_taken":0,"relics_obtained":["GremlinMask"],"max_hp_gain":0,"max_hp_loss":0,"event_name":"FaceTrader","floor":2,"gold_loss":0},{"damage_healed":0,"gold_gain":50,"player_choice":"Pray","damage_taken":0,"max_hp_gain":0,"max_hp_loss":0,"event_name":"Golden Shrine","floor":19,"gold_loss":0},{"damage_healed":0,"gold_gain":0,"player_choice":"Ignored","damage_taken":0,"max_hp_gain":0,"max_hp_loss":0,"event_name":"Ghosts","floor":21,"gold_loss":0},{"damage_healed":0,"gold_gain":50,"player_choice":"Stole From Cult","damage_taken":0,"max_hp_gain":0,"max_hp_loss":0,"event_name":"Nest","floor":22,"gold_loss":0},{"damage_healed":0,"gold_gain":0,"player_choice":"Stole Relic","damage_taken":0,"relics_obtained":["Centennial Puzzle"],"max_hp_gain":0,"max_hp_loss":0,"event_name":"Addict","floor":28,"gold_loss":0,"cards_obtained":["Shame"]}],"is_beta":false,"boss_relics":[{"not_picked":["Runic Dome","Eternal Feather"],"picked":"Orrery"}],"items_purged_floors":[24],"is_endless":false,"potions_floor_spawned":[1,3,6,16,18],"killed_by":"Slavers","ascension_level":18}