{"gold_per_floor":[367,50,50,64,74,74,108,108],"floor_reached":8,"playtime":349,"items_purged":[],"score":111,"play_id":"b4b0fc08-c33e-49b4-9890-4523fe18c065","local_time":"20190407120518","is_ascension_mode":true,"campfire_choices":[{"data":"Strike_R","floor":6,"key":"PURGE"}],"neow_cost":"CURSE","seed_source_timestamp":1733792115648500,"circlet_count":0,"master_deck":["AscendersBane","Strike_R","Strike_R","Strike_R","Strike_R","Defend_R","Defend_R","Defend_R","Defend_R","Bash","Uppercut","Clash","Rage"],"relics":["Burning Blood","Peace Pipe","Spirit Poop","Happy Flower"],"potions_floor_usage":[],"damage_taken":[{"damage":15,"enemies":"2 Louse","floor":1,"turns":3},{"damage":1,"enemies":"Cultist","floor":4,"turns":3},{"damage":4,"enemies":"Jaw Worm","floor":5,"turns":3},{"damage":25,"enemies":"Gremlin Nob","floor":7,"turns":4},{"damage":48,"enemies":"3 Sentries","floor":8,"turns":11}],"seed_played":"-1790258300324539733","potions_obtained":[{"floor":1,"key":"SpeedPotion"}],"is_trial":false,"path_per_floor":["M","$","?","M","M","R","E","?"],"character_chosen":"IRONCLAD","items_purchased":["Peace Pipe"],"campfire_rested":0,"item_purchase_floors":[2],"current_hp_per_floor":[59,59,59,64,66,66,47,0],"gold":108,"neow_bonus":"TWO_FIFTY_GOLD","is_prod":false,"is_daily":false,"chose_seed":false,"campfire_upgraded":0,"win_rate":0,"timestamp":1554627918,"path_taken":["M","$","?","M","?","R","E","?"],"build_version":"2019-01-23","purchased_purges":0,"victory":false,"max_hp_per_floor":[75,75,75,75,75,75,75,75],"card_choices":[{"not_picked":["Rage","Wild Strike"],"picked":"Uppercut","floor":1},{"not_picked":["Heavy Blade","Perfected Strike"],"picked":"Clash","floor":4},{"not_picked":["Havoc","Reckless Charge"],"picked":"Rage","floor":5},{"not_picked":["Warcry","Seeing Red","Armaments"],"picked":"SKIP","floor":7}],"player_experience":1129583,"relics_obtained":[{"floor":7,"key":"Happy Flower"}],"event_choices":[{"cards_removed":["Writhe"],"damage_healed":0,"gold_gain":0,"player_choice":"Offered Curse","damage_taken":0,"relics_obtained":["Spirit Poop"],"max_hp_gain":0,"max_hp_loss":0,"event_name":"Bonfire Elementals","floor":3,"gold_loss":0},{"damage_healed":0,"gold_gain":0,"player_choice":"Searched \u00271\u0027 times","damage_taken":0,"max_hp_gain":0,"max_hp_loss":0,"event_name":"Dead Adventurer","floor":8,"gold_loss":0}],"is_beta":false,"boss_relics":[],"items_purged_floors":[],"is_endless":false,"potions_floor_spawned":[1],"killed_by":"3 Sentries","ascension_level":20}