{"gold_per_floor":[111,126,136,136,60,60,60,121,148,52,52],"floor_reached":11,"playtime":492,"items_purged":[],"score":142,"play_id":"fd856f6c-8e46-487c-a0f8-20c2a4f28b84","local_time":"20190516113128","is_ascension_mode":true,"campfire_choices":[{"data":"Bash","floor":6,"key":"SMITH"}],"neow_cost":"NONE","seed_source_timestamp":337277993587500,"circlet_count":0,"master_deck":["AscendersBane","Strike_R","Strike_R","Strike_R","Strike_R","Defend_R","Defend_R","Defend_R","Defend_R","Bash+1","Clothesline","Perfected Strike","Corruption","Regret","Feed","Exhume"],"relics":["Burning Blood","Blood Vial","Blue Candle","Tiny Chest","Lantern","Art of War"],"potions_floor_usage":[],"damage_taken":[{"damage":7,"enemies":"Cultist","floor":1,"turns":4},{"damage":4,"enemies":"Jaw Worm","floor":2,"turns":5},{"damage":1,"enemies":"2 Louse","floor":3,"turns":3},{"damage":41,"enemies":"Lagavulin","floor":8,"turns":8},{"damage":56,"enemies":"3 Sentries","floor":11,"turns":6}],"seed_played":"2526031749686505978","potions_obtained":[],"is_trial":false,"path_per_floor":["M","M","M","?","$","R","T","E","T","?","E"],"character_chosen":"IRONCLAD","items_purchased":["Feed"],"campfire_rested":0,"item_purchase_floors":[5],"current_hp_per_floor":[67,69,74,74,74,74,74,43,43,43,0],"gold":52,"neow_bonus":"REMOVE_CARD","is_prod":false,"is_daily":false,"chose_seed":false,"campfire_upgraded":1,"win_rate":0,"timestamp":1557995488,"path_taken":["M","M","M","?","$","R","?","E","T","?","E"],"build_version":"2019-01-23","purchased_purges":0,"victory":false,"max_hp_per_floor":[75,75,75,75,75,75,75,78,78,78,81],"card_choices":[{"not_picked":["Sword Boomerang","Heavy Blade"],"picked":"Clothesline","floor":1},{"not_picked":["Iron Wave","Reckless Charge"],"picked":"Perfected Strike","floor":2},{"not_picked":["Twin Strike","Havoc"],"picked":"Corruption","floor":3},{"not_picked":["Power Through","Thunderclap"],"picked":"Exhume","floor":8}],"player_experience":1315718,"relics_obtained":[{"floor":7,"key":"Blue Candle"},{"floor":8,"key":"Tiny Chest"},{"floor":9,"key":"Lantern"}],"event_choices":[{"damage_healed":0,"gold_gain":0,"player_choice":"Box","damage_taken":0,"relics_obtained":["Blood Vial"],"max_hp_gain":0,"max_hp_loss":0,"event_name":"Big Fish","floor":4,"gold_loss":0,"cards_obtained":["Regret"]},{"damage_healed":0,"gold_gain":0,"player_choice":"Paid Gold","damage_taken":0,"relics_obtained":["Art of War"],"max_hp_gain":0,"max_hp_loss":0,"event_name":"WeMeetAgain","floor":10,"gold_loss":96}],"is_beta":false,"boss_relics":[],"items_purged_floors":[],"is_endless":false,"potions_floor_spawned":[],"killed_by":"3 Sentries","ascension_level":20}