{"gold_per_floor":[109,109,109,259,61,90,90,124,124,124,36,36,47,64,64,135,135],"floor_reached":17,"playtime":370,"items_purged":["Doubt"],"score":422,"play_id":"07a8da67-1304-4de1-b59d-d5962b8af9d6","local_time":"20190425105747","is_ascension_mode":true,"campfire_choices":[{"floor":7.0,"key":"REST"},{"data":"Noxious Fumes","floor":10.0,"key":"SMITH"},{"data":"Catalyst","floor":15.0,"key":"SMITH"}],"neow_cost":"NONE","seed_source_timestamp":186368021190400,"circlet_count":0,"master_deck":["AscendersBane","Defend_G","Defend_G","Defend_G","Defend_G","Defend_G","Strike_G","Strike_G","Strike_G","Strike_G","Survivor","Neutralize","Deadly Poison","Noxious Fumes+1","Catalyst+1","Doppelganger","Noxious Fumes","Footwork","Deflect"],"special_seed":0,"relics":["Ring of the Snake","NeowsBlessing","Letter Opener","Girya","Unceasing Top","Molten Egg 2"],"potions_floor_usage":[],"damage_taken":[{"damage":0.0,"enemies":"Jaw Worm","floor":1.0,"turns":1.0},{"damage":0.0,"enemies":"3 Sentries","floor":6.0,"turns":1.0},{"damage":0.0,"enemies":"Lagavulin","floor":8.0,"turns":1.0},{"damage":0.0,"enemies":"Small Slimes","floor":13.0,"turns":4.0},{"damage":1.0,"enemies":"2 Louse","floor":14.0,"turns":4.0},{"damage":40,"enemies":"Slime Boss","floor":16,"turns":9}],"seed_played":"-1613964088715347788","potions_obtained":[{"floor":1.0,"key":"Ancient Potion"},{"floor":14.0,"key":"SteroidPotion"}],"is_trial":false,"path_per_floor":["M","?","?","?","$","E","R","E","T","R","$","?","M","M","R","B",null],"character_chosen":"THE_SILENT","items_purchased":["Noxious Fumes","Catalyst","Footwork"],"campfire_rested":1,"item_purchase_floors":[5,5,11],"current_hp_per_floor":[59,24,24,24,24,24,43,43,43,43,43,43,43,42,42,2,2],"gold":135,"neow_bonus":"THREE_ENEMY_KILL","is_prod":false,"is_daily":false,"chose_seed":false,"campfire_upgraded":2,"win_rate":0,"timestamp":1556179067,"path_taken":["M","?","?","?","$","E","R","E","T","R","$","?","M","M","R","BOSS"],"build_version":"2019-01-23","purchased_purges":1,"victory":false,"max_hp_per_floor":[66,66,66,66,66,66,66,66,66,66,66,66,66,66,66,66,66],"card_choices":[{"not_picked":["Expertise","Bane"],"picked":"Deadly Poison","floor":1.0},{"not_picked":["Caltrops","Dagger Spray"],"picked":"Doppelganger","floor":6.0},{"not_picked":["Flying Knee","Accuracy"],"picked":"Noxious Fumes","floor":8.0},{"not_picked":["Dagger Throw+1","Blade Dance","Finisher+1"],"picked":"SKIP","floor":13.0},{"not_picked":["Reflex","Infinite Blades"],"picked":"Deflect","floor":14.0}],"player_experience":1232681,"relics_obtained":[{"floor":6.0,"key":"Girya"},{"floor":8.0,"key":"Unceasing Top"},{"floor":9.0,"key":"Molten Egg 2"}],"event_choices":[{"damage_healed":0.0,"max_hp_gain":0.0,"max_hp_loss":0.0,"gold_gain":0.0,"event_name":"Scrap Ooze","player_choice":"Success","floor":2.0,"gold_loss":0.0,"damage_taken":35.0,"relics_obtained":["Letter Opener"]},{"damage_healed":0.0,"max_hp_gain":0.0,"max_hp_loss":0.0,"gold_gain":0.0,"event_name":"Shining Light","player_choice":"Ignored","floor":3.0,"gold_loss":0.0,"damage_taken":0.0},{"damage_healed":0.0,"max_hp_gain":0.0,"max_hp_loss":0.0,"gold_gain":150.0,"event_name":"Liars Game","player_choice":"AGREE","floor":4.0,"gold_loss":0.0,"damage_taken":0.0,"cards_obtained":["Doubt"]},{"cards_removed":["Strike_G"],"damage_healed":0.0,"max_hp_gain":0.0,"max_hp_loss":0.0,"gold_gain":0.0,"event_name":"Living Wall","player_choice":"Forget","floor":12.0,"gold_loss":0.0,"damage_taken":0.0}],"is_beta":false,"boss_relics":[],"items_purged_floors":[5],"is_endless":false,"potions_floor_spawned":[1,14,16],"ascension_level":20}