{"gold_per_floor":[368,378,55,71,32,57,57,84,84,84,84,115,98,110,110,189,189,207,221,232,249,199,228,228,256,282,314,314,324,337,348,348,422,422,434,434,434,452,469,469,484,516,516,516,90,118,132,132,132,132],"floor_reached":51,"playtime":4012,"items_purged":["Decay","Strike_B"],"score":1625,"play_id":"7476a00f-62aa-4323-8c1d-a0d92d5ff8a1","local_time":"20190404123548","is_ascension_mode":true,"campfire_choices":[{"floor":7,"key":"REST"},{"data":"Defragment","floor":15,"key":"SMITH"},{"data":"Buffer","floor":24,"key":"SMITH"},{"data":"Consume","floor":28,"key":"SMITH"},{"floor":32,"key":"REST"},{"data":"Coolheaded","floor":40,"key":"SMITH"},{"floor":44,"key":"REST"},{"floor":49,"key":"REST"}],"neow_cost":"CURSE","seed_source_timestamp":1472730317447600,"circlet_count":0,"master_deck":["AscendersBane","Strike_B","Strike_B","Defend_B","Defend_B","Defend_B","Defend_B+1","Zap","Dualcast+1","Sunder+1","Go for the Eyes","Defragment+1","Glacier","Genetic Algorithm+1","Cold Snap+1","Coolheaded","Capacitor","Coolheaded+1","Glacier","Buffer+1","Glacier","Skim+1","Consume+1","Undo","Meteor Strike","Blizzard"],"relics":["Cracked Core","PreservedInsect","Question Card","Whetstone","Mango","Snecko Eye","Strawberry","Letter Opener","Bronze Scales","War Paint","Inserter","Ornamental Fan","Anchor","Ancient Tea Set"],"potions_floor_usage":[16,25,38],"damage_taken":[{"damage":11,"enemies":"Cultist","floor":1,"turns":4},{"damage":0,"enemies":"2 Louse","floor":2,"turns":2},{"damage":4,"enemies":"Jaw Worm","floor":4,"turns":2},{"damage":36,"enemies":"Gremlin Nob","floor":6,"turns":7},{"damage":12,"enemies":"Lagavulin","floor":8,"turns":8},{"damage":0,"enemies":"Gremlin Nob","floor":12,"turns":4},{"damage":9,"enemies":"Exordium Thugs","floor":13,"turns":6},{"damage":21,"enemies":"Gremlin Gang","floor":14,"turns":6},{"damage":9,"enemies":"The Guardian","floor":16,"turns":21},{"damage":0,"enemies":"Chosen","floor":18,"turns":5},{"damage":0,"enemies":"Shell Parasite","floor":19,"turns":7},{"damage":0,"enemies":"Cultist and Chosen","floor":20,"turns":11},{"damage":0,"enemies":"3 Cultists","floor":21,"turns":7},{"damage":9,"enemies":"Slavers","floor":23,"turns":7},{"damage":0,"enemies":"Book of Stabbing","floor":25,"turns":6},{"damage":0,"enemies":"Gremlin Leader","floor":27,"turns":10},{"damage":0,"enemies":"Centurion and Healer","floor":29,"turns":8},{"damage":0,"enemies":"Snecko","floor":30,"turns":5},{"damage":24,"enemies":"3 Cultists","floor":31,"turns":8},{"damage":0,"enemies":"Collector","floor":33,"turns":23},{"damage":0,"enemies":"3 Shapes","floor":35,"turns":5},{"damage":6,"enemies":"3 Darklings","floor":38,"turns":9},{"damage":0,"enemies":"Maw","floor":39,"turns":9},{"damage":1,"enemies":"Transient","floor":41,"turns":5},{"damage":25,"enemies":"Reptomancer","floor":42,"turns":9},{"damage":0,"enemies":"Nemesis","floor":46,"turns":9},{"damage":7,"enemies":"4 Shapes","floor":47,"turns":6},{"damage":5,"enemies":"Donu and Deca","floor":50,"turns":14}],"seed_played":"-5762121194512068253","potions_obtained":[{"floor":2,"key":"EssenceOfSteel"},{"floor":6,"key":"LiquidBronze"},{"floor":8,"key":"PowerPotion"},{"floor":18,"key":"EssenceOfSteel"},{"floor":25,"key":"Energy Potion"},{"floor":30,"key":"LiquidBronze"},{"floor":41,"key":"Energy Potion"},{"floor":42,"key":"PowerPotion"}],"is_trial":false,"path_per_floor":["M","M","$","M","$","E","R","E","T","?","?","E","M","M","R","B",null,"M","M","M","M","?","E","R","E","T","E","R","M","M","M","R","B",null,"M","?","?","M","M","R","M","E","T","R","$","E","M","?","R","B",null],"character_chosen":"DEFECT","items_purchased":["Defragment","Glacier","Genetic Algorithm","Cold Snap","Capacitor","Meteor Strike","Anchor"],"campfire_rested":4,"item_purchase_floors":[3,3,3,3,5,45,45],"current_hp_per_floor":[53,53,53,49,49,13,34,22,22,45,45,59,50,29,29,20,69,69,69,69,69,69,67,67,67,67,67,67,67,67,43,70,70,87,87,87,77,71,71,71,70,45,45,72,72,72,65,65,92,87],"gold":132,"neow_bonus":"TWO_FIFTY_GOLD","is_prod":false,"is_daily":false,"chose_seed":false,"campfire_upgraded":4,"win_rate":0,"timestamp":1554370548,"path_taken":["M","M","$","M","?","E","R","E","T","?","?","E","M","?","R","BOSS","M","?","M","?","?","E","R","E","T","E","R","M","?","M","R","BOSS","M","?","?","M","M","R","M","E","T","R","$","E","M","?","R","BOSS"],"build_version":"2019-01-23","purchased_purges":2,"victory":true,"max_hp_per_floor":[71,71,71,71,71,71,71,71,71,71,71,85,85,85,85,85,85,85,85,85,85,85,92,92,92,92,92,92,92,92,92,92,92,92,92,92,92,92,92,92,92,92,92,92,92,92,92,92,92,92],"card_choices":[{"not_picked":["Recycle","Redo"],"picked":"Sunder","floor":1},{"not_picked":["Recycle","Streamline"],"picked":"Go for the Eyes","floor":2},{"not_picked":["Turbo","Tempest"],"picked":"Coolheaded","floor":4},{"not_picked":["Leap","Gash","Heatsinks"],"picked":"SKIP","floor":6},{"not_picked":["Reinforced Body","Steam"],"picked":"Coolheaded","floor":8},{"not_picked":["Beam Cell","Storm","Amplify"],"picked":"Glacier","floor":12},{"not_picked":["Ball Lightning","Heatsinks","Conserve Battery","Beam Cell"],"picked":"SKIP","floor":13},{"not_picked":["Scrape","Steam","White Noise","Ball Lightning"],"picked":"SKIP","floor":14},{"not_picked":["Creative AI","Machine Learning","Multi-Cast"],"picked":"Buffer","floor":16},{"not_picked":["Stack+1","Steam","Chill","Leap"],"picked":"SKIP","floor":18},{"not_picked":["Barrage","Coolheaded","Redo+1","Rip and Tear"],"picked":"SKIP","floor":19},{"not_picked":["Gash","Turbo+1","Conserve Battery"],"picked":"Glacier","floor":20},{"not_picked":["Doom and Gloom","Ball Lightning","Genetic Algorithm","Redo"],"picked":"SKIP","floor":21},{"not_picked":["Scrape","Conserve Battery","Rip and Tear"],"picked":"Skim+1","floor":23},{"not_picked":["FTL","Loop","Rip and Tear"],"picked":"Consume","floor":25},{"not_picked":["Go for the Eyes","Hello World","Sweeping Beam","Fusion"],"picked":"SKIP","floor":27},{"not_picked":["Steam Power","Sweeping Beam","Force Field","Capacitor"],"picked":"SKIP","floor":29},{"not_picked":["Reprogram","Melter","Stack","Sweeping Beam+1"],"picked":"SKIP","floor":30},{"not_picked":["Cold Snap","Coolheaded","Electrodynamics"],"picked":"Undo","floor":31},{"not_picked":["Leap","Hello World+1","Coolheaded","Rebound"],"picked":"SKIP","floor":35},{"not_picked":["Scrape","Go for the Eyes+1","Ball Lightning+1","Lockon"],"picked":"SKIP","floor":38},{"not_picked":["Scrape","Go for the Eyes+1","Ball Lightning+1","Lockon"],"picked":"SKIP","floor":38},{"not_picked":["Scrape","Go for the Eyes+1","Ball Lightning+1","Lockon"],"picked":"SKIP","floor":38},{"not_picked":["Hello World","Leap","Auto Shields+1","Go for the Eyes"],"picked":"SKIP","floor":39},{"not_picked":["Defragment","Steam+1","Auto Shields","Aggregate+1"],"picked":"SKIP","floor":41},{"not_picked":["FTL","Sweeping Beam","Streamline","Chaos"],"picked":"SKIP","floor":42},{"not_picked":["Cold Snap","Ball Lightning","Doom and Gloom","FTL"],"picked":"SKIP","floor":46},{"not_picked":["Double Energy+1","Conserve Battery","Coolheaded","Consume"],"picked":"SKIP","floor":47}],"player_experience":1111485,"relics_obtained":[{"floor":6,"key":"PreservedInsect"},{"floor":8,"key":"Question Card"},{"floor":9,"key":"Whetstone"},{"floor":12,"key":"Mango"},{"floor":23,"key":"Strawberry"},{"floor":25,"key":"Letter Opener"},{"floor":26,"key":"Bronze Scales"},{"floor":27,"key":"War Paint"},{"floor":42,"key":"Ornamental Fan"},{"floor":46,"key":"Ancient Tea Set"}],"event_choices":[{"damage_healed":23,"gold_gain":0,"player_choice":"Banana","damage_taken":0,"max_hp_gain":0,"max_hp_loss":0,"event_name":"Big Fish","floor":10,"gold_loss":0},{"damage_healed":0,"gold_gain":0,"player_choice":"Upgraded","damage_taken":0,"max_hp_gain":0,"max_hp_loss":0,"event_name":"Upgrade Shrine","floor":11,"gold_loss":0,"cards_upgraded":["Genetic Algorithm"]},{"damage_healed":0,"gold_gain":0,"player_choice":"Bet on Murderer","damage_taken":0,"max_hp_gain":0,"max_hp_loss":0,"event_name":"The Joust","floor":22,"gold_loss":50},{"cards_removed":["Strike_B"],"damage_healed":0,"gold_gain":0,"player_choice":"Removed Attack","damage_taken":0,"max_hp_gain":0,"max_hp_loss":0,"event_name":"Falling","floor":36,"gold_loss":0},{"damage_healed":0,"gold_gain":0,"player_choice":"Memory 3","damage_taken":10,"max_hp_gain":0,"max_hp_loss":0,"event_name":"SensoryStone","floor":37,"gold_loss":0},{"damage_healed":0,"gold_gain":0,"player_choice":"1 cards matched","damage_taken":0,"max_hp_gain":0,"max_hp_loss":0,"event_name":"Match and Keep!","floor":48,"gold_loss":0,"cards_obtained":["Blizzard"]}],"is_beta":false,"boss_relics":[{"not_picked":["Velvet Choker","Calling Bell"],"picked":"Snecko Eye"},{"not_picked":["Eternal Feather","Empty Cage"],"picked":"Inserter"}],"items_purged_floors":[3,45],"is_endless":false,"potions_floor_spawned":[2,6,8,12,18,25,29,30,31,41,42,46,47],"ascension_level":16}