{"gold_per_floor":[115,40,40,54,72,105,105,17,17,17,30,62,62,81,81,155,155,168,168,83,100,118,118,131,151,174,224,224,29,39,50,50,50],"floor_reached":33,"playtime":1546,"items_purged":["Strike_B"],"score":505,"play_id":"fefd75d6-6a45-4a66-8f1c-c3631d390db8","local_time":"20190413111223","is_ascension_mode":true,"campfire_choices":[{"floor":7,"key":"REST"},{"floor":15,"key":"REST"},{"floor":23,"key":"REST"},{"data":"Defragment","floor":32,"key":"SMITH"}],"neow_cost":"NONE","seed_source_timestamp":446640177551600,"circlet_count":0,"master_deck":["AscendersBane","Strike_B+1","Strike_B+1","Strike_B+1","Defend_B+1","Defend_B+1","Defend_B+1","Defend_B+1","Zap+1","Dualcast","Streamline","Conserve Battery","Ball Lightning","Lockon","Defragment+1","Capacitor","Conserve Battery","Core Surge","Ghostly","Ghostly","Ghostly","Leap","Self Repair","Fission","Sweeping Beam"],"relics":["FrozenCore","NeowsBlessing","CultistMask","Boot","Darkstone Periapt","Vajra","Symbiotic Virus","Dream Catcher"],"potions_floor_usage":[6,12,33,33],"damage_taken":[{"damage":0,"enemies":"Cultist","floor":1,"turns":1},{"damage":0,"enemies":"Small Slimes","floor":4,"turns":1},{"damage":0,"enemies":"Jaw Worm","floor":5,"turns":1},{"damage":32,"enemies":"Gremlin Nob","floor":6,"turns":4},{"damage":9,"enemies":"Red Slaver","floor":11,"turns":2},{"damage":26,"enemies":"3 Sentries","floor":12,"turns":6},{"damage":0,"enemies":"Looter","floor":14,"turns":2},{"damage":27,"enemies":"Hexaghost","floor":16,"turns":9},{"damage":11,"enemies":"Spheric Guardian","floor":18,"turns":6},{"damage":3,"enemies":"Chosen","floor":21,"turns":4},{"damage":17,"enemies":"Snake Plant","floor":22,"turns":4},{"damage":24,"enemies":"Snecko","floor":24,"turns":6},{"damage":5,"enemies":"Centurion and Healer","floor":25,"turns":6},{"damage":1,"enemies":"Snake Plant","floor":30,"turns":4},{"damage":3,"enemies":"Snecko","floor":31,"turns":7},{"damage":37,"enemies":"Collector","floor":33,"turns":8}],"seed_played":"-5648166994859319929","potions_obtained":[{"floor":1,"key":"PowerPotion"},{"floor":5,"key":"Energy Potion"},{"floor":11,"key":"Fire Potion"},{"floor":21,"key":"Poison Potion"},{"floor":24,"key":"Weak Potion"}],"is_trial":false,"path_per_floor":["M","$","?","M","M","E","R","$","T","?","M","E","$","M","R","B",null,"M","?","?","M","M","R","M","M","T","?","?","$","M","M","R","B"],"character_chosen":"DEFECT","items_purchased":["Defragment","SkillPotion","Leap","Self Repair"],"campfire_rested":3,"item_purchase_floors":[8,29,29,29],"current_hp_per_floor":[64,64,64,64,64,32,53,53,53,53,44,18,18,18,39,12,56,45,45,45,42,25,46,22,17,17,17,17,17,23,20,20,0],"gold":50,"neow_bonus":"THREE_ENEMY_KILL","is_prod":false,"is_daily":false,"chose_seed":false,"campfire_upgraded":1,"win_rate":0,"timestamp":1555143143,"path_taken":["M","?","?","?","M","E","R","$","T","?","?","E","$","M","R","BOSS","M","?","?","?","M","R","M","M","T","?","?","?","M","M","R","BOSS"],"build_version":"2019-01-23","purchased_purges":1,"victory":false,"max_hp_per_floor":[71,71,71,71,71,71,71,71,71,71,71,71,71,71,71,71,71,71,71,71,71,71,71,71,71,71,71,35,35,35,35,35,35],"card_choices":[{"not_picked":["Melter","Turbo"],"picked":"Streamline","floor":1},{"not_picked":["Stack","Hologram"],"picked":"Conserve Battery","floor":4},{"not_picked":["Double Energy","Conserve Battery"],"picked":"Ball Lightning","floor":5},{"not_picked":["Doom and Gloom","Barrage"],"picked":"Lockon","floor":6},{"not_picked":["Skim","Barrage"],"picked":"Capacitor","floor":11},{"not_picked":["Leap","Hyperbeam"],"picked":"Conserve Battery","floor":12},{"not_picked":["Stack","Barrage","Darkness"],"picked":"SKIP","floor":14},{"not_picked":["Reboot","Hyperbeam"],"picked":"Core Surge","floor":16},{"not_picked":["Auto Shields","Gash","Force Field"],"picked":"SKIP","floor":18},{"not_picked":["Turbo","Compile Driver","Chill"],"picked":"SKIP","floor":21},{"not_picked":["Stack","Skim","Ball Lightning"],"picked":"SKIP","floor":22},{"not_picked":["Beam Cell","Fusion","Cold Snap"],"picked":"SKIP","floor":24},{"not_picked":["Streamline","Rip and Tear","Steam Power"],"picked":"SKIP","floor":25},{"not_picked":["Storm","Go for the Eyes"],"picked":"Fission","floor":30},{"not_picked":["Steam","Reprogram+1"],"picked":"Sweeping Beam","floor":31}],"player_experience":1156583,"relics_obtained":[{"floor":6,"key":"Boot"},{"floor":9,"key":"Darkstone Periapt"},{"floor":12,"key":"Vajra"},{"floor":26,"key":"Dream Catcher"}],"event_choices":[{"damage_healed":0,"gold_gain":0,"player_choice":"Trade","damage_taken":0,"relics_obtained":["CultistMask"],"max_hp_gain":0,"max_hp_loss":0,"event_name":"FaceTrader","floor":3,"gold_loss":0},{"damage_healed":0,"gold_gain":0,"player_choice":"Upgraded","damage_taken":0,"max_hp_gain":0,"max_hp_loss":0,"event_name":"Upgrade Shrine","floor":10,"gold_loss":0,"cards_upgraded":["Zap"]},{"damage_healed":0,"gold_gain":0,"player_choice":"Simplicity","damage_taken":0,"max_hp_gain":0,"max_hp_loss":0,"event_name":"Back to Basics","floor":19,"gold_loss":0,"cards_upgraded":["Strike_B","Strike_B","Strike_B","Defend_B","Defend_B","Defend_B","Defend_B"]},{"damage_healed":0,"gold_gain":0,"player_choice":"Obtained Relic","damage_taken":0,"relics_obtained":["Symbiotic Virus"],"max_hp_gain":0,"max_hp_loss":0,"event_name":"Addict","floor":20,"gold_loss":85},{"damage_healed":0,"gold_gain":50,"player_choice":"Stole From Cult","damage_taken":0,"max_hp_gain":0,"max_hp_loss":0,"event_name":"Nest","floor":27,"gold_loss":0},{"damage_healed":0,"gold_gain":0,"player_choice":"Became a Ghost","damage_taken":0,"max_hp_gain":0,"max_hp_loss":36,"event_name":"Ghosts","floor":28,"gold_loss":0,"cards_obtained":["Ghostly","Ghostly","Ghostly"]}],"is_beta":false,"boss_relics":[{"not_picked":["Pandora\u0027s Box","Lizard Tail"],"picked":"FrozenCore"}],"items_purged_floors":[2],"is_endless":false,"potions_floor_spawned":[1,5,11,21,24,25],"killed_by":"Collector","ascension_level":19}