{"gold_per_floor":[118,293,368,102,112,112,124,151,177,177,190,201,218,230,230,335,335,347,347,363,189,189,189,189,208,208,208,219,236,249,268,268,268],"floor_reached":33,"playtime":560,"items_purged":["Doubt","Cleave"],"score":303,"play_id":"ff26bf2d-4823-47ca-ac93-e19a4702426e","local_time":"20190505134123","is_ascension_mode":false,"campfire_choices":[{"data":"Perfected Strike","floor":6,"key":"SMITH"},{"floor":10,"key":"REST"},{"data":"Perfected Strike","floor":15,"key":"SMITH"},{"floor":23,"key":"REST"},{"floor":27,"key":"REST"},{"data":"Battle Trance","floor":32,"key":"SMITH"}],"neow_cost":"NONE","seed_source_timestamp":1060523481247300,"circlet_count":0,"master_deck":["Strike_R","Strike_R","Strike_R","Strike_R","Defend_R","Defend_R","Defend_R","Defend_R","Bash","Wild Strike","Flex","Cleave","Discovery","Perfected Strike+1","Twin Strike","Burning Pact","Headbutt","Shrug It Off","Perfected Strike+1","Juggernaut","Perfected Strike+1","Power Through+1","Battle Trance+1","J.A.X.","True Grit","Heavy Blade+1","Shrug It Off+1","Shrug It Off+1"],"relics":["Burning Blood","Potion Belt","Vajra","Philosopher\u0027s Stone","Enchiridion","Matryoshka"],"potions_floor_usage":[22,25,33,33],"damage_taken":[{"damage":9,"enemies":"2 Louse","floor":1,"turns":3},{"damage":3,"enemies":"Small Slimes","floor":5,"turns":3},{"damage":6,"enemies":"Jaw Worm","floor":7,"turns":2},{"damage":36,"enemies":"Lagavulin","floor":8,"turns":6},{"damage":16,"enemies":"Large Slime","floor":11,"turns":4},{"damage":4,"enemies":"2 Fungi Beasts","floor":12,"turns":2},{"damage":10,"enemies":"Looter","floor":13,"turns":2},{"damage":0,"enemies":"Large Slime","floor":14,"turns":3},{"damage":0,"enemies":"Slime Boss","floor":16,"turns":4},{"damage":12,"enemies":"Chosen","floor":18,"turns":3},{"damage":10,"enemies":"Shell Parasite","floor":20,"turns":3},{"damage":14,"enemies":"Colosseum Slavers","floor":22,"turns":2},{"damage":35,"enemies":"Shelled Parasite and Fungi","floor":25,"turns":4},{"damage":13,"enemies":"Sentry and Sphere","floor":28,"turns":3},{"damage":14,"enemies":"Centurion and Healer","floor":29,"turns":4},{"damage":1,"enemies":"Snecko","floor":30,"turns":3},{"damage":3,"enemies":"Cultist and Chosen","floor":31,"turns":4},{"damage":74,"enemies":"Collector","floor":33,"turns":7}],"seed_played":"2230830051373594345","potions_obtained":[{"floor":1,"key":"Energy Potion"},{"floor":7,"key":"Dexterity Potion"},{"floor":8,"key":"EntropicBrew"},{"floor":11,"key":"Poison Potion"},{"floor":12,"key":"Poison Potion"},{"floor":18,"key":"AttackPotion"},{"floor":30,"key":"Swift Potion"},{"floor":31,"key":"BloodPotion"}],"is_trial":false,"path_per_floor":["M","?","?","$","M","R","M","E","T","R","M","M","M","M","R","B",null,"M","?","M","$","?","R","?","M","T","R","M","M","M","M","R","B"],"character_chosen":"IRONCLAD","items_purchased":["Flex","Cleave","Discovery","Battle Trance"],"campfire_rested":3,"item_purchase_floors":[4,4,4,21],"current_hp_per_floor":[77,77,66,66,69,69,69,39,39,63,53,55,51,57,57,63,80,74,58,54,54,46,70,70,41,41,65,58,50,55,58,58,0],"gold":268,"neow_bonus":"REMOVE_CARD","is_prod":false,"is_daily":false,"chose_seed":false,"campfire_upgraded":3,"win_rate":0,"timestamp":1557052883,"path_taken":["M","?","?","$","M","R","M","E","T","R","M","M","M","M","R","BOSS","M","?","M","$","?","R","?","M","T","R","M","M","M","M","R","BOSS"],"build_version":"2019-01-23","purchased_purges":2,"victory":false,"max_hp_per_floor":[80,80,80,80,80,80,80,80,80,80,80,80,80,80,80,80,80,80,80,80,80,80,80,80,80,80,80,80,80,80,80,80,80],"card_choices":[{"not_picked":["Dual Wield","Second Wind"],"picked":"Wild Strike","floor":1},{"not_picked":["Battle Trance","Seeing Red"],"picked":"Perfected Strike","floor":5},{"not_picked":["Body Slam","Shrug It Off"],"picked":"Twin Strike","floor":7},{"not_picked":["Dark Embrace","Bloodletting"],"picked":"Burning Pact","floor":8},{"not_picked":["Wild Strike","Clash"],"picked":"Headbutt","floor":11},{"not_picked":["Pommel Strike","Hemokinesis"],"picked":"Cleave","floor":12},{"not_picked":["Iron Wave","Rage"],"picked":"Shrug It Off","floor":13},{"not_picked":["Body Slam","Thunderclap"],"picked":"Perfected Strike","floor":14},{"not_picked":["Brutality","Fiend Fire"],"picked":"Juggernaut","floor":16},{"not_picked":["Flex+1","Disarm+1"],"picked":"Perfected Strike+1","floor":18},{"not_picked":["Sword Boomerang+1","Entrench+1"],"picked":"Power Through+1","floor":20},{"not_picked":["Body Slam","Clash"],"picked":"True Grit","floor":25},{"not_picked":["Flex","Berserk"],"picked":"Heavy Blade+1","floor":28},{"not_picked":["Intimidate","Warcry"],"picked":"Shrug It Off+1","floor":29},{"not_picked":["Sever Soul","True Grit+1"],"picked":"Shrug It Off+1","floor":30},{"not_picked":["Heavy Blade","Clash","Armaments+1"],"picked":"SKIP","floor":31}],"player_experience":1298153,"relics_obtained":[{"floor":8,"key":"Potion Belt"},{"floor":9,"key":"Vajra"},{"floor":19,"key":"Enchiridion"},{"floor":26,"key":"Matryoshka"}],"event_choices":[{"damage_healed":0,"gold_gain":175,"player_choice":"AGREE","damage_taken":0,"max_hp_gain":0,"max_hp_loss":0,"event_name":"Liars Game","floor":2,"gold_loss":0,"cards_obtained":["Doubt"]},{"damage_healed":0,"gold_gain":75,"player_choice":"Gather Gold","damage_taken":11,"max_hp_gain":0,"max_hp_loss":0,"event_name":"World of Goop","floor":3,"gold_loss":0},{"damage_healed":0,"gold_gain":0,"player_choice":"Obtained Book","damage_taken":16,"max_hp_gain":0,"max_hp_loss":0,"event_name":"Cursed Tome","floor":19,"gold_loss":0},{"damage_healed":0,"gold_gain":0,"player_choice":"Fight","damage_taken":0,"max_hp_gain":0,"max_hp_loss":0,"event_name":"Colosseum","floor":22,"gold_loss":0},{"damage_healed":0,"gold_gain":0,"player_choice":"Fled From Nobs","damage_taken":0,"max_hp_gain":0,"max_hp_loss":0,"event_name":"Colosseum","floor":22,"gold_loss":0},{"damage_healed":0,"gold_gain":0,"player_choice":"Obtain J.A.X.","damage_taken":0,"max_hp_gain":0,"max_hp_loss":0,"event_name":"Drug Dealer","floor":24,"gold_loss":0,"cards_obtained":["J.A.X."]}],"is_beta":false,"boss_relics":[{"not_picked":["Tiny House","White Beast Statue"],"picked":"Philosopher\u0027s Stone"}],"items_purged_floors":[4,21],"is_endless":false,"potions_floor_spawned":[1,7,8,11,12,18,22,30,31],"killed_by":"Collector","ascension_level":0}