{"gold_per_floor":[115,115,115,126,201,201,219,245,268,299,311,349,361,402,414,503,515,539,551,563,588,610,655,1117,1129,1190,1215,1227,1254,1276,711,711,787,787,797,797,585,597,28,60,93,93,93,128,49,60,73,107,107,107,107,107,107,53,85,85],"floor_reached":57,"playtime":3276,"items_purged":["Forethought","Pain"],"score":2941,"play_id":"5f434273-9ba9-434a-890b-baa18a74fd6b","local_time":"20190501110537","is_ascension_mode":true,"campfire_choices":[{"floor":6,"key":"REST"},{"data":"Carnage","floor":11,"key":"SMITH"},{"floor":13,"key":"REST"},{"data":"Uppercut","floor":15,"key":"SMITH"},{"floor":25,"key":"REST"},{"data":"Shockwave","floor":28,"key":"SMITH"},{"data":"Immolate","floor":32,"key":"SMITH"},{"floor":42,"key":"RECALL"},{"data":"Feel No Pain","floor":49,"key":"SMITH"},{"data":"Evolve","floor":53,"key":"SMITH"}],"neow_cost":"PERCENT_DAMAGE","seed_source_timestamp":702787435260500,"circlet_count":0,"master_deck":["AscendersBane","Strike_R+1","Strike_R+1","Strike_R+1","Strike_R+1","Defend_R+1","Defend_R+1","Defend_R+1","Defend_R+1","Bash+1","Headbutt","Uppercut+1","Evolve+1","Carnage+1","Impervious","Shrug It Off","Shockwave","Battle Trance","Immolate+1","Shockwave+1","Heavy Blade","Corruption","Double Tap","Carnage+1","Shrug It Off","Sentinel+1","Corruption","Feed","Uppercut+1","Shrug It Off+1","Feel No Pain+1","Burning Pact+1","Shrug It Off+1","True Grit+1","Burning Pact+1","Barricade","Spot Weakness+1","Disarm+1","Shrug It Off+1"],"relics":["Burning Blood","WingedGreaves","Potion Belt","MawBank","Dream Catcher","Gambling Chip","Snecko Eye","Art of War","Ancient Tea Set","Toxic Egg 2","HandDrill","Coffee Dripper","WarpedTongs","Oddly Smooth Stone","Charon\u0027s Ashes","Omamori","Regal Pillow","Darkstone Periapt","Self Forming Clay","Pear"],"potions_floor_usage":[8,14,16,44,44,56,56,56,56,56],"damage_taken":[{"damage":4,"enemies":"2 Louse","floor":1,"turns":4},{"damage":12,"enemies":"Small Slimes","floor":4,"turns":4},{"damage":0,"enemies":"Cultist","floor":7,"turns":2},{"damage":8,"enemies":"Gremlin Nob","floor":8,"turns":3},{"damage":14,"enemies":"Red Slaver","floor":10,"turns":3},{"damage":25,"enemies":"Lagavulin","floor":12,"turns":7},{"damage":27,"enemies":"Gremlin Nob","floor":14,"turns":4},{"damage":31,"enemies":"The Guardian","floor":16,"turns":13},{"damage":0,"enemies":"3 Byrds","floor":18,"turns":3},{"damage":0,"enemies":"Spheric Guardian","floor":21,"turns":3},{"damage":0,"enemies":"3 Cultists","floor":22,"turns":3},{"damage":0,"enemies":"Gremlin Leader","floor":23,"turns":5},{"damage":0,"enemies":"Snecko","floor":27,"turns":2},{"damage":0,"enemies":"Centurion and Healer","floor":29,"turns":3},{"damage":12,"enemies":"Snake Plant","floor":30,"turns":4},{"damage":31,"enemies":"Champ","floor":33,"turns":7},{"damage":0,"enemies":"Orb Walker","floor":35,"turns":2},{"damage":6,"enemies":"3 Shapes","floor":38,"turns":4},{"damage":3,"enemies":"Nemesis","floor":40,"turns":5},{"damage":9,"enemies":"Giant Head","floor":41,"turns":5},{"damage":23,"enemies":"Nemesis","floor":44,"turns":5},{"damage":0,"enemies":"Jaw Worm Horde","floor":46,"turns":2},{"damage":0,"enemies":"3 Darklings","floor":47,"turns":4},{"damage":0,"enemies":"Reptomancer","floor":48,"turns":4},{"damage":9,"enemies":"Donu and Deca","floor":50,"turns":6},{"damage":12,"enemies":"Time Eater","floor":51,"turns":6},{"damage":9,"enemies":"Shield and Spear","floor":55,"turns":5},{"damage":61,"enemies":"The Heart","floor":56,"turns":8}],"seed_played":"-5114510784950188090","potions_obtained":[{"floor":4,"key":"SneckoOil"},{"floor":7,"key":"PowerPotion"},{"floor":12,"key":"BloodPotion"},{"floor":14,"key":"Strength Potion"},{"floor":16,"key":"BloodPotion"},{"floor":21,"key":"PowerPotion"},{"floor":22,"key":"EssenceOfSteel"},{"floor":23,"key":"SpeedPotion"},{"floor":27,"key":"SkillPotion"},{"floor":38,"key":"EntropicBrew"},{"floor":48,"key":"Weak Potion"}],"is_trial":false,"path_per_floor":["M","?","?","M","?","R","M","E","T","M","R","E","R","E","R","B",null,"M","?","?","M","M","E","?","R","T","M","R","M","M","$","R","B",null,"M","?","$","M","$","E","E","R","T","E","$","M","M","E","R","B","B",null,"R","$","E","B",null],"character_chosen":"IRONCLAD","items_purchased":["Toxic Egg 2","HandDrill","Shrug It Off+1","Feel No Pain","Oddly Smooth Stone","Charon\u0027s Ashes","Shrug It Off+1","Burning Pact+1","PowerPotion"],"campfire_rested":3,"item_purchase_floors":[31,31,37,37,39,39,39,45,54],"current_hp_per_floor":[52,45,45,39,28,50,56,54,54,46,46,27,49,35,35,10,59,65,65,65,71,75,75,26,48,48,54,54,60,54,54,54,29,64,70,70,70,73,73,76,77,77,77,60,60,69,78,87,87,88,82,92,92,92,99,48],"gold":85,"neow_bonus":"ONE_RARE_RELIC","is_prod":false,"is_daily":false,"chose_seed":false,"campfire_upgraded":6,"win_rate":0,"timestamp":1556697937,"path_taken":["M","?","?","M","?","R","M","E","T","M","R","E","R","E","R","BOSS","M","?","?","M","M","E","?","R","T","?","R","M","M","$","R","BOSS","M","?","?","?","$","E","E","R","T","E","$","M","M","E","R","BOSS","BOSS","R","$","E","BOSS"],"build_version":"2019-01-23","purchased_purges":2,"victory":true,"max_hp_per_floor":[75,75,75,75,75,75,75,75,75,75,75,75,75,75,75,75,75,75,75,75,75,75,75,75,75,75,75,75,75,75,75,75,75,75,75,75,75,78,78,78,82,82,82,82,82,85,88,91,91,95,95,95,95,95,105,109],"card_choices":[{"not_picked":["Warcry","Body Slam"],"picked":"Headbutt","floor":1},{"not_picked":["Twin Strike","Heavy Blade"],"picked":"Uppercut","floor":4},{"not_picked":["Perfected Strike","Burning Pact"],"picked":"Evolve","floor":7},{"not_picked":["Rampage","Body Slam"],"picked":"Carnage","floor":8},{"not_picked":["Thunderclap","Heavy Blade"],"picked":"Impervious","floor":10},{"not_picked":["Wild Strike","Clash"],"picked":"Shrug It Off","floor":12},{"not_picked":["Pommel Strike","Thunderclap"],"picked":"Shockwave","floor":13},{"not_picked":["Clothesline","Intimidate"],"picked":"Battle Trance","floor":14},{"not_picked":["Exhume","Limit Break"],"picked":"Immolate","floor":16},{"not_picked":["Body Slam","Whirlwind"],"picked":"Shockwave","floor":18},{"not_picked":["Flex","Pommel Strike"],"picked":"Corruption","floor":21},{"not_picked":["Flex+1","Warcry"],"picked":"Double Tap","floor":22},{"not_picked":["Reckless Charge+1","Clash+1"],"picked":"Carnage+1","floor":23},{"not_picked":["Heavy Blade","Shockwave"],"picked":"Shrug It Off","floor":25},{"not_picked":["Clash","Clothesline"],"picked":"Sentinel+1","floor":27},{"not_picked":["Perfected Strike","Cleave","Reckless Charge"],"picked":"SKIP","floor":29},{"not_picked":["Ghostly Armor","Armaments"],"picked":"Corruption","floor":30},{"not_picked":["Fiend Fire","Offering+1"],"picked":"Feed","floor":33},{"not_picked":["Sever Soul","Twin Strike"],"picked":"Uppercut+1","floor":35},{"not_picked":["Corruption+1","Sword Boomerang"],"picked":"Burning Pact+1","floor":38},{"not_picked":["Body Slam","Twin Strike","Dropkick"],"picked":"SKIP","floor":40},{"not_picked":["Berserk","Heavy Blade","Pommel Strike+1"],"picked":"SKIP","floor":41},{"not_picked":["Entrench+1","Body Slam"],"picked":"True Grit+1","floor":44},{"not_picked":["Shrug It Off+1","Ghostly Armor+1"],"picked":"Barricade","floor":46},{"not_picked":["Second Wind+1","Clothesline"],"picked":"Spot Weakness+1","floor":47},{"not_picked":["Havoc+1","Metallicize"],"picked":"Disarm+1","floor":48},{"not_picked":["Burning Pact+1","Flex+1"],"picked":"Shrug It Off+1","floor":55}],"player_experience":1265709,"relics_obtained":[{"floor":8,"key":"Potion Belt"},{"floor":9,"key":"MawBank"},{"floor":12,"key":"Dream Catcher"},{"floor":14,"key":"Gambling Chip"},{"floor":23,"key":"Art of War"},{"floor":26,"key":"Ancient Tea Set"},{"floor":40,"key":"Omamori"},{"floor":41,"key":"Regal Pillow"},{"floor":44,"key":"Darkstone Periapt"},{"floor":48,"key":"Self Forming Clay"},{"floor":55,"key":"Pear"}],"event_choices":[{"cards_removed":["Strike_R"],"damage_healed":0,"gold_gain":0,"player_choice":"Card Removal","damage_taken":7,"max_hp_gain":0,"max_hp_loss":0,"event_name":"Golden Wing","floor":2,"gold_loss":0},{"damage_healed":0,"gold_gain":0,"player_choice":"Grow","damage_taken":0,"max_hp_gain":0,"max_hp_loss":0,"event_name":"Living Wall","floor":3,"gold_loss":0,"cards_upgraded":["Bash"]},{"damage_healed":0,"gold_gain":75,"player_choice":"Gather Gold","damage_taken":11,"max_hp_gain":0,"max_hp_loss":0,"event_name":"World of Goop","floor":5,"gold_loss":0},{"damage_healed":0,"gold_gain":0,"player_choice":"Simplicity","damage_taken":0,"max_hp_gain":0,"max_hp_loss":0,"event_name":"Back to Basics","floor":19,"gold_loss":0,"cards_upgraded":["Strike_R","Strike_R","Strike_R","Strike_R","Defend_R","Defend_R","Defend_R","Defend_R"]},{"damage_healed":0,"gold_gain":0,"player_choice":"Read","damage_taken":0,"max_hp_gain":0,"max_hp_loss":0,"event_name":"The Library","floor":20,"gold_loss":0,"cards_obtained":["Heavy Blade"]},{"damage_healed":0,"gold_gain":450,"player_choice":"CARD GOLD GOLD GOLD GOLD GOLD ","damage_taken":49,"max_hp_gain":0,"max_hp_loss":0,"event_name":"Knowing Skull","floor":24,"potions_obtained":[],"gold_loss":0,"cards_obtained":["Forethought"]},{"damage_healed":0,"gold_gain":0,"player_choice":"Rummage","damage_taken":0,"relics_obtained":["WarpedTongs"],"max_hp_gain":0,"max_hp_loss":0,"event_name":"Accursed Blacksmith","floor":36,"gold_loss":0,"cards_obtained":["Pain"]}],"is_beta":false,"boss_relics":[{"not_picked":["Tiny House","Runic Pyramid"],"picked":"Snecko Eye"},{"not_picked":["Eternal Feather","Empty Cage"],"picked":"Coffee Dripper"}],"items_purged_floors":[31,37],"is_endless":false,"potions_floor_spawned":[4,7,12,14,16,21,22,23,27,38,41,48,55],"ascension_level":20}