{"gold_per_floor":[110,260,335,335,30,64,64,84,110,110,110,0,35,35,35,35],"floor_reached":16,"playtime":624,"items_purged":["Doubt"],"score":208,"play_id":"3bc0c712-3ec8-4827-a9a2-3078b69a797f","local_time":"20190321122618","is_ascension_mode":true,"campfire_choices":[{"data":"True Grit","floor":7,"key":"SMITH"},{"data":"Rampage","floor":10,"key":"SMITH"},{"data":"Anger","floor":15,"key":"SMITH"}],"neow_cost":"NONE","seed_source_timestamp":265866366600600,"circlet_count":0,"master_deck":["AscendersBane","Strike_R","Strike_R","Strike_R","Strike_R","Defend_R+1","Defend_R","Defend_R","Defend_R+1","Bash","Rampage+1","True Grit+1","Twin Strike","Shrug It Off","Headbutt","Anger+1"],"relics":["Burning Blood","Bronze Scales","Brimstone","Blood Vial","War Paint","Gambling Chip","Bottled Lightning"],"potions_floor_usage":[16],"damage_taken":[{"damage":6,"enemies":"Small Slimes","floor":1,"turns":5},{"damage":19,"enemies":"Lagavulin","floor":6,"turns":5},{"damage":3,"enemies":"Jaw Worm","floor":8,"turns":3},{"damage":7,"enemies":"3 Sentries","floor":13,"turns":7},{"damage":53,"enemies":"Hexaghost","floor":16,"turns":4}],"seed_played":"2091981154674993813","potions_obtained":[{"floor":1,"key":"LiquidBronze"},{"floor":8,"key":"LiquidBronze"}],"is_trial":false,"path_per_floor":["M","?","?","?","$","E","R","M","T","R","?","$","E","T","R","B"],"character_chosen":"IRONCLAD","items_purchased":["Brimstone","Shrug It Off","Headbutt"],"campfire_rested":0,"item_purchase_floors":[5,12,12],"current_hp_per_floor":[68,68,57,57,57,44,44,49,49,49,49,49,50,50,50,0],"gold":35,"neow_bonus":"RANDOM_COMMON_RELIC","is_prod":false,"is_daily":false,"chose_seed":false,"campfire_upgraded":3,"win_rate":0,"timestamp":1553160378,"path_taken":["M","?","?","?","?","E","R","M","T","R","?","?","E","?","R","BOSS"],"build_version":"2019-01-23","purchased_purges":1,"victory":false,"max_hp_per_floor":[75,75,75,75,75,75,75,75,75,75,75,75,75,75,75,75],"card_choices":[{"not_picked":["Twin Strike","Iron Wave"],"picked":"Rampage","floor":1},{"not_picked":["Clash","Seeing Red"],"picked":"True Grit","floor":6},{"not_picked":["Flex","Dropkick"],"picked":"Twin Strike","floor":8},{"not_picked":["Evolve","Headbutt"],"picked":"Anger","floor":13}],"player_experience":979326,"relics_obtained":[{"floor":6,"key":"Blood Vial"},{"floor":9,"key":"War Paint"},{"floor":13,"key":"Gambling Chip"},{"floor":14,"key":"Bottled Lightning"}],"event_choices":[{"damage_healed":0,"gold_gain":150,"player_choice":"AGREE","damage_taken":0,"max_hp_gain":0,"max_hp_loss":0,"event_name":"Liars Game","floor":2,"gold_loss":0,"cards_obtained":["Doubt"]},{"damage_healed":0,"gold_gain":75,"player_choice":"Gather Gold","damage_taken":11,"max_hp_gain":0,"max_hp_loss":0,"event_name":"World of Goop","floor":3,"gold_loss":0},{"damage_healed":0,"gold_gain":0,"player_choice":"Ignored","damage_taken":0,"max_hp_gain":0,"max_hp_loss":0,"event_name":"Shining Light","floor":4,"gold_loss":0},{"cards_removed":["Strike_R"],"damage_healed":0,"gold_gain":0,"player_choice":"Forget","damage_taken":0,"max_hp_gain":0,"max_hp_loss":0,"event_name":"Living Wall","floor":11,"gold_loss":0}],"is_beta":false,"boss_relics":[],"items_purged_floors":[5],"is_endless":false,"potions_floor_spawned":[1,8],"killed_by":"Hexaghost","ascension_level":20}