{"gold_per_floor":[110,124,124,124,124,124,160,179,179,202,50,66,66,66,66,194,194,219,219,80,101,124,124,124,140,166,166],"floor_reached":27,"playtime":1098,"items_purged":["Strike_B","Strike_B"],"score":355,"play_id":"5828d88a-fc58-40d3-a075-8f3cb2a15bfb","local_time":"20180813170722","is_ascension_mode":true,"campfire_choices":[{"data":"Loop","floor":6,"key":"SMITH"},{"floor":13,"key":"REST"},{"data":"Auto Shields","floor":15,"key":"SMITH"},{"data":"Defragment","floor":23,"key":"SMITH"}],"neow_cost":"","seed_source_timestamp":424799131190082,"circlet_count":0,"master_deck":["Defend_B","Defend_B","Defend_B","Defend_B","Zap+1","Dualcast","AscendersBane","Loop+1","BootSequence","Capacitor","Leap","Sweeping Beam","Static Discharge","Auto Shields+1","Electrodynamics","Glacier","Capacitor","Defragment+1","Conserve Battery","Conserve Battery","Bite","Bite","Bite","Bite","Bite","White Noise+1"],"relics":["Cracked Core","Golden Idol","Dodecahedron","Art of War","Orrery","Dream Catcher"],"potions_floor_usage":[7,7,22,25],"damage_taken":[{"damage":4,"enemies":"2 Louse","floor":1,"turns":2},{"damage":1,"enemies":"Cultist","floor":2,"turns":3},{"damage":10,"enemies":"Lagavulin","floor":7,"turns":6},{"damage":2,"enemies":"Jaw Worm","floor":8,"turns":3},{"damage":0,"enemies":"Large Slime","floor":10,"turns":6},{"damage":1,"enemies":"Looter","floor":12,"turns":3},{"damage":29,"enemies":"The Guardian","floor":16,"turns":12},{"damage":20,"enemies":"3 Byrds","floor":18,"turns":4},{"damage":11,"enemies":"Shell Parasite","floor":21,"turns":8},{"damage":11,"enemies":"Cultist and Chosen","floor":22,"turns":6},{"damage":20,"enemies":"3 Cultists","floor":25,"turns":4},{"damage":15,"enemies":"Snake Plant","floor":27,"turns":2}],"seed_played":"7240556423981170328","potions_obtained":[{"floor":1,"key":"Poison Potion"},{"floor":2,"key":"PowerPotion"},{"floor":12,"key":"SteroidPotion"},{"floor":16,"key":"SkillPotion"},{"floor":25,"key":"Energy Potion"}],"is_trial":false,"path_per_floor":["M","M","?","?","?","R","E","M","T","M","$","M","R","$","R","B",null,"M","?","$","M","M","R","?","M","T"],"character_chosen":"DEFECT","items_purchased":["Static Discharge","Defragment"],"campfire_rested":1,"item_purchase_floors":[11,20],"current_hp_per_floor":[64,63,63,45,38,38,28,26,26,26,26,25,47,47,47,18,61,41,41,41,30,19,19,19,5,5,0],"gold":166,"neow_bonus":"","is_prod":false,"is_daily":false,"chose_seed":false,"campfire_upgraded":3,"win_rate":0,"timestamp":1534147642,"path_taken":["M","M","?","?","?","R","E","M","T","M","$","M","R","$","R","BOSS","M","?","$","M","M","R","?","M","T","M"],"build_version":"2018-08-09","purchased_purges":2,"victory":false,"max_hp_per_floor":[75,75,75,75,75,75,75,75,75,75,75,75,75,75,75,75,75,75,75,75,75,75,75,52,52,52,52],"card_choices":[{"not_picked":["Gash","Chill"],"picked":"Loop","floor":1},{"not_picked":["Barrage","Stack"],"picked":"BootSequence","floor":2},{"not_picked":["Streamline","Barrage"],"picked":"Capacitor","floor":7},{"not_picked":["Gash","Skim"],"picked":"Leap","floor":8},{"not_picked":["Cold Snap","Go for the Eyes"],"picked":"Sweeping Beam","floor":10},{"not_picked":["Stack","Force Field"],"picked":"Auto Shields","floor":12},{"not_picked":["Creative AI","Meteor Strike"],"picked":"Electrodynamics","floor":16},{"not_picked":["Conserve Battery","Beam Cell"],"picked":"Glacier","floor":17},{"not_picked":["Coolheaded","Lockon+1","Blizzard"],"picked":"SKIP","floor":18},{"not_picked":["Reprogram+1","Streamline"],"picked":"Conserve Battery","floor":21},{"not_picked":["Steam Power","Go for the Eyes"],"picked":"Conserve Battery","floor":22},{"not_picked":["Coolheaded","Leap"],"picked":"White Noise+1","floor":25}],"player_experience":211954,"relics_obtained":[{"floor":7,"key":"Dodecahedron"},{"floor":9,"key":"Art of War"},{"floor":26,"key":"Dream Catcher"}],"event_choices":[{"event_name":"Living Wall","player_choice":"Grow","floor":3,"damage_taken":0},{"event_name":"Golden Idol","player_choice":"Take Damage","floor":4,"damage_taken":0},{"event_name":"Golden Wing","player_choice":"Card Removal","floor":5,"damage_taken":0},{"event_name":"Match and Keep!","player_choice":"1 cards matched","floor":19,"damage_taken":0},{"event_name":"Vampires","player_choice":"Became a vampire","floor":24,"damage_taken":0}],"is_beta":false,"boss_relics":[{"not_picked":["FrozenCore","Eternal Feather"],"picked":"Orrery"}],"items_purged_floors":[11,20],"is_endless":false,"potions_floor_spawned":[1,2,12,16,25],"killed_by":"Snake Plant","ascension_level":11}