{"gold_per_floor":[115,40,53,53,64,91,159,159,159,159,171,171,189,216,216,291,291,302,302,302,22,38,38,53,85,110,136,153,153,164,174,174,248,248,264,27,44,44,44,76,76,89,114,145,145],"floor_reached":45,"playtime":4360,"items_purged":["Strike_G","Strike_G"],"score":941,"play_id":"a04f395d-6a55-4d6a-825f-68e376d0386c","local_time":"20190808144054","is_ascension_mode":true,"campfire_choices":[{"data":"Poisoned Stab","floor":8,"key":"SMITH"},{"data":"Predator","floor":10,"key":"SMITH"},{"floor":12,"key":"REST"},{"floor":15,"key":"REST"},{"data":"Caltrops","floor":23,"key":"SMITH"},{"floor":29,"key":"REST"},{"floor":32,"key":"REST"},{"data":"Malaise","floor":41,"key":"SMITH"}],"neow_cost":"NONE","seed_source_timestamp":11337112257752,"circlet_count":0,"master_deck":["AscendersBane","Strike_G","Strike_G","Defend_G","Defend_G","Defend_G","Defend_G","Defend_G","Survivor","Leg Sweep","Backstab","Predator+1","Poisoned Stab+1","Caltrops+1","Backflip","Slice","Malaise+1","Footwork","Dagger Spray","Predator","Backflip","Crippling Poison","Noxious Fumes","Envenom","Backflip","Mayhem","Envenom","Die Die Die","Writhe"],"relics":["Ring of the Snake","Centennial Puzzle","Mummified Hand","Potion Belt","Oddly Smooth Stone","HoveringKite","MutagenicStrength","Strawberry","Membership Card","Matryoshka","Orichalcum","Anchor","Vajra","Orrery","Juzu Bracelet","Question Card","Happy Flower","Turnip"],"potions_floor_usage":[6,11,16,16,18,24,27,33,40,44,45,45,45],"damage_taken":[{"damage":2,"enemies":"Cultist","floor":1,"turns":4},{"damage":7,"enemies":"Jaw Worm","floor":3,"turns":7},{"damage":0,"enemies":"2 Louse","floor":5,"turns":4},{"damage":12,"enemies":"3 Sentries","floor":6,"turns":13},{"damage":12,"enemies":"Exordium Wildlife","floor":11,"turns":3},{"damage":1,"enemies":"Blue Slaver","floor":13,"turns":4},{"damage":24,"enemies":"Lagavulin","floor":14,"turns":8},{"damage":28,"enemies":"Slime Boss","floor":16,"turns":11},{"damage":15,"enemies":"Spheric Guardian","floor":18,"turns":6},{"damage":0,"enemies":"Chosen","floor":22,"turns":5},{"damage":10,"enemies":"Centurion and Healer","floor":24,"turns":6},{"damage":19,"enemies":"Book of Stabbing","floor":25,"turns":7},{"damage":13,"enemies":"Gremlin Leader","floor":27,"turns":9},{"damage":0,"enemies":"Snecko","floor":28,"turns":4},{"damage":0,"enemies":"Chosen and Byrds","floor":30,"turns":4},{"damage":2,"enemies":"Shelled Parasite and Fungi","floor":31,"turns":7},{"damage":17,"enemies":"Champ","floor":33,"turns":15},{"damage":5,"enemies":"Orb Walker","floor":35,"turns":4},{"damage":16,"enemies":"3 Darklings","floor":37,"turns":4},{"damage":27,"enemies":"Nemesis","floor":40,"turns":12},{"damage":0,"enemies":"Maw","floor":42,"turns":9},{"damage":33,"enemies":"Reptomancer","floor":44,"turns":8},{"damage":25,"enemies":"Spire Growth","floor":45,"turns":6}],"seed_played":"-314808356968124150","potions_obtained":[{"floor":0,"key":"Strength Potion"},{"floor":0,"key":"SneckoOil"},{"floor":0,"key":"SteroidPotion"},{"floor":6,"key":"AttackPotion"},{"floor":14,"key":"Poison Potion"},{"floor":16,"key":"Dexterity Potion"},{"floor":18,"key":"Dexterity Potion"},{"floor":22,"key":"SpeedPotion"},{"floor":25,"key":"Dexterity Potion"},{"floor":30,"key":"Energy Potion"},{"floor":33,"key":"Explosive Potion"},{"floor":37,"key":"Regen Potion"},{"floor":40,"key":"EssenceOfSteel"},{"floor":42,"key":"Strength Potion"}],"is_trial":false,"path_per_floor":["M","?","M","$","M","E","T","R","T","R","M","R","M","E","R","B",null,"M","?","?","$","M","R","M","E","T","E","M","R","M","M","R","B",null,"M","$","M","?","?","E","R","M","T","E","M"],"character_chosen":"THE_SILENT","items_purchased":["Membership Card","Footwork","Mayhem","Envenom"],"campfire_rested":4,"item_purchase_floors":[21,21,36,36],"current_hp_per_floor":[57,57,50,50,50,38,38,38,38,38,26,45,44,20,39,11,52,37,37,44,44,44,44,34,15,15,2,2,23,23,21,42,25,61,56,56,40,40,55,43,43,43,43,10,0],"gold":145,"neow_bonus":"THREE_SMALL_POTIONS","is_prod":false,"is_daily":false,"chose_seed":false,"campfire_upgraded":4,"win_rate":0,"timestamp":1565268054,"path_taken":["M","?","M","$","M","E","?","R","T","R","?","R","M","E","R","BOSS","M","?","?","$","M","R","M","E","T","E","?","R","?","M","R","BOSS","M","$","M","?","?","E","R","M","T","E","M"],"build_version":"2019-07-17","purchased_purges":2,"victory":false,"max_hp_per_floor":[66,66,66,66,66,66,66,66,66,66,66,66,66,66,66,66,66,66,66,73,73,73,73,73,73,73,73,73,73,73,73,73,73,73,73,73,73,73,73,73,73,73,73,73,73],"card_choices":[{"not_picked":["Distraction","Outmaneuver"],"picked":"Leg Sweep","floor":1},{"not_picked":["Calculated Gamble","Backflip"],"picked":"Backstab","floor":3},{"not_picked":["Choke","Blur"],"picked":"Predator","floor":5},{"not_picked":["Predator","Choke"],"picked":"Poisoned Stab","floor":6},{"not_picked":["Dagger Throw","Acrobatics"],"picked":"Caltrops","floor":11},{"not_picked":["Underhanded Strike","Bane"],"picked":"Backflip","floor":13},{"not_picked":["Blade Dance","Concentrate"],"picked":"Slice","floor":14},{"not_picked":["Phantasmal Killer","Die Die Die"],"picked":"Malaise","floor":16},{"not_picked":["Blade Dance","Leg Sweep","Underhanded Strike"],"picked":"SKIP","floor":18},{"not_picked":["Cloak And Dagger","Backflip"],"picked":"Dagger Spray","floor":22},{"not_picked":["Dagger Throw","Backflip"],"picked":"Predator","floor":24},{"not_picked":["Deadly Poison+1","Concentrate"],"picked":"Backflip","floor":25},{"not_picked":["Reflex","Dagger Throw"],"picked":"Crippling Poison","floor":27},{"not_picked":["Eviscerate","Terror","Distraction"],"picked":"SKIP","floor":28},{"not_picked":["Blade Dance","Cloak And Dagger","Catalyst"],"picked":"SKIP","floor":30},{"not_picked":["PiercingWail","Venomology"],"picked":"Noxious Fumes","floor":31},{"not_picked":["Wraith Form v2","Phantasmal Killer"],"picked":"Envenom","floor":33},{"not_picked":["Reflex","Underhanded Strike+1"],"picked":"Backflip","floor":35},{"not_picked":["Sucker Punch","Cloak And Dagger"],"picked":"Die Die Die","floor":37},{"not_picked":["Setup","Flying Knee","Deflect+1"],"picked":"SKIP","floor":40},{"not_picked":["Distraction","Crippling Poison","Dagger Spray"],"picked":"SKIP","floor":42},{"not_picked":["Bane","Concentrate","Slice+1","Sucker Punch"],"picked":"SKIP","floor":44}],"player_experience":761371,"relics_obtained":[{"floor":6,"key":"Centennial Puzzle"},{"floor":7,"key":"Mummified Hand"},{"floor":9,"key":"Potion Belt"},{"floor":14,"key":"Oddly Smooth Stone"},{"floor":20,"key":"Strawberry"},{"floor":25,"key":"Matryoshka"},{"floor":26,"key":"Orichalcum"},{"floor":26,"key":"Anchor"},{"floor":27,"key":"Vajra"},{"floor":40,"key":"Juzu Bracelet"},{"floor":43,"key":"Question Card"},{"floor":43,"key":"Happy Flower"},{"floor":44,"key":"Turnip"}],"event_choices":[{"cards_removed":["Strike_G"],"damage_healed":0,"gold_gain":0,"player_choice":"Card Removal","damage_taken":0,"max_hp_gain":0,"max_hp_loss":0,"event_name":"The Cleric","floor":2,"gold_loss":75},{"damage_healed":0,"gold_gain":0,"player_choice":"Inject Mutagens","damage_taken":0,"relics_obtained":["MutagenicStrength"],"max_hp_gain":0,"max_hp_loss":0,"event_name":"Drug Dealer","floor":19,"gold_loss":0},{"damage_healed":0,"gold_gain":0,"player_choice":"Relic","damage_taken":0,"max_hp_gain":0,"max_hp_loss":0,"event_name":"Wheel of Change","floor":20,"gold_loss":0},{"cards_removed":["Neutralize"],"damage_healed":0,"gold_gain":0,"player_choice":"Removed Attack","damage_taken":0,"max_hp_gain":0,"max_hp_loss":0,"event_name":"Falling","floor":38,"gold_loss":0},{"damage_healed":15,"gold_gain":0,"player_choice":"Writhe","damage_taken":0,"max_hp_gain":0,"max_hp_loss":0,"event_name":"Winding Halls","floor":39,"gold_loss":0,"cards_obtained":["Writhe"]}],"is_beta":false,"boss_relics":[{"not_picked":["Velvet Choker","Pandora\u0027s Box"],"picked":"HoveringKite"},{"not_picked":["Busted Crown","Philosopher\u0027s Stone"],"picked":"Orrery"}],"items_purged_floors":[21,36],"is_endless":false,"potions_floor_spawned":[5,6,14,16,18,22,25,30,33,37,40,42],"killed_by":"Spire Growth","ascension_level":16}