{"gold_per_floor":[112,112,124,139,139,139,159,171,171,187,206,206,240,255,255,353,353,373,472,213,213,213,213,239,164,189,189,189,224,224,243,243,342,342,361,361,372,372,382,414,414,414,414,414,434,469,137,137,137,137],"floor_reached":51,"playtime":1240,"items_purged":["Strike_R","Strike_R"],"score":743,"play_id":"9dd473f9-4c25-4d53-8036-5c8ccee506f6","local_time":"20190816151051","is_ascension_mode":false,"campfire_choices":[{"data":"Twin Strike","floor":6,"key":"SMITH"},{"floor":15,"key":"REST"},{"data":"Immolate","floor":23,"key":"SMITH"},{"data":"Apotheosis","floor":28,"key":"SMITH"},{"floor":30,"key":"REST"},{"floor":32,"key":"REST"},{"data":"Uppercut","floor":41,"key":"SMITH"},{"data":"Inflame","floor":49,"key":"SMITH"}],"neow_cost":"NONE","seed_source_timestamp":21669192940192,"circlet_count":0,"master_deck":["Strike_R","Defend_R","Defend_R+1","Defend_R+1","Defend_R","Bash+1","Twin Strike+1","Battle Trance","Pommel Strike","Heavy Blade","Shockwave","Anger","Exhume","Immolate+1","Headbutt+1","Apotheosis+1","Uppercut+1","Shrug It Off","Rampage+1","Immolate","Havoc+1","Enlightenment","Anger+1","Inflame+1","Doubt"],"relics":["Burning Blood","CultistMask","Juzu Bracelet","Vajra","Kunai","Sozu","Nunchaku","Bag of Preparation","Blue Candle","Coffee Dripper","Champion Belt","Shuriken","Singing Bowl","Molten Egg 2","War Paint"],"potions_floor_usage":[16,24,46],"damage_taken":[{"damage":0,"enemies":"Small Slimes","floor":1,"turns":3},{"damage":5,"enemies":"Cultist","floor":3,"turns":4},{"damage":11,"enemies":"2 Louse","floor":4,"turns":3},{"damage":8,"enemies":"2 Fungi Beasts","floor":7,"turns":3},{"damage":10,"enemies":"Looter","floor":8,"turns":3},{"damage":7,"enemies":"Exordium Thugs","floor":10,"turns":3},{"damage":18,"enemies":"3 Louse","floor":11,"turns":3},{"damage":31,"enemies":"Lagavulin","floor":13,"turns":7},{"damage":9,"enemies":"Blue Slaver","floor":14,"turns":3},{"damage":43,"enemies":"Slime Boss","floor":16,"turns":9},{"damage":7,"enemies":"3 Byrds","floor":18,"turns":3},{"damage":37,"enemies":"Slavers","floor":24,"turns":4},{"damage":51,"enemies":"Gremlin Leader","floor":29,"turns":5},{"damage":9,"enemies":"Shell Parasite","floor":31,"turns":3},{"damage":37,"enemies":"Collector","floor":33,"turns":6},{"damage":5,"enemies":"3 Shapes","floor":35,"turns":2},{"damage":0,"enemies":"Orb Walker","floor":37,"turns":3},{"damage":6,"enemies":"4 Shapes","floor":39,"turns":1},{"damage":25,"enemies":"Nemesis","floor":40,"turns":5},{"damage":6,"enemies":"Writhing Mass","floor":45,"turns":3},{"damage":24,"enemies":"Reptomancer","floor":46,"turns":3},{"damage":85,"enemies":"Donu and Deca","floor":50,"turns":8}],"seed_played":"1479268413095792737","potions_obtained":[{"floor":4,"key":"Energy Potion"},{"floor":7,"key":"PowerPotion"},{"floor":11,"key":"SkillPotion"},{"floor":13,"key":"AttackPotion"}],"is_trial":false,"path_per_floor":["M","?","M","M","?","R","M","M","T","M","M","?","E","M","R","B",null,"M","?","$","?","?","R","E","?","T","?","R","E","R","M","R","B",null,"M","?","M","?","M","E","R","?","T","T","M","E","$","?","R","B",null],"character_chosen":"IRONCLAD","items_purchased":["Apotheosis","Inflame","War Paint"],"campfire_rested":3,"item_purchase_floors":[20,47,47],"current_hp_per_floor":[88,88,88,83,83,83,81,77,77,76,64,57,32,29,55,18,88,87,87,87,87,87,87,56,56,56,56,56,11,37,34,60,29,88,88,88,88,84,84,65,65,65,65,65,67,49,49,86,86,7],"gold":137,"neow_bonus":"TEN_PERCENT_HP_BONUS","is_prod":false,"is_daily":false,"chose_seed":false,"campfire_upgraded":5,"win_rate":0,"timestamp":1565961051,"path_taken":["M","?","?","M","?","R","M","M","T","M","M","?","E","M","R","BOSS","M","?","$","?","?","R","E","?","T","?","R","E","R","M","R","BOSS","M","?","M","?","M","E","R","?","T","?","M","E","$","?","R","BOSS"],"build_version":"2019-07-17","purchased_purges":2,"victory":true,"max_hp_per_floor":[88,88,88,88,88,88,88,88,88,88,88,88,88,88,88,88,88,88,88,88,88,88,88,88,88,88,88,88,88,88,88,88,88,88,88,88,88,84,84,84,84,84,84,84,86,86,86,86,86,86],"card_choices":[{"not_picked":["Warcry","Wild Strike"],"picked":"Twin Strike","floor":1},{"not_picked":["Sword Boomerang","Headbutt"],"picked":"Battle Trance","floor":3},{"not_picked":["Sever Soul","Clash"],"picked":"Pommel Strike","floor":4},{"not_picked":["Flex","Evolve"],"picked":"Heavy Blade","floor":7},{"not_picked":["Clash","Pommel Strike"],"picked":"Shockwave","floor":8},{"not_picked":["Clash","Pommel Strike"],"picked":"Anger","floor":10},{"not_picked":["Pommel Strike","Blood for Blood"],"picked":"Exhume","floor":11},{"not_picked":["Thunderclap","Havoc","Heavy Blade"],"picked":"SKIP","floor":13},{"not_picked":["Burning Pact","Shockwave","Twin Strike"],"picked":"SKIP","floor":14},{"not_picked":["Barricade","Fiend Fire"],"picked":"Immolate","floor":16},{"not_picked":["Battle Trance","Bloodletting"],"picked":"Headbutt+1","floor":18},{"not_picked":["Warcry","Shockwave"],"picked":"Uppercut","floor":24},{"not_picked":["Pommel Strike","Body Slam"],"picked":"Shrug It Off","floor":29},{"not_picked":["Flex","Battle Trance+1"],"picked":"Rampage+1","floor":31},{"not_picked":["Barricade","Exhume"],"picked":"Immolate","floor":33},{"not_picked":["Heavy Blade","Flex+1"],"picked":"Havoc+1","floor":35},{"not_picked":["Blind","Swift Strike"],"picked":"Enlightenment","floor":36},{"not_picked":["Clothesline","Blood for Blood","Sentinel"],"picked":"SKIP","floor":37},{"not_picked":["Clash","Evolve+1","Dark Embrace"],"picked":"SKIP","floor":39},{"not_picked":["Cleave+1","Sever Soul"],"picked":"Heavy Blade+1","floor":40},{"not_picked":["Pommel Strike","Twin Strike","True Grit"],"picked":"Singing Bowl","floor":45},{"not_picked":["Combust","Iron Wave"],"picked":"Anger+1","floor":46}],"player_experience":955504,"relics_obtained":[{"floor":9,"key":"Juzu Bracelet"},{"floor":13,"key":"Kunai"},{"floor":24,"key":"Nunchaku"},{"floor":26,"key":"Bag of Preparation"},{"floor":29,"key":"Blue Candle"},{"floor":40,"key":"Champion Belt"},{"floor":43,"key":"Shuriken"},{"floor":44,"key":"Singing Bowl"},{"floor":46,"key":"Molten Egg 2"}],"event_choices":[{"damage_healed":0,"gold_gain":0,"player_choice":"Forge","damage_taken":0,"max_hp_gain":0,"max_hp_loss":0,"event_name":"Accursed Blacksmith","floor":2,"gold_loss":0,"cards_upgraded":["Bash"]},{"damage_healed":0,"gold_gain":0,"player_choice":"Trade","damage_taken":0,"relics_obtained":["CultistMask"],"max_hp_gain":0,"max_hp_loss":0,"event_name":"FaceTrader","floor":5,"gold_loss":0},{"damage_healed":0,"gold_gain":0,"player_choice":"Success","damage_taken":7,"relics_obtained":["Vajra"],"max_hp_gain":0,"max_hp_loss":0,"event_name":"Scrap Ooze","floor":12,"gold_loss":0},{"damage_healed":0,"gold_gain":99,"player_choice":"Stole From Cult","damage_taken":0,"max_hp_gain":0,"max_hp_loss":0,"event_name":"Nest","floor":19,"gold_loss":0},{"damage_healed":0,"gold_gain":0,"player_choice":"Ignored","damage_taken":0,"max_hp_gain":0,"max_hp_loss":0,"event_name":"Ghosts","floor":21,"gold_loss":0},{"cards_removed":["Strike_R"],"damage_healed":0,"gold_gain":0,"player_choice":"Purged","damage_taken":0,"max_hp_gain":0,"max_hp_loss":0,"event_name":"Purifier","floor":22,"gold_loss":0},{"cards_removed":["Strike_R"],"damage_healed":0,"gold_gain":0,"player_choice":"Gave Gold","damage_taken":0,"max_hp_gain":0,"max_hp_loss":0,"event_name":"Beggar","floor":25,"gold_loss":75},{"damage_healed":0,"gold_gain":0,"player_choice":"Ignored","damage_taken":0,"max_hp_gain":0,"max_hp_loss":0,"event_name":"Vampires","floor":27,"gold_loss":0},{"damage_healed":0,"gold_gain":0,"player_choice":"Memory 1","damage_taken":0,"max_hp_gain":0,"max_hp_loss":0,"event_name":"SensoryStone","floor":36,"gold_loss":0},{"damage_healed":0,"gold_gain":0,"player_choice":"Max HP","damage_taken":0,"max_hp_gain":0,"max_hp_loss":4,"event_name":"Winding Halls","floor":38,"gold_loss":0},{"cards_removed":["Heavy Blade"],"damage_healed":0,"gold_gain":0,"player_choice":"Removed Attack","damage_taken":0,"max_hp_gain":0,"max_hp_loss":0,"event_name":"Falling","floor":42,"gold_loss":0},{"damage_healed":37,"gold_gain":0,"player_choice":"Heal","damage_taken":0,"max_hp_gain":0,"max_hp_loss":0,"event_name":"MindBloom","floor":48,"gold_loss":0,"cards_obtained":["Doubt"]}],"is_beta":false,"boss_relics":[{"not_picked":["Runic Cube","Philosopher\u0027s Stone"],"picked":"Sozu"},{"not_picked":["Runic Dome","Tiny House"],"picked":"Coffee Dripper"}],"items_purged_floors":[20,47],"is_endless":false,"potions_floor_spawned":[4,7,11,13,14,24,29,39,45,46],"ascension_level":0}