{"gold_per_floor":[119,131,131,75,175,175,207,220,247,272,272],"floor_reached":11,"playtime":499,"items_purged":[],"score":154,"play_id":"7459bcc7-e6bb-4f3d-bef1-68cb327811c2","local_time":"20190910225100","is_ascension_mode":true,"campfire_choices":[{"data":"Predator","floor":6,"key":"SMITH"}],"neow_cost":"NONE","seed_source_timestamp":6556870930368,"circlet_count":0,"master_deck":["AscendersBane","Strike_G","Strike_G","Strike_G","Strike_G","Strike_G","Defend_G","Defend_G","Defend_G","Defend_G","Defend_G","Survivor","Neutralize+1","Predator+1","Deflect","Corpse Explosion","PiercingWail","Caltrops"],"relics":["Ring of the Snake","Art of War","Strawberry","Pantograph"],"potions_floor_usage":[7,7,10],"damage_taken":[{"damage":11,"enemies":"Cultist","floor":1,"turns":5},{"damage":4,"enemies":"Small Slimes","floor":2,"turns":3},{"damage":27,"enemies":"Lagavulin","floor":7,"turns":7},{"damage":0,"enemies":"2 Louse","floor":8,"turns":2},{"damage":17,"enemies":"3 Sentries","floor":10,"turns":5},{"damage":16,"enemies":"Exordium Wildlife","floor":11,"turns":1}],"seed_played":"6292927878363113314","potions_obtained":[{"floor":2,"key":"SkillPotion"},{"floor":8,"key":"Poison Potion"}],"is_trial":false,"path_per_floor":["M","M","?","$","?","R","E","M","T","E","M"],"character_chosen":"THE_SILENT","items_purchased":["FearPotion"],"campfire_rested":0,"item_purchase_floors":[4],"current_hp_per_floor":[54,50,50,50,50,50,23,23,30,13,0],"gold":272,"neow_bonus":"TEN_PERCENT_HP_BONUS","is_prod":false,"is_daily":false,"chose_seed":false,"campfire_upgraded":1,"win_rate":0,"timestamp":1568148660,"path_taken":["M","M","?","$","?","R","E","?","T","E","?"],"build_version":"2019-07-17","purchased_purges":0,"victory":false,"max_hp_per_floor":[72,72,72,72,72,72,72,72,79,79,79],"card_choices":[{"not_picked":["Backflip","Prepared"],"picked":"Predator","floor":1},{"not_picked":["Setup","Blur"],"picked":"Deflect","floor":2},{"not_picked":["Leg Sweep","Accuracy"],"picked":"Corpse Explosion","floor":7},{"not_picked":["Accuracy","Setup"],"picked":"PiercingWail","floor":8},{"not_picked":["Backflip","Acrobatics"],"picked":"Caltrops","floor":10}],"player_experience":1052936,"relics_obtained":[{"floor":7,"key":"Art of War"},{"floor":9,"key":"Strawberry"},{"floor":10,"key":"Pantograph"}],"event_choices":[{"damage_healed":0,"gold_gain":0,"player_choice":"Grow","damage_taken":0,"max_hp_gain":0,"max_hp_loss":0,"event_name":"Living Wall","floor":3,"gold_loss":0,"cards_upgraded":["Neutralize"]},{"damage_healed":0,"gold_gain":100,"player_choice":"Gold","damage_taken":0,"max_hp_gain":0,"max_hp_loss":0,"event_name":"Wheel of Change","floor":5,"gold_loss":0}],"is_beta":false,"boss_relics":[],"items_purged_floors":[],"is_endless":false,"potions_floor_spawned":[2,8],"killed_by":"Exordium Wildlife","ascension_level":18}