{"gold_per_floor":[116,191,209,209,225,225,266,266,266,266,285,85,105,130,130,130],"floor_reached":16,"playtime":828,"items_purged":["Strike_B"],"score":102,"play_id":"f7d250e4-6aa0-4785-9209-12adac47a8f5","local_time":"20180624130015","is_ascension_mode":false,"campfire_choices":[{"data":"Zap","floor":6,"key":"SMITH"},{"data":"Dualcast","floor":8,"key":"SMITH"},{"floor":10,"key":"REST"},{"floor":15,"key":"REST"}],"neow_cost":"NONE","seed_source_timestamp":19778749191236,"circlet_count":0,"master_deck":["Strike_B","Strike_B","Strike_B","Defend_B","Defend_B","Defend_B","Defend_B","Zap+1","Dualcast+1","Hologram","Amplify","Ball Lightning","Capacitor","Gash","Redo"],"relics":["Cracked Core","Golden Idol","Pantograph","Centennial Puzzle"],"potions_floor_usage":[7],"damage_taken":[{"damage":0,"enemies":"Cultist","floor":1,"turns":4},{"damage":1,"enemies":"Small Slimes","floor":3,"turns":3},{"damage":6,"enemies":"Jaw Worm","floor":5,"turns":4},{"damage":14,"enemies":"Gremlin Nob","floor":7,"turns":4},{"damage":13,"enemies":"Exordium Wildlife","floor":11,"turns":4},{"damage":2,"enemies":"Looter","floor":13,"turns":3},{"damage":11,"enemies":"Lots of Slimes","floor":14,"turns":3},{"damage":69,"enemies":"The Guardian","floor":16,"turns":10}],"seed_played":"8133618577765612270","potions_obtained":[{"floor":3,"key":"Weak Potion"},{"floor":11,"key":"Energy Potion"}],"is_trial":false,"path_per_floor":["M","?","M","?","M","R","E","R","T","R","M","$","M","M","R"],"character_chosen":"DEFECT","items_purchased":["Capacitor","Gash"],"campfire_rested":2,"item_purchase_floors":[12,12],"current_hp_per_floor":[75,64,63,45,39,39,25,25,25,47,34,34,32,21,43,0],"gold":130,"neow_bonus":"THREE_CARDS","is_prod":false,"is_daily":false,"chose_seed":false,"campfire_upgraded":2,"win_rate":0,"timestamp":1529838015,"path_taken":["M","?","M","?","M","R","E","R","T","R","M","$","M","M","R","BOSS"],"build_version":"2018-06-21v2","purchased_purges":1,"victory":false,"max_hp_per_floor":[75,75,75,75,75,75,75,75,75,75,75,75,75,75,75,75],"card_choices":[{"not_picked":["Leap","Turbo"],"picked":"Hologram","floor":0},{"not_picked":["Beam Cell","Hologram","Conserve Battery"],"picked":"SKIP","floor":1},{"not_picked":["Skim","Chill","Lockon"],"picked":"SKIP","floor":3},{"not_picked":["Cold Snap","Melter","Turbo"],"picked":"SKIP","floor":5},{"not_picked":["Stack","Buffer"],"picked":"Amplify","floor":7},{"not_picked":["Blizzard","Cold Snap"],"picked":"Ball Lightning","floor":11},{"not_picked":["Compile Driver","Blizzard","Conserve Battery"],"picked":"SKIP","floor":13},{"not_picked":["Barrage","Leap"],"picked":"Redo","floor":14}],"player_experience":259460,"relics_obtained":[{"floor":7,"key":"Pantograph"},{"floor":9,"key":"Centennial Puzzle"}],"event_choices":[{"event_name":"World of Goop","player_choice":"Gather Gold","floor":2,"damage_taken":0},{"event_name":"Golden Idol","player_choice":"Take Damage","floor":4,"damage_taken":0}],"boss_relics":[],"items_purged_floors":[12],"is_endless":false,"potions_floor_spawned":[3,11],"killed_by":"The Guardian","ascension_level":0}