{"gold_per_floor":[118,268,287,212,487,487,522,541,564,582,582,43,43,75,75,151,151,166,166,184,184,201,201,227,227,253,281,61,61,78,78,78,78],"floor_reached":33,"playtime":846,"items_purged":["Strike_R"],"score":632,"play_id":"a940d104-427f-4aeb-a5e9-4e6b588db145","local_time":"20190502102526","is_ascension_mode":true,"campfire_choices":[{"data":"Bash","floor":6,"key":"SMITH"},{"data":"Apotheosis","floor":13,"key":"SMITH"},{"data":"Evolve","floor":15,"key":"SMITH"},{"data":"Immolate","floor":23,"key":"SMITH"},{"floor":25,"key":"REST"},{"floor":32,"key":"REST"}],"neow_cost":"NONE","seed_source_timestamp":789264216091100,"circlet_count":0,"master_deck":["AscendersBane","Strike_R","Strike_R","Strike_R","Defend_R","Defend_R","Defend_R","Defend_R","Bash+1","Evolve+1","Dropkick","Iron Wave","Perfected Strike","Thunderclap","Apotheosis+1","Feel No Pain+1","Havoc","True Grit","Immolate+1","Shrug It Off","Carnage","Shockwave","Skim"],"relics":["Burning Blood","NeowsBlessing","Omamori","Pen Nib","Tiny Chest","FossilizedHelix","Snecko Eye","Paper Frog","Red Skull","Pear","PrismaticShard"],"potions_floor_usage":[16],"damage_taken":[{"damage":0,"enemies":"2 Louse","floor":1,"turns":1},{"damage":2,"enemies":"Small Slimes","floor":3,"turns":2},{"damage":3,"enemies":"3 Sentries","floor":7,"turns":2},{"damage":14,"enemies":"Cultist","floor":8,"turns":4},{"damage":17,"enemies":"3 Louse","floor":10,"turns":4},{"damage":14,"enemies":"Lagavulin","floor":14,"turns":6},{"damage":48,"enemies":"Hexaghost","floor":16,"turns":10},{"damage":0,"enemies":"2 Thieves","floor":18,"turns":2},{"damage":6,"enemies":"Shell Parasite","floor":20,"turns":3},{"damage":8,"enemies":"Snake Plant","floor":22,"turns":3},{"damage":47,"enemies":"Book of Stabbing","floor":24,"turns":5},{"damage":16,"enemies":"Slavers","floor":27,"turns":5},{"damage":0,"enemies":"Snecko","floor":30,"turns":2},{"damage":80,"enemies":"Champ","floor":33,"turns":7}],"seed_played":"4087601466915427802","potions_obtained":[{"floor":1,"key":"GamblersBrew"},{"floor":3,"key":"Dexterity Potion"},{"floor":14,"key":"Regen Potion"}],"is_trial":false,"path_per_floor":["M","?","M","?","?","R","E","M","T","M","?","$","R","E","R","B",null,"M","?","M","?","M","R","E","R","T","E","$","?","M","$","R","B"],"character_chosen":"IRONCLAD","items_purchased":["Apotheosis","Feel No Pain","Tiny Chest","Havoc","PrismaticShard"],"campfire_rested":2,"item_purchase_floors":[12,12,12,12,28],"current_hp_per_floor":[74,74,75,75,75,75,75,67,67,56,56,56,56,48,48,11,59,65,65,65,65,63,63,22,44,44,44,44,44,50,50,75,0],"gold":78,"neow_bonus":"THREE_ENEMY_KILL","is_prod":false,"is_daily":false,"chose_seed":false,"campfire_upgraded":4,"win_rate":0,"timestamp":1556781926,"path_taken":["M","?","M","?","?","R","E","M","T","?","?","$","R","E","R","BOSS","M","?","?","?","M","R","E","R","T","E","$","?","?","$","R","BOSS"],"build_version":"2019-01-23","purchased_purges":1,"victory":false,"max_hp_per_floor":[75,75,75,75,75,75,75,75,75,75,75,75,75,75,75,75,75,75,75,75,75,75,75,75,75,75,85,85,85,85,85,85,85],"card_choices":[{"not_picked":["Heavy Blade","Seeing Red"],"picked":"Evolve","floor":1},{"not_picked":["Body Slam","Hemokinesis"],"picked":"Dropkick","floor":3},{"not_picked":["Heavy Blade","Clash"],"picked":"Iron Wave","floor":7},{"not_picked":["Sword Boomerang","Shrug It Off"],"picked":"Perfected Strike","floor":8},{"not_picked":["Heavy Blade","Sentinel"],"picked":"Thunderclap","floor":10},{"not_picked":["Headbutt","Dual Wield"],"picked":"True Grit","floor":14},{"not_picked":["Offering","Demon Form"],"picked":"Immolate","floor":16},{"not_picked":["Armaments","Flex"],"picked":"Shrug It Off","floor":18},{"not_picked":["Thunderclap","Infernal Blade","True Grit"],"picked":"SKIP","floor":20},{"not_picked":["Flame Barrier","Heavy Blade"],"picked":"Carnage","floor":22},{"not_picked":["Thunderclap","Wild Strike","Metallicize"],"picked":"SKIP","floor":24},{"not_picked":["Clash","Immolate"],"picked":"Shockwave","floor":27},{"not_picked":["Whirlwind","Battle Trance"],"picked":"Skim","floor":30}],"player_experience":1286564,"relics_obtained":[{"floor":7,"key":"Omamori"},{"floor":9,"key":"Pen Nib"},{"floor":14,"key":"FossilizedHelix"},{"floor":24,"key":"Paper Frog"},{"floor":26,"key":"Red Skull"},{"floor":27,"key":"Pear"}],"event_choices":[{"damage_healed":0,"gold_gain":150,"player_choice":"AGREE","damage_taken":0,"max_hp_gain":0,"max_hp_loss":0,"event_name":"Liars Game","floor":2,"gold_loss":0,"cards_obtained":["Doubt"]},{"cards_removed":["Doubt"],"damage_healed":0,"gold_gain":0,"player_choice":"Card Removal","damage_taken":0,"max_hp_gain":0,"max_hp_loss":0,"event_name":"The Cleric","floor":4,"gold_loss":75},{"damage_healed":0,"gold_gain":275,"player_choice":"Desecrate","damage_taken":0,"max_hp_gain":0,"max_hp_loss":0,"event_name":"Golden Shrine","floor":5,"gold_loss":0,"cards_obtained":["Regret"]},{"cards_removed":["Regret"],"damage_healed":0,"gold_gain":0,"player_choice":"Forget","damage_taken":0,"max_hp_gain":0,"max_hp_loss":0,"event_name":"Living Wall","floor":11,"gold_loss":0},{"cards_removed":["Strike_R"],"damage_healed":0,"gold_gain":0,"player_choice":"Offered Basic","damage_taken":0,"max_hp_gain":0,"max_hp_loss":0,"event_name":"Bonfire Elementals","floor":19,"gold_loss":0},{"damage_healed":0,"gold_gain":0,"player_choice":"Ignored","damage_taken":0,"max_hp_gain":0,"max_hp_loss":0,"event_name":"Ghosts","floor":21,"gold_loss":0},{"damage_healed":0,"gold_gain":0,"player_choice":"Upgraded","damage_taken":0,"max_hp_gain":0,"max_hp_loss":0,"event_name":"Upgrade Shrine","floor":29,"gold_loss":0,"cards_upgraded":["Feel No Pain"]}],"is_beta":false,"boss_relics":[{"not_picked":["Astrolabe","Empty Cage"],"picked":"Snecko Eye"}],"items_purged_floors":[12],"is_endless":false,"potions_floor_spawned":[1,3,14],"killed_by":"Champ","ascension_level":20}