{"gold_per_floor":[116,81,81,99,49,49,74,87,87,113,124,139,139,153,153,153],"floor_reached":16,"playtime":872,"items_purged":[],"score":190,"play_id":"d36366ff-59f4-46a6-90ee-bb08e956d764","local_time":"20190914211117","is_ascension_mode":true,"campfire_choices":[{"data":"Bash","floor":6,"key":"SMITH"},{"data":"Spot Weakness","floor":13,"key":"SMITH"},{"floor":15,"key":"REST"}],"neow_cost":"PERCENT_DAMAGE","seed_source_timestamp":42149016688402,"circlet_count":0,"master_deck":["AscendersBane","Strike_R","Strike_R","Defend_R","Defend_R","Defend_R","Defend_R","Bash+1","Offering","Bloodletting","Spot Weakness+1","Sword Boomerang","Feel No Pain","Clothesline","Feed","Shrug It Off","Headbutt","Offering"],"relics":["Burning Blood","Ice Cream","Question Card","Omamori"],"potions_floor_usage":[7,12,14],"damage_taken":[{"damage":6,"enemies":"Cultist","floor":1,"turns":4},{"damage":8,"enemies":"2 Louse","floor":4,"turns":4},{"damage":18,"enemies":"Gremlin Nob","floor":7,"turns":3},{"damage":8,"enemies":"Jaw Worm","floor":8,"turns":2},{"damage":15,"enemies":"Lagavulin","floor":10,"turns":7},{"damage":10,"enemies":"Red Slaver","floor":11,"turns":2},{"damage":6,"enemies":"Looter","floor":12,"turns":3},{"damage":15,"enemies":"Lots of Slimes","floor":14,"turns":3},{"damage":55,"enemies":"The Guardian","floor":16,"turns":9}],"seed_played":"2587731774796728871","potions_obtained":[{"floor":1,"key":"AttackPotion"},{"floor":10,"key":"Explosive Potion"},{"floor":12,"key":"Strength Potion"}],"is_trial":false,"path_per_floor":["M","?","?","M","$","R","E","M","T","E","M","M","R","M","R","B"],"character_chosen":"IRONCLAD","items_purchased":["Weak Potion"],"campfire_rested":1,"item_purchase_floors":[5],"current_hp_per_floor":[50,68,61,59,59,59,47,45,45,36,35,35,35,29,53,0],"gold":153,"neow_bonus":"TRANSFORM_TWO_CARDS","is_prod":false,"is_daily":false,"chose_seed":false,"campfire_upgraded":2,"win_rate":0,"timestamp":1568488277,"path_taken":["M","?","?","?","?","R","E","M","T","E","M","M","R","M","R","BOSS"],"build_version":"2019-07-17","purchased_purges":0,"victory":false,"max_hp_per_floor":[75,75,75,75,75,75,75,75,75,75,78,78,78,81,81,81],"card_choices":[{"not_picked":["Pummel","Havoc"],"picked":"Spot Weakness","floor":1},{"not_picked":["Perfected Strike","Flex"],"picked":"Sword Boomerang","floor":4},{"not_picked":["Heavy Blade","Barricade"],"picked":"Feel No Pain","floor":7},{"not_picked":["Thunderclap","Carnage"],"picked":"Clothesline","floor":8},{"not_picked":["Heavy Blade","Armaments","Wild Strike"],"picked":"Feed","floor":10},{"not_picked":["Thunderclap","Warcry","Armaments"],"picked":"Shrug It Off","floor":11},{"not_picked":["Blood for Blood","Cleave","Bloodletting"],"picked":"Headbutt","floor":12},{"not_picked":["Clash","Searing Blow","Rage"],"picked":"Offering","floor":14}],"player_experience":1055854,"relics_obtained":[{"floor":7,"key":"Ice Cream"},{"floor":9,"key":"Question Card"},{"floor":10,"key":"Omamori"}],"event_choices":[{"damage_healed":18,"gold_gain":0,"player_choice":"Healed","damage_taken":0,"max_hp_gain":0,"max_hp_loss":0,"event_name":"The Cleric","floor":2,"gold_loss":35},{"cards_removed":["Strike_R"],"damage_healed":0,"gold_gain":0,"player_choice":"Card Removal","damage_taken":7,"max_hp_gain":0,"max_hp_loss":0,"event_name":"Golden Wing","floor":3,"gold_loss":0}],"is_beta":false,"boss_relics":[],"items_purged_floors":[],"is_endless":false,"potions_floor_spawned":[1,10,12],"killed_by":"The Guardian","ascension_level":14}