{"gold_per_floor":[112,26,37,0,0,0,13,13,38,72,86,116,130,63,63,158,158,174,174,174,75,92,92,109,140,140,159,189,39,0,18,18,114,114,131,131,31,31,49,49,69,80,80,80,98,0,0,0,0,0],"floor_reached":51,"playtime":1904,"items_purged":["Strike_B","Strike_B"],"score":815,"play_id":"1fa32037-9f4b-49df-ad5c-3ac525de5675","local_time":"20191008202531","is_ascension_mode":true,"campfire_choices":[{"data":"Defragment","floor":6,"key":"SMITH"},{"data":"Dualcast","floor":8,"key":"SMITH"},{"data":"Defragment","floor":15,"key":"SMITH"},{"floor":23,"key":"REST"},{"floor":32,"key":"REST"},{"data":"Loop","floor":40,"key":"SMITH"},{"floor":44,"key":"REST"},{"data":"Consume","floor":47,"key":"SMITH"},{"floor":49,"key":"REST"}],"neow_cost":"NONE","seed_source_timestamp":2245805261499500,"circlet_count":0,"master_deck":["Strike_B","Defend_B","Defend_B","Defend_B","Defend_B","Zap+1","Dualcast+1","Genetic Algorithm","Consume+1","Coolheaded","Conserve Battery","Defragment+1","Chill","Redo","Leap","Defragment+1","Electrodynamics","Leap","Undo+1","Reinforced Body","Redo+1","Loop+1","Machine Learning"],"relics":["Cracked Core","Happy Flower","Darkstone Periapt","PreservedInsect","Sozu","Omamori","Sundial","Pen Nib","Regal Pillow","SlaversCollar","Question Card","Red Mask"],"potions_floor_usage":[42,50,50],"damage_taken":[{"damage":1,"enemies":"Cultist","floor":1,"turns":4},{"damage":9,"enemies":"Small Slimes","floor":3,"turns":3},{"damage":7,"enemies":"Jaw Worm","floor":7,"turns":4},{"damage":2,"enemies":"Lagavulin","floor":10,"turns":7},{"damage":0,"enemies":"2 Fungi Beasts","floor":11,"turns":4},{"damage":5,"enemies":"3 Sentries","floor":12,"turns":12},{"damage":6,"enemies":"Blue Slaver","floor":13,"turns":4},{"damage":4,"enemies":"The Guardian","floor":16,"turns":13},{"damage":14,"enemies":"Chosen","floor":18,"turns":5},{"damage":24,"enemies":"3 Byrds","floor":22,"turns":3},{"damage":11,"enemies":"Snecko","floor":24,"turns":6},{"damage":18,"enemies":"Slavers","floor":25,"turns":6},{"damage":0,"enemies":"Centurion and Healer","floor":27,"turns":6},{"damage":1,"enemies":"Gremlin Leader","floor":28,"turns":6},{"damage":1,"enemies":"Snake Plant","floor":31,"turns":4},{"damage":30,"enemies":"Automaton","floor":33,"turns":20},{"damage":10,"enemies":"3 Shapes","floor":35,"turns":8},{"damage":4,"enemies":"Orb Walker","floor":39,"turns":7},{"damage":42,"enemies":"3 Darklings","floor":41,"turns":3},{"damage":22,"enemies":"Jaw Worm Horde","floor":42,"turns":7},{"damage":0,"enemies":"4 Shapes","floor":45,"turns":3},{"damage":0,"enemies":"Donu and Deca","floor":50,"turns":10}],"seed_played":"-824669944226189236","potions_obtained":[{"floor":7,"key":"SkillPotion"},{"floor":10,"key":"FocusPotion"},{"floor":12,"key":"SneckoOil"},{"floor":16,"key":"Dexterity Potion"}],"is_trial":false,"path_per_floor":["M","$","M","$","?","R","M","R","T","E","M","E","M","$","R","B",null,"M","?","?","$","M","R","M","E","T","M","E","$","?","M","R","B",null,"M","?","$","?","M","R","M","M","T","R","M","?","R","$","R","B",null],"character_chosen":"DEFECT","items_purchased":["Consume","Coolheaded","Defragment","Defragment","Leap","Regal Pillow"],"campfire_rested":4,"item_purchase_floors":[2,2,4,14,21,29],"current_hp_per_floor":[74,74,65,65,65,65,58,58,58,56,56,51,45,45,45,41,75,61,61,47,47,23,47,36,18,18,18,17,17,17,16,55,25,80,70,70,70,70,66,66,24,2,2,41,41,41,41,41,80,80],"gold":0,"neow_bonus":"UPGRADE_CARD","is_prod":false,"is_daily":false,"chose_seed":false,"campfire_upgraded":5,"win_rate":0,"timestamp":1570530331,"path_taken":["M","?","M","?","?","R","M","R","T","E","?","E","?","$","R","BOSS","M","?","?","?","M","R","M","E","T","?","E","$","?","M","R","BOSS","M","?","$","?","M","R","M","M","T","R","?","?","R","$","R","BOSS"],"build_version":"2019-10-07","purchased_purges":2,"victory":true,"max_hp_per_floor":[75,75,75,75,75,75,75,75,75,75,75,75,75,75,75,75,75,75,75,80,80,80,80,80,80,80,80,80,80,80,80,80,80,80,80,80,80,80,80,80,80,80,80,80,80,80,80,80,80,80],"card_choices":[{"not_picked":["Compile Driver","Conserve Battery"],"picked":"Genetic Algorithm","floor":1},{"not_picked":["Go for the Eyes","Chaos"],"picked":"Conserve Battery","floor":3},{"not_picked":["Storm","Double Energy","Fusion"],"picked":"SKIP","floor":7},{"not_picked":["Hello World","Hyperbeam","Coolheaded"],"picked":"SKIP","floor":10},{"not_picked":["Hologram","Static Discharge"],"picked":"Chill","floor":11},{"not_picked":["Consume","Storm"],"picked":"Redo","floor":12},{"not_picked":["Aggregate","Barrage"],"picked":"Leap","floor":13},{"not_picked":["Rainbow","Creative AI"],"picked":"Electrodynamics","floor":16},{"not_picked":["Coolheaded","Melter","Go for the Eyes"],"picked":"SKIP","floor":18},{"not_picked":["FTL","Turbo","Barrage"],"picked":"SKIP","floor":22},{"not_picked":["Blizzard","Streamline","Fission"],"picked":"SKIP","floor":24},{"not_picked":["Fusion","Lockon+1"],"picked":"Undo+1","floor":25},{"not_picked":["Hologram","Self Repair"],"picked":"Reinforced Body","floor":27},{"not_picked":["Sweeping Beam","Steam Power"],"picked":"Redo+1","floor":28},{"not_picked":["Hello World","FTL+1"],"picked":"Loop","floor":31},{"not_picked":["Multi-Cast","Buffer"],"picked":"Machine Learning","floor":33},{"not_picked":["Reinforced Body","Turbo","Undo+1"],"picked":"SKIP","floor":35},{"not_picked":["Coolheaded","Conserve Battery","Beam Cell+1"],"picked":"SKIP","floor":39},{"not_picked":["Stack+1","Rebound+1","Blizzard+1"],"picked":"SKIP","floor":41},{"not_picked":["Stack+1","Gash","Storm+1"],"picked":"SKIP","floor":42},{"not_picked":["Darkness+1","Blizzard","Stack","Loop"],"picked":"SKIP","floor":45}],"player_experience":25485,"relics_obtained":[{"floor":9,"key":"Happy Flower"},{"floor":10,"key":"Darkstone Periapt"},{"floor":12,"key":"PreservedInsect"},{"floor":25,"key":"Omamori"},{"floor":26,"key":"Sundial"},{"floor":28,"key":"Pen Nib"},{"floor":43,"key":"Question Card"}],"event_choices":[{"cards_removed":["Strike_B"],"damage_healed":0,"gold_gain":0,"player_choice":"Purged","damage_taken":0,"max_hp_gain":0,"max_hp_loss":0,"event_name":"Purifier","floor":5,"gold_loss":0},{"damage_healed":0,"gold_gain":0,"player_choice":"Ignored","damage_taken":0,"max_hp_gain":0,"max_hp_loss":0,"event_name":"The Mausoleum","floor":19,"gold_loss":0},{"damage_healed":0,"gold_gain":0,"player_choice":"Shed Blood","damage_taken":19,"max_hp_gain":5,"max_hp_loss":0,"event_name":"Forgotten Altar","floor":20,"gold_loss":0},{"damage_healed":0,"gold_gain":0,"player_choice":"Paid Fearfully","damage_taken":0,"max_hp_gain":0,"max_hp_loss":0,"event_name":"Masked Bandits","floor":30,"gold_loss":39},{"damage_healed":0,"gold_gain":0,"player_choice":"Memory 1","damage_taken":0,"max_hp_gain":0,"max_hp_loss":0,"event_name":"SensoryStone","floor":36,"gold_loss":0},{"damage_healed":0,"gold_gain":0,"player_choice":"Got Potions","damage_taken":0,"max_hp_gain":0,"max_hp_loss":0,"event_name":"Lab","floor":38,"gold_loss":0},{"damage_healed":0,"gold_gain":0,"player_choice":"Paid","damage_taken":0,"relics_obtained":["Red Mask"],"max_hp_gain":0,"max_hp_loss":0,"event_name":"Tomb of Lord Red Mask","floor":46,"gold_loss":98}],"is_beta":true,"boss_relics":[{"not_picked":["FrozenCore","Velvet Choker"],"picked":"Sozu"},{"not_picked":["SacredBark","Cursed Key"],"picked":"SlaversCollar"}],"items_purged_floors":[21,37],"is_endless":false,"potions_floor_spawned":[7,10,12,13,16,18,24,31,39,41,45],"ascension_level":2}