{"gold_per_floor":[117,117,134,134,157,157,82,98,98,98,112,112,137,137],"floor_reached":14,"playtime":715,"items_purged":[],"score":160,"play_id":"c1487f37-c518-4110-b0eb-9724da6a8dad","local_time":"20191005120823","is_ascension_mode":true,"campfire_choices":[{"data":"Bash","floor":6,"key":"SMITH"},{"data":"Fire Breathing","floor":10,"key":"SMITH"},{"data":"Armaments","floor":12,"key":"SMITH"}],"neow_cost":"NONE","seed_source_timestamp":733058245690900,"circlet_count":0,"master_deck":["AscendersBane","Strike_R","Strike_R","Strike_R","Defend_R","Defend_R","Defend_R","Defend_R","Bash+1","Armaments+1","Heavy Blade","Fire Breathing+1","Power Through","Seeing Red"],"relics":["Burning Blood","Golden Idol","The Courier","Odd Mushroom"],"potions_floor_usage":[13],"damage_taken":[{"damage":9,"enemies":"Small Slimes","floor":1,"turns":5},{"damage":3,"enemies":"2 Louse","floor":3,"turns":4},{"damage":16,"enemies":"Jaw Worm","floor":5,"turns":5},{"damage":4,"enemies":"3 Louse","floor":8,"turns":4},{"damage":31,"enemies":"Exordium Wildlife","floor":11,"turns":6},{"damage":48,"enemies":"The Mushroom Lair","floor":13,"turns":6},{"damage":15,"enemies":"3 Sentries","floor":14,"turns":4}],"seed_played":"-5562025589631091854","potions_obtained":[{"floor":3,"key":"Regen Potion"},{"floor":13,"key":"Weak Potion"}],"is_trial":false,"path_per_floor":["M","?","M","?","M","R","?","M","T","R","M","R","?","E"],"character_chosen":"IRONCLAD","items_purchased":[],"campfire_rested":0,"item_purchase_floors":[],"current_hp_per_floor":[65,70,73,72,62,62,62,64,64,64,39,39,12,0],"gold":137,"neow_bonus":"REMOVE_CARD","is_prod":false,"is_daily":false,"chose_seed":false,"campfire_upgraded":3,"win_rate":0,"timestamp":1570266503,"path_taken":["M","?","M","?","M","R","?","M","T","R","M","R","?","E"],"build_version":"2019-07-17","purchased_purges":0,"victory":false,"max_hp_per_floor":[75,80,80,72,72,72,72,72,72,72,72,72,72,72],"card_choices":[{"not_picked":["Clothesline","Body Slam"],"picked":"Armaments","floor":1},{"not_picked":["Blood for Blood","Flex","Clash"],"picked":"SKIP","floor":3},{"not_picked":["Blood for Blood","Flex","Clash"],"picked":"SKIP","floor":3},{"not_picked":["True Grit","Wild Strike"],"picked":"Heavy Blade","floor":5},{"not_picked":["Metallicize","Combust"],"picked":"Fire Breathing","floor":8},{"not_picked":["Wild Strike","Body Slam"],"picked":"Power Through","floor":11},{"not_picked":["Headbutt","Anger"],"picked":"Seeing Red","floor":13}],"player_experience":1343456,"relics_obtained":[{"floor":9,"key":"The Courier"},{"floor":13,"key":"Odd Mushroom"}],"event_choices":[{"damage_healed":0,"gold_gain":0,"player_choice":"Donut","damage_taken":0,"max_hp_gain":5,"max_hp_loss":0,"event_name":"Big Fish","floor":2,"gold_loss":0},{"damage_healed":0,"gold_gain":0,"player_choice":"Lose Max HP","damage_taken":0,"relics_obtained":["Golden Idol"],"max_hp_gain":0,"max_hp_loss":8,"event_name":"Golden Idol","floor":4,"gold_loss":0},{"cards_removed":["Strike_R"],"damage_healed":0,"gold_gain":0,"player_choice":"Card Removal","damage_taken":0,"max_hp_gain":0,"max_hp_loss":0,"event_name":"The Cleric","floor":7,"gold_loss":75},{"damage_healed":0,"gold_gain":0,"player_choice":"Fought Mushrooms","damage_taken":0,"max_hp_gain":0,"max_hp_loss":0,"event_name":"Mushrooms","floor":13,"gold_loss":0}],"is_beta":false,"boss_relics":[],"items_purged_floors":[],"is_endless":false,"potions_floor_spawned":[3,13],"killed_by":"3 Sentries","ascension_level":20}