{"gold_per_floor":[115,131,150,225,241,241,77,94,119,137,137,137],"floor_reached":12,"playtime":391,"items_purged":["Strike_B"],"score":72,"play_id":"ae0f0f89-bb6f-49fe-9fc1-a174cff83b96","local_time":"20190925022953","is_ascension_mode":false,"campfire_choices":[{"data":"Echo Form","floor":6.0,"key":"SMITH"}],"neow_cost":"CURSE","seed_source_timestamp":206200421049700,"circlet_count":0,"master_deck":["Strike_B","Strike_B","Strike_B","Defend_B","Defend_B","Defend_B","Defend_B","Zap","Dualcast","Regret","Glacier","Steam","Meteor Strike","Echo Form+1","Madness","Streamline"],"special_seed":0,"relics":["Cracked Core","Bird Faced Urn","Bag of Preparation"],"potions_floor_usage":[10],"damage_taken":[{"damage":13.0,"enemies":"Jaw Worm","floor":1.0,"turns":5.0},{"damage":6.0,"enemies":"Small Slimes","floor":2.0,"turns":4.0},{"damage":3.0,"enemies":"2 Louse","floor":3.0,"turns":3.0},{"damage":10.0,"enemies":"2 Fungi Beasts","floor":5.0,"turns":5.0},{"damage":20.0,"enemies":"Blue Slaver","floor":8.0,"turns":12.0},{"damage":8,"enemies":"Red Slaver","floor":10,"turns":4},{"damage":9,"enemies":"Large Slime","floor":12,"turns":2}],"seed_played":"-658829601272095686","potions_obtained":[{"floor":2.0,"key":"SkillPotion"},{"floor":3.0,"key":"Dexterity Potion"},{"floor":10,"key":"SteroidPotion"}],"is_trial":false,"path_per_floor":["M","M","M","?","M","R","$","M","T","M","?","M"],"character_chosen":"DEFECT","items_purchased":["Madness"],"campfire_rested":0,"item_purchase_floors":[7],"current_hp_per_floor":[62,56,53,42,32,32,32,14,14,8,8,0],"gold":137,"neow_bonus":"ONE_RARE_RELIC","is_prod":false,"is_daily":false,"chose_seed":false,"campfire_upgraded":1,"win_rate":0,"timestamp":1569346193,"path_taken":["M","M","M","?","M","R","$","M","T","M","?","M"],"build_version":"2019-07-17","purchased_purges":1,"victory":false,"max_hp_per_floor":[75,75,75,75,75,75,75,75,75,75,75,75],"card_choices":[{"not_picked":["Compile Driver","Barrage"],"picked":"Glacier","floor":1.0},{"not_picked":["Compile Driver","Barrage"],"picked":"Steam","floor":2.0},{"not_picked":["Gash","Leap"],"picked":"Meteor Strike","floor":3.0},{"not_picked":["Hologram","Loop"],"picked":"Echo Form","floor":5.0},{"not_picked":["Barrage","Compile Driver","Steam"],"picked":"SKIP","floor":8.0},{"not_picked":["Lockon","Auto Shields"],"picked":"Streamline","floor":10}],"player_experience":477246,"relics_obtained":[{"floor":9.0,"key":"Bag of Preparation"}],"event_choices":[{"damage_healed":0.0,"max_hp_gain":0.0,"max_hp_loss":0.0,"gold_gain":75.0,"event_name":"World of Goop","player_choice":"Gather Gold","floor":4.0,"gold_loss":0.0,"damage_taken":11.0},{"damage_healed":0,"gold_gain":0,"player_choice":"Fled","damage_taken":0,"max_hp_gain":0,"max_hp_loss":0,"event_name":"Scrap Ooze","floor":11,"gold_loss":0}],"is_beta":false,"boss_relics":[],"items_purged_floors":[7],"is_endless":false,"potions_floor_spawned":[2,3,10],"killed_by":"Large Slime","ascension_level":0}