{"path_per_floor":["M","$","?","?","?","R","T","M","T","R","$","E","M","M","R"],"character_chosen":"DEFECT","items_purchased":["Capacitor"],"gold_per_floor":[116,35,35,35,35,35,35,54,134,134,59,85,101,121,121,121],"floor_reached":16,"campfire_rested":1,"playtime":645,"item_purchase_floors":[2],"current_hp_per_floor":[74,74,74,74,74,74,74,73,73,75,75,49,49,49,49,0],"items_purged":["Strike_B"],"gold":121,"score":98,"play_id":"d0feab8c-faf2-445e-aa87-07833edd0698","local_time":"20180619203713","is_prod":false,"is_daily":false,"chose_seed":false,"is_ascension_mode":false,"campfire_upgraded":2,"win_rate":0,"timestamp":1529433433,"campfire_choices":[{"data":"Dualcast","floor":6,"key":"SMITH"},{"floor":10,"key":"REST"},{"data":"Amplify","floor":15,"key":"SMITH"}],"path_taken":["M","$","?","?","?","R","?","M","T","R","?","E","?","M","R","BOSS"],"build_version":"2018-06-14v2","seed_source_timestamp":19753014899715,"purchased_purges":1,"victory":false,"master_deck":["Strike_B","Strike_B","Strike_B","Defend_B","Defend_B","Defend_B","Defend_B","Zap+1","Dualcast+1","Capacitor+1","Amplify+1"],"max_hp_per_floor":[75,75,75,75,75,75,75,75,75,75,75,75,75,75,75,75],"relics":["Cracked Core","Toolbox","Kunai","Vajra"],"card_choices":[{"not_picked":["Cold Snap","Stack","Turbo"],"picked":"SKIP","floor":1},{"not_picked":["Cold Snap","Steam","Sweeping Beam"],"picked":"SKIP","floor":8},{"not_picked":["Force Field","Rip and Tear"],"picked":"Amplify","floor":12},{"not_picked":["Go for the Eyes","Cold Snap","Conserve Battery"],"picked":"SKIP","floor":13},{"not_picked":["Coolheaded","Beam Cell","Conserve Battery"],"picked":"SKIP","floor":14}],"player_experience":245674,"potions_floor_usage":[16],"damage_taken":[{"damage":1,"enemies":"Jaw Worm","floor":1,"turns":3},{"damage":1,"enemies":"Cultist","floor":8,"turns":3},{"damage":26,"enemies":"Gremlin Nob","floor":12,"turns":4},{"damage":0,"enemies":"Small Slimes","floor":13,"turns":4},{"damage":0,"enemies":"2 Fungi Beasts","floor":14,"turns":1},{"damage":61,"enemies":"The Guardian","floor":16,"turns":10}],"relics_obtained":[{"floor":7,"key":"Toolbox"},{"floor":9,"key":"Kunai"},{"floor":12,"key":"Vajra"}],"event_choices":[{"event_name":"The Lab","player_choice":"Got Potions","floor":3,"damage_taken":0},{"event_name":"The Cleric","player_choice":"Leave","floor":4,"damage_taken":0},{"event_name":"Living Wall","player_choice":"Grow","floor":5,"damage_taken":0}],"boss_relics":[],"items_purged_floors":[11],"is_endless":false,"potions_floor_spawned":[12,13],"seed_played":"8283840425551739728","killed_by":"The Guardian","ascension_level":0,"potions_obtained":[{"floor":3,"key":"Energy Potion"},{"floor":3,"key":"SmokeBomb"},{"floor":3,"key":"Weak Potion"},{"floor":12,"key":"SkillPotion"}],"is_trial":false}