{"gold_per_floor":[112,34,109,109,109,139,35,35,114,264,276,276,292,320,320,320],"floor_reached":16,"playtime":377,"items_purged":["Strike_B"],"score":255,"play_id":"d8342178-de53-4532-b5cb-8cbd0553f4f7","local_time":"20190413102515","is_ascension_mode":true,"campfire_choices":[{"data":"Zap","floor":8,"key":"SMITH"},{"data":"Dualcast","floor":12,"key":"SMITH"},{"floor":15,"key":"REST"}],"neow_cost":"NONE","seed_source_timestamp":444983198483000,"circlet_count":0,"master_deck":["AscendersBane","Strike_B","Strike_B","Defend_B","Defend_B","Defend_B","Defend_B","Zap+1","Dualcast+1","Beam Cell","Scrape","BootSequence","Steam","Doubt","Reboot"],"relics":["Cracked Core","NeowsBlessing","Pear","Happy Flower","Bottled Flame","Oddly Smooth Stone"],"potions_floor_usage":[14],"damage_taken":[{"damage":0,"enemies":"Small Slimes","floor":1,"turns":1},{"damage":0,"enemies":"Gremlin Nob","floor":6,"turns":1},{"damage":0,"enemies":"Jaw Worm","floor":11,"turns":1},{"damage":0,"enemies":"2 Louse","floor":13,"turns":3},{"damage":57,"enemies":"3 Sentries","floor":14,"turns":11},{"damage":36,"enemies":"The Guardian","floor":16,"turns":9}],"seed_played":"4844022834896820495","potions_obtained":[{"floor":11,"key":"Block Potion"},{"floor":13,"key":"Energy Potion"}],"is_trial":false,"path_per_floor":["M","$","?","T","?","E","$","R","T","?","M","R","M","E","R","B"],"character_chosen":"DEFECT","items_purchased":["Scrape","Steam"],"campfire_rested":1,"item_purchase_floors":[2,7],"current_hp_per_floor":[64,64,53,63,63,63,63,63,63,63,63,63,63,6,30,0],"gold":320,"neow_bonus":"THREE_ENEMY_KILL","is_prod":false,"is_daily":false,"chose_seed":false,"campfire_upgraded":2,"win_rate":0,"timestamp":1555140315,"path_taken":["M","$","?","?","?","E","$","R","T","?","?","R","M","E","R","BOSS"],"build_version":"2019-01-23","purchased_purges":1,"victory":false,"max_hp_per_floor":[71,71,71,81,81,81,81,81,81,81,81,81,81,81,81,81],"card_choices":[{"not_picked":["Sweeping Beam","Redo"],"picked":"Beam Cell","floor":1},{"not_picked":["Recycle","Heatsinks"],"picked":"BootSequence","floor":6},{"not_picked":["Turbo","Tempest","Redo"],"picked":"SKIP","floor":11},{"not_picked":["Auto Shields","Sweeping Beam","Turbo"],"picked":"SKIP","floor":13},{"not_picked":["Hologram","Doom and Gloom"],"picked":"Reboot","floor":14}],"player_experience":1154954,"relics_obtained":[{"floor":4,"key":"Pear"},{"floor":6,"key":"Happy Flower"},{"floor":9,"key":"Bottled Flame"},{"floor":14,"key":"Oddly Smooth Stone"}],"event_choices":[{"damage_healed":0,"gold_gain":75,"player_choice":"Gather Gold","damage_taken":11,"max_hp_gain":0,"max_hp_loss":0,"event_name":"World of Goop","floor":3,"gold_loss":0},{"cards_removed":["Strike_B"],"damage_healed":0,"gold_gain":0,"player_choice":"Forget","damage_taken":0,"max_hp_gain":0,"max_hp_loss":0,"event_name":"Living Wall","floor":5,"gold_loss":0},{"damage_healed":0,"gold_gain":150,"player_choice":"AGREE","damage_taken":0,"max_hp_gain":0,"max_hp_loss":0,"event_name":"Liars Game","floor":10,"gold_loss":0,"cards_obtained":["Doubt"]}],"is_beta":false,"boss_relics":[],"items_purged_floors":[7],"is_endless":false,"potions_floor_spawned":[11,13],"killed_by":"The Guardian","ascension_level":19}