{"gold_per_floor":[110,110,110,30,54,88,104,29,29,54,73,73,148,64,64,194,194,217,231,254,61,80,80,80],"floor_reached":24,"playtime":960,"items_purged":["Strike_G"],"score":304,"play_id":"ea42dc03-89fa-47f1-9c8d-57bd43abb6e2","local_time":"20190924004216","is_ascension_mode":true,"campfire_choices":[{"data":"Well Laid Plans","floor":12,"key":"SMITH"},{"data":"Cloak And Dagger","floor":15,"key":"SMITH"},{"floor":23,"key":"REST"}],"neow_cost":"NONE","seed_source_timestamp":112810613668100,"circlet_count":0,"master_deck":["Strike_G","Strike_G","Strike_G","Strike_G","Defend_G","Defend_G","Defend_G","Defend_G","Defend_G","Survivor","Neutralize","Slice","Noxious Fumes","Backstab","Cloak And Dagger+1","Well Laid Plans+1","Adrenaline","Noxious Fumes","Purity","A Thousand Cuts","Deflect","Escape Plan+1","Deflect"],"relics":["Ring of the Snake","NeowsBlessing","Golden Idol","Pear","Sundial","Lizard Tail","Bronze Scales"],"potions_floor_usage":[20,24],"damage_taken":[{"damage":0,"enemies":"Jaw Worm","floor":1,"turns":1},{"damage":0,"enemies":"Cultist","floor":5,"turns":1},{"damage":0,"enemies":"3 Sentries","floor":6,"turns":1},{"damage":0,"enemies":"Small Slimes","floor":7,"turns":3},{"damage":3,"enemies":"Looter","floor":10,"turns":3},{"damage":14,"enemies":"Exordium Thugs","floor":11,"turns":5},{"damage":11,"enemies":"The Guardian","floor":16,"turns":12},{"damage":6,"enemies":"Chosen","floor":18,"turns":6},{"damage":42,"enemies":"Spheric Guardian","floor":19,"turns":6},{"damage":21,"enemies":"Chosen and Byrds","floor":20,"turns":6},{"damage":33,"enemies":"Snake Plant","floor":22,"turns":5},{"damage":55,"enemies":"Snecko","floor":24,"turns":5}],"seed_played":"6618585892819390633","potions_obtained":[{"floor":5,"key":"Swift Potion"},{"floor":11,"key":"Dexterity Potion"},{"floor":22,"key":"Regen Potion"}],"is_trial":false,"path_per_floor":["M","?","?","$","M","E","M","$","T","M","M","R","?","$","R","B",null,"M","M","M","$","M","R","M"],"character_chosen":"THE_SILENT","items_purchased":["Noxious Fumes","Purity","Bronze Scales","Fire Potion"],"campfire_rested":1,"item_purchase_floors":[4,14,21,21],"current_hp_per_floor":[70,75,57,57,57,67,67,67,67,64,50,50,39,39,39,28,71,65,23,2,2,12,37,0],"gold":80,"neow_bonus":"THREE_ENEMY_KILL","is_prod":false,"is_daily":false,"chose_seed":false,"campfire_upgraded":2,"win_rate":0,"timestamp":1569253336,"path_taken":["M","?","?","?","?","E","M","$","T","M","M","R","?","$","R","BOSS","M","M","M","$","M","R","M"],"build_version":"2019-07-17","purchased_purges":1,"victory":false,"max_hp_per_floor":[70,75,75,75,75,85,85,85,85,85,85,85,85,85,85,85,85,85,85,85,85,85,85,85],"card_choices":[{"not_picked":["Poisoned Stab","Bane"],"picked":"Slice","floor":1},{"not_picked":["Backflip","Masterful Stab"],"picked":"Backstab","floor":5},{"not_picked":["Quick Slash","Flying Knee"],"picked":"Cloak And Dagger","floor":6},{"not_picked":["Blade Dance","Skewer"],"picked":"Well Laid Plans","floor":7},{"not_picked":["Blade Dance","Outmaneuver"],"picked":"Adrenaline","floor":10},{"not_picked":["PiercingWail","Prepared"],"picked":"Noxious Fumes","floor":11},{"not_picked":["Adrenaline","Tools of the Trade"],"picked":"A Thousand Cuts","floor":16},{"not_picked":["Skewer","Underhanded Strike","Outmaneuver"],"picked":"SKIP","floor":18},{"not_picked":["Cloak And Dagger","Sucker Punch"],"picked":"Deflect","floor":19},{"not_picked":["Dagger Spray","Leg Sweep"],"picked":"Escape Plan+1","floor":20},{"not_picked":["Blade Dance","Skewer"],"picked":"Deflect","floor":22}],"player_experience":443802,"relics_obtained":[{"floor":6,"key":"Pear"},{"floor":9,"key":"Sundial"}],"event_choices":[{"damage_healed":0,"gold_gain":0,"player_choice":"Donut","damage_taken":0,"max_hp_gain":5,"max_hp_loss":0,"event_name":"Big Fish","floor":2,"gold_loss":0},{"damage_healed":0,"gold_gain":0,"player_choice":"Take Damage","damage_taken":18,"relics_obtained":["Golden Idol"],"max_hp_gain":0,"max_hp_loss":0,"event_name":"Golden Idol","floor":3,"gold_loss":0},{"damage_healed":0,"gold_gain":75,"player_choice":"Gather Gold","damage_taken":11,"max_hp_gain":0,"max_hp_loss":0,"event_name":"World of Goop","floor":13,"gold_loss":0}],"is_beta":false,"boss_relics":[{"not_picked":["Snecko Eye","Orrery"],"picked":"Lizard Tail"}],"items_purged_floors":[8],"is_endless":false,"potions_floor_spawned":[5,11,22],"killed_by":"Snecko","ascension_level":5}