{"gold_per_floor":[112,112,128,142,16,46,46,79,79,79,96,106,106,16,16,93,93,113,33,33,33,33,66,66],"floor_reached":24,"playtime":1391,"items_purged":["Pain"],"score":494,"play_id":"bd716835-69db-4f57-b93d-9ed8697ab42d","local_time":"20190324102627","is_ascension_mode":true,"campfire_choices":[{"data":"Bash","floor":7,"key":"SMITH"},{"data":"Clothesline","floor":10,"key":"SMITH"},{"data":"Disarm","floor":13,"key":"SMITH"},{"data":"Iron Wave","floor":15,"key":"SMITH"}],"neow_cost":"NONE","seed_source_timestamp":517127788357400,"circlet_count":0,"master_deck":["AscendersBane","Strike_R","Strike_R","Strike_R","Strike_R","Strike_R","Defend_R","Defend_R","Defend_R","Defend_R","Bash+1","Headbutt","Iron Wave+1","Shrug It Off","Shrug It Off","Barricade+1","Clothesline+1","Disarm+1","Corruption+1","Feel No Pain+1","Clothesline","Impervious","Feel No Pain+1"],"relics":["Burning Blood","Pen Nib","WarpedTongs","Frozen Egg 2","The Courier","Fusion Hammer","Nloth\u0027s Gift","Smiling Mask"],"potions_floor_usage":[6,23,23],"damage_taken":[{"damage":7,"enemies":"Jaw Worm","floor":1,"turns":3},{"damage":0,"enemies":"Cultist","floor":3,"turns":2},{"damage":2,"enemies":"Small Slimes","floor":4,"turns":3},{"damage":15,"enemies":"3 Sentries","floor":6,"turns":9},{"damage":0,"enemies":"Lagavulin","floor":8,"turns":8},{"damage":8,"enemies":"Blue Slaver","floor":11,"turns":4},{"damage":7,"enemies":"Red Slaver","floor":12,"turns":5},{"damage":22,"enemies":"The Guardian","floor":16,"turns":14},{"damage":0,"enemies":"Spheric Guardian","floor":18,"turns":6},{"damage":16,"enemies":"2 Thieves","floor":19,"turns":4},{"damage":61,"enemies":"Slavers","floor":23,"turns":10},{"damage":14,"enemies":"3 Cultists","floor":24,"turns":3}],"seed_played":"4919632989100138597","potions_obtained":[{"floor":4,"key":"GamblersBrew"},{"floor":6,"key":"Regen Potion"},{"floor":12,"key":"Poison Potion"}],"is_trial":false,"path_per_floor":["M","?","M","M","$","E","R","E","T","R","M","M","R","$","R","B",null,"M","M","?","?","$","E","M"],"character_chosen":"IRONCLAD","items_purchased":["Shrug It Off","Feel No Pain+1","Clothesline"],"campfire_rested":0,"item_purchase_floors":[5,14,14],"current_hp_per_floor":[67,67,73,75,75,66,66,82,82,82,80,79,79,79,79,63,80,85,75,50,50,50,10,0],"gold":66,"neow_bonus":"RANDOM_COMMON_RELIC","is_prod":false,"is_daily":false,"chose_seed":false,"campfire_upgraded":4,"win_rate":0,"timestamp":1553412387,"path_taken":["M","?","?","M","$","E","R","E","T","R","M","M","R","?","R","BOSS","M","M","?","?","$","E","M"],"build_version":"2019-01-23","purchased_purges":1,"victory":false,"max_hp_per_floor":[75,75,75,75,75,75,75,85,85,85,85,85,85,85,85,85,85,85,85,90,90,90,90,90],"card_choices":[{"not_picked":["True Grit","Dual Wield"],"picked":"Headbutt","floor":1},{"not_picked":["Sword Boomerang","Entrench"],"picked":"Iron Wave","floor":3},{"not_picked":["Body Slam","Sword Boomerang"],"picked":"Shrug It Off","floor":4},{"not_picked":["Cleave","Thunderclap"],"picked":"Barricade","floor":6},{"not_picked":["Pommel Strike","Anger"],"picked":"Clothesline","floor":8},{"not_picked":["Flex","Wild Strike"],"picked":"Disarm","floor":11},{"not_picked":["Evolve+1","Pommel Strike"],"picked":"Corruption+1","floor":12},{"not_picked":["Brutality+1","Exhume"],"picked":"Impervious","floor":16},{"not_picked":["Burning Pact+1","Twin Strike"],"picked":"Feel No Pain+1","floor":18},{"not_picked":["Uppercut","Cleave","Heavy Blade"],"picked":"SKIP","floor":19},{"not_picked":["Sever Soul","Perfected Strike","Sword Boomerang"],"picked":"SKIP","floor":23}],"player_experience":1000086,"relics_obtained":[{"floor":6,"key":"Frozen Egg 2"},{"floor":8,"key":"Pear"},{"floor":9,"key":"The Courier"},{"floor":23,"key":"Smiling Mask"}],"event_choices":[{"damage_healed":0,"gold_gain":0,"player_choice":"Rummage","damage_taken":0,"relics_obtained":["WarpedTongs"],"max_hp_gain":0,"max_hp_loss":0,"event_name":"Accursed Blacksmith","floor":2,"gold_loss":0,"cards_obtained":["Pain"]},{"damage_healed":0,"gold_gain":0,"player_choice":"Shed Blood","damage_taken":30,"max_hp_gain":5,"max_hp_loss":0,"event_name":"Forgotten Altar","floor":20,"gold_loss":0},{"damage_healed":0,"gold_gain":0,"player_choice":"Traded Relic","damage_taken":0,"relics_obtained":["Nloth\u0027s Gift"],"max_hp_gain":0,"max_hp_loss":0,"event_name":"N\u0027loth","floor":21,"relics_lost":["Pear"],"gold_loss":0}],"is_beta":false,"boss_relics":[{"not_picked":["Black Blood","Busted Crown"],"picked":"Fusion Hammer"}],"items_purged_floors":[5],"is_endless":false,"potions_floor_spawned":[4,6,12],"killed_by":"3 Cultists","ascension_level":20}