{"gold_per_floor":[119,68,68,68,87,118,118,133,187,187,218,218,229,262,262,340,340,354,19,30,49,49,82,82,113,138,138,151,186,186,201,201,275,275,285,285,285,301,321,347,347,381,381,381,393,423,437,268,268,268,268,268,268,23,55,55],"floor_reached":57,"playtime":3019,"items_purged":["Strike_R","Strike_R+1"],"score":3011,"play_id":"60c48908-11ed-45d5-89d4-bb20524e2043","local_time":"20190402111309","is_ascension_mode":true,"campfire_choices":[{"data":"Bludgeon","floor":7,"key":"SMITH"},{"data":"Bash","floor":10,"key":"SMITH"},{"data":"Corruption","floor":15,"key":"SMITH"},{"data":"Juggernaut","floor":24,"key":"SMITH"},{"data":"Disarm","floor":27,"key":"SMITH"},{"floor":32,"key":"RECALL"},{"floor":41,"key":"DIG"},{"floor":44,"key":"DIG"},{"data":"Heavy Blade","floor":49,"key":"SMITH"},{"floor":53,"key":"DIG"}],"neow_cost":"NONE","seed_source_timestamp":1295927329442100,"circlet_count":0,"master_deck":["AscendersBane","Strike_R+1","Strike_R+1","Strike_R+1","Defend_R+1","Defend_R+1","Defend_R+1","Defend_R+1","Bash+1","Spot Weakness","Headbutt","Disarm+1","Bludgeon+1","Shrug It Off","Corruption+1","Ghostly Armor","Combust","Dark Embrace","Seeing Red","Shrug It Off","Juggernaut+1","Clothesline+1","Demon Form","Flame Barrier","Clothesline+1","Feel No Pain","True Grit","Heavy Blade+1","Iron Wave","Corruption","Reaper","Flame Barrier+1"],"relics":["Burning Blood","NeowsBlessing","Oddly Smooth Stone","Tiny Chest","Kunai","Mercury Hourglass","Letter Opener","Snecko Eye","Centennial Puzzle","Dodecahedron","The Courier","Strawberry","Blood Vial","Black Star","Shovel","Regal Pillow","Lantern","Ornamental Fan","Bronze Scales","Self Forming Clay","Bird Faced Urn","Happy Flower","Vajra","Potion Belt","Sundial","Bag of Marbles","Du-Vu Doll"],"potions_floor_usage":[11,18,25,40,56,56,56,56],"damage_taken":[{"damage":0,"enemies":"Cultist","floor":1,"turns":1},{"damage":0,"enemies":"Jaw Worm","floor":5,"turns":1},{"damage":0,"enemies":"3 Sentries","floor":6,"turns":2},{"damage":4,"enemies":"Small Slimes","floor":8,"turns":2},{"damage":12,"enemies":"Lagavulin","floor":11,"turns":6},{"damage":0,"enemies":"2 Fungi Beasts","floor":13,"turns":3},{"damage":0,"enemies":"Gremlin Nob","floor":14,"turns":3},{"damage":24,"enemies":"Slime Boss","floor":16,"turns":6},{"damage":4,"enemies":"2 Thieves","floor":18,"turns":2},{"damage":12,"enemies":"Shell Parasite","floor":20,"turns":4},{"damage":4,"enemies":"3 Cultists","floor":21,"turns":3},{"damage":8,"enemies":"Book of Stabbing","floor":23,"turns":4},{"damage":10,"enemies":"Slavers","floor":25,"turns":3},{"damage":0,"enemies":"Centurion and Healer","floor":28,"turns":4},{"damage":0,"enemies":"Book of Stabbing","floor":29,"turns":4},{"damage":0,"enemies":"Chosen and Byrds","floor":31,"turns":3},{"damage":35,"enemies":"Collector","floor":33,"turns":8},{"damage":0,"enemies":"3 Shapes","floor":35,"turns":4},{"damage":0,"enemies":"Orb Walker","floor":38,"turns":2},{"damage":3,"enemies":"3 Darklings","floor":39,"turns":4},{"damage":15,"enemies":"Reptomancer","floor":40,"turns":4},{"damage":27,"enemies":"Giant Head","floor":42,"turns":7},{"damage":0,"enemies":"Writhing Mass","floor":45,"turns":6},{"damage":9,"enemies":"Reptomancer","floor":46,"turns":3},{"damage":24,"enemies":"Transient","floor":47,"turns":6},{"damage":18,"enemies":"Time Eater","floor":50,"turns":8},{"damage":23,"enemies":"Donu and Deca","floor":51,"turns":6},{"damage":62,"enemies":"Shield and Spear","floor":55,"turns":6},{"damage":47,"enemies":"The Heart","floor":56,"turns":8}],"seed_played":"-5172351523722292063","potions_obtained":[{"floor":1,"key":"AttackPotion"},{"floor":6,"key":"Poison Potion"},{"floor":11,"key":"Strength Potion"},{"floor":16,"key":"Fruit Juice"},{"floor":18,"key":"Energy Potion"},{"floor":29,"key":"Strength Potion"},{"floor":31,"key":"EssenceOfSteel"},{"floor":38,"key":"AttackPotion"},{"floor":42,"key":"Poison Potion"},{"floor":46,"key":"EssenceOfSteel"}],"is_trial":false,"path_per_floor":["M","$","?","$","M","E","R","M","T","R","E","T","M","E","R","B",null,"M","$","M","M","?","E","R","E","T","R","M","E","?","M","R","B",null,"M","T","?","M","M","E","R","E","T","R","M","E","M","$","R","B","B",null,"R","$","E","B",null],"character_chosen":"IRONCLAD","items_purchased":["Headbutt","Centennial Puzzle","Seeing Red","Iron Wave","Dexterity Potion","Corruption","Reaper","PowerPotion"],"campfire_rested":0,"item_purchase_floors":[2,19,19,48,48,54,54,54],"current_hp_per_floor":[74,74,74,74,75,75,75,75,75,75,69,69,75,75,75,57,71,78,78,72,74,74,72,72,68,75,75,81,87,87,87,87,58,80,87,87,87,87,87,78,78,59,59,59,77,86,75,75,75,75,72,83,83,83,51,48],"gold":55,"neow_bonus":"THREE_ENEMY_KILL","is_prod":false,"is_daily":false,"chose_seed":false,"campfire_upgraded":6,"win_rate":0,"timestamp":1554192789,"path_taken":["M","$","?","$","?","E","R","?","T","R","E","?","M","E","R","BOSS","M","$","M","M","?","E","R","E","T","R","M","E","?","?","R","BOSS","M","?","?","M","M","E","R","E","T","R","M","E","?","$","R","BOSS","BOSS","R","$","E","BOSS"],"build_version":"2019-01-23","purchased_purges":2,"victory":true,"max_hp_per_floor":[75,75,75,75,75,75,75,75,75,75,75,75,75,75,75,75,75,80,80,80,80,80,80,80,80,87,87,87,87,87,87,87,87,87,87,87,87,87,87,87,87,87,87,87,87,87,87,87,87,87,87,87,87,87,87,87],"card_choices":[{"not_picked":["Cleave","Rupture"],"picked":"Spot Weakness","floor":1},{"not_picked":["Searing Blow","Intimidate"],"picked":"Disarm","floor":5},{"not_picked":["Sever Soul","Perfected Strike"],"picked":"Bludgeon","floor":6},{"not_picked":["Sever Soul","Pommel Strike"],"picked":"Shrug It Off","floor":8},{"not_picked":["Heavy Blade","Wild Strike"],"picked":"Corruption","floor":11},{"not_picked":["Inflame","Combust"],"picked":"Ghostly Armor","floor":13},{"not_picked":["Shrug It Off","Rampage"],"picked":"Combust","floor":14},{"not_picked":["Exhume","Fiend Fire"],"picked":"Dark Embrace","floor":16},{"not_picked":["Twin Strike","Heavy Blade","Wild Strike"],"picked":"SKIP","floor":18},{"not_picked":["Pommel Strike","Warcry"],"picked":"Shrug It Off","floor":20},{"not_picked":["Twin Strike","Havoc","Warcry"],"picked":"SKIP","floor":21},{"not_picked":["Rampage","Inflame"],"picked":"Juggernaut","floor":23},{"not_picked":["Flex","Heavy Blade","Rampage"],"picked":"SKIP","floor":25},{"not_picked":["Inflame","Body Slam","Flex"],"picked":"SKIP","floor":28},{"not_picked":["Blood for Blood","Perfected Strike"],"picked":"Clothesline","floor":29},{"not_picked":["Clash","Combust","Body Slam"],"picked":"SKIP","floor":31},{"not_picked":["Dark Embrace","Feed"],"picked":"Demon Form","floor":33},{"not_picked":["Bloodletting+1","Inflame"],"picked":"Flame Barrier","floor":35},{"not_picked":["Sword Boomerang+1","Thunderclap","Armaments"],"picked":"SKIP","floor":38},{"not_picked":["Cleave","Rupture"],"picked":"Clothesline+1","floor":39},{"not_picked":["Sever Soul+1","Warcry"],"picked":"Feel No Pain","floor":40},{"not_picked":["Armaments","Clothesline","Havoc"],"picked":"SKIP","floor":42},{"not_picked":["Perfected Strike","Pommel Strike+1"],"picked":"True Grit","floor":45},{"not_picked":["Brutality","Pommel Strike","Dropkick"],"picked":"SKIP","floor":46},{"not_picked":["Carnage","Twin Strike+1"],"picked":"Heavy Blade","floor":47},{"not_picked":["Body Slam","Inflame+1"],"picked":"Flame Barrier+1","floor":55}],"player_experience":1089581,"relics_obtained":[{"floor":6,"key":"Oddly Smooth Stone"},{"floor":9,"key":"Tiny Chest"},{"floor":11,"key":"Kunai"},{"floor":12,"key":"Mercury Hourglass"},{"floor":14,"key":"Letter Opener"},{"floor":23,"key":"Dodecahedron"},{"floor":25,"key":"The Courier"},{"floor":26,"key":"Strawberry"},{"floor":29,"key":"Blood Vial"},{"floor":40,"key":"Regal Pillow"},{"floor":40,"key":"Lantern"},{"floor":41,"key":"Ornamental Fan"},{"floor":42,"key":"Bronze Scales"},{"floor":42,"key":"Self Forming Clay"},{"floor":43,"key":"Bird Faced Urn"},{"floor":44,"key":"Happy Flower"},{"floor":46,"key":"Vajra"},{"floor":46,"key":"Potion Belt"},{"floor":53,"key":"Sundial"},{"floor":55,"key":"Bag of Marbles"},{"floor":55,"key":"Du-Vu Doll"}],"event_choices":[{"damage_healed":0,"gold_gain":0,"player_choice":"0 cards matched","damage_taken":0,"max_hp_gain":0,"max_hp_loss":0,"event_name":"Match and Keep!","floor":3,"gold_loss":0,"cards_obtained":[]},{"damage_healed":0,"gold_gain":0,"player_choice":"Simplicity","damage_taken":0,"max_hp_gain":0,"max_hp_loss":0,"event_name":"Back to Basics","floor":22,"gold_loss":0,"cards_upgraded":["Strike_R","Strike_R","Strike_R","Strike_R","Defend_R","Defend_R","Defend_R","Defend_R"]},{"damage_healed":0,"gold_gain":0,"player_choice":"Upgraded","damage_taken":0,"max_hp_gain":0,"max_hp_loss":0,"event_name":"Upgrade Shrine","floor":30,"gold_loss":0,"cards_upgraded":["Clothesline"]},{"damage_healed":0,"gold_gain":0,"player_choice":"Gave Potion","damage_taken":0,"relics_obtained":["Shovel"],"max_hp_gain":0,"max_hp_loss":0,"event_name":"WeMeetAgain","floor":37,"gold_loss":0}],"is_beta":false,"boss_relics":[{"not_picked":["Sozu","Astrolabe"],"picked":"Snecko Eye"},{"not_picked":["Mark of Pain","Lizard Tail"],"picked":"Black Star"}],"items_purged_floors":[19,48],"is_endless":false,"potions_floor_spawned":[1,6,11,16,18,23,29,31,35,38,42,46,55],"ascension_level":20}