{"gold_per_floor":[115,135,115,131,149,149,167,167,220,240,265,265,6,25,25,103,103,113,124,124],"floor_reached":20,"playtime":940,"items_purged":[],"score":347,"play_id":"6ef32a0a-15ab-44d0-a352-a23d2297c8d8","local_time":"20190920100502","is_ascension_mode":true,"campfire_choices":[{"data":"Zap","floor":6.0,"key":"SMITH"},{"floor":8.0,"key":"REST"},{"floor":12.0,"key":"REST"},{"data":"Dualcast","floor":15.0,"key":"SMITH"}],"neow_cost":"PERCENT_DAMAGE","seed_source_timestamp":548464460023400,"circlet_count":0,"master_deck":["AscendersBane","Strike_B","Strike_B","Defend_B","Defend_B","Defend_B","Defend_B","Zap+1","Dualcast+1","Ball Lightning","Cold Snap","Chill","Glacier","Steam","Conserve Battery","Blind","Echo Form","Leap","Core Surge","Seek"],"special_seed":0,"relics":["Cracked Core","Lantern","Matryoshka","Runic Pyramid"],"potions_floor_usage":[16],"damage_taken":[{"damage":8.0,"enemies":"Cultist","floor":1.0,"turns":5.0},{"damage":9.0,"enemies":"2 Louse","floor":2.0,"turns":3.0},{"damage":2.0,"enemies":"Jaw Worm","floor":4.0,"turns":2.0},{"damage":8.0,"enemies":"Exordium Wildlife","floor":5.0,"turns":4.0},{"damage":1.0,"enemies":"2 Fungi Beasts","floor":7.0,"turns":3.0},{"damage":0.0,"enemies":"3 Louse","floor":10.0,"turns":3.0},{"damage":33.0,"enemies":"Gremlin Nob","floor":11.0,"turns":4.0},{"damage":0.0,"enemies":"Exordium Wildlife","floor":14.0,"turns":3.0},{"damage":17,"enemies":"Hexaghost","floor":16,"turns":14},{"damage":18,"enemies":"2 Thieves","floor":18,"turns":5},{"damage":12,"enemies":"Shell Parasite","floor":19,"turns":7},{"damage":32,"enemies":"3 Cultists","floor":20,"turns":5}],"seed_played":"7505126056413154032","potions_obtained":[{"floor":3.0,"key":"Fire Potion"},{"floor":4.0,"key":"SpeedPotion"},{"floor":11.0,"key":"SteroidPotion"},{"floor":16,"key":"Weak Potion"}],"is_trial":false,"path_per_floor":["M","M","?","M","M","R","M","R","T","M","E","R","$","M","R","B",null,"M","M","M"],"character_chosen":"DEFECT","items_purchased":["Blind","Echo Form"],"campfire_rested":2,"item_purchase_floors":[13,13],"current_hp_per_floor":[38,29,29,27,19,19,18,39,39,39,6,27,27,27,27,10,56,38,26,0],"gold":124,"neow_bonus":"REMOVE_TWO","is_prod":false,"is_daily":false,"chose_seed":false,"campfire_upgraded":2,"win_rate":0,"timestamp":1568941502,"path_taken":["M","M","?","M","?","R","M","R","T","M","E","R","$","M","R","BOSS","M","M","M"],"build_version":"2019-07-17","purchased_purges":0,"victory":false,"max_hp_per_floor":[71,71,71,71,71,71,71,71,71,71,71,71,71,71,71,71,71,71,71,71],"card_choices":[{"not_picked":["Compile Driver","Barrage"],"picked":"Ball Lightning","floor":1.0},{"not_picked":["Rebound","Ball Lightning"],"picked":"Cold Snap","floor":2.0},{"not_picked":["Blizzard","Compile Driver"],"picked":"Chill","floor":4.0},{"not_picked":["Ball Lightning","Hologram"],"picked":"Glacier","floor":5.0},{"not_picked":["Reprogram","Beam Cell"],"picked":"Steam","floor":7.0},{"not_picked":["Force Field","Hologram"],"picked":"Conserve Battery","floor":10.0},{"not_picked":["Hyperbeam","Fusion","Ball Lightning"],"picked":"SKIP","floor":11.0},{"not_picked":["Double Energy","Heatsinks"],"picked":"Leap","floor":14.0},{"not_picked":["Thunder Strike","Reboot"],"picked":"Core Surge","floor":16},{"not_picked":["Go for the Eyes","Streamline","Lockon"],"picked":"SKIP","floor":18},{"not_picked":["Cold Snap","Conserve Battery"],"picked":"Seek","floor":19}],"player_experience":435004,"relics_obtained":[{"floor":9.0,"key":"Lantern"},{"floor":11.0,"key":"Matryoshka"}],"event_choices":[{"damage_healed":0.0,"max_hp_gain":0.0,"max_hp_loss":0.0,"gold_gain":0.0,"event_name":"The Woman in Blue","player_choice":"Bought 1 Potion","floor":3.0,"gold_loss":0.0,"damage_taken":0.0}],"is_beta":false,"boss_relics":[{"not_picked":["Black Star","Orrery"],"picked":"Runic Pyramid"}],"items_purged_floors":[],"is_endless":false,"potions_floor_spawned":[4,5,11,16,19],"killed_by":"3 Cultists","ascension_level":19}