{"gold_per_floor":[116,134,134,134,149,149,181,191,266,296,296,16,30,43,43,145,145,164,182,193,65,84,109,109,123,176,176,276,301,301,327,327,430,430,450,501,521,537,46,46,75,75,124,124,135,135,135,168,168,168],"floor_reached":51,"playtime":4430,"items_purged":["Strike_R"],"score":1235,"play_id":"a3de7d40-dc40-42cd-90e9-18be49124ee6","local_time":"20190823153052","is_ascension_mode":true,"campfire_choices":[{"data":"Uppercut","floor":6,"key":"SMITH"},{"data":"Feed","floor":11,"key":"SMITH"},{"data":"Disarm","floor":15,"key":"SMITH"},{"floor":27,"key":"REST"},{"floor":30,"key":"REST"},{"data":"True Grit","floor":32,"key":"SMITH"},{"data":"Inflame","floor":40,"key":"SMITH"},{"data":"Battle Trance","floor":42,"key":"SMITH"},{"data":"Spot Weakness","floor":44,"key":"SMITH"},{"data":"Disarm","floor":46,"key":"SMITH"},{"floor":49,"key":"REST"}],"neow_cost":"NONE","seed_source_timestamp":19764165756554,"circlet_count":0,"master_deck":["AscendersBane","Strike_R+1","Strike_R","Strike_R","Defend_R","Defend_R","Defend_R","Defend_R","Bash+1","Clothesline","Uppercut+1","Feed+1","Feel No Pain","Anger+1","Power Through","Battle Trance+1","Inflame+1","Disarm+1","Reaper+1","Pommel Strike+1","Shrug It Off","Rampage+1","Decay","Havoc","Disarm+1","True Grit+1","Havoc+1","Offering","Carnage+1","Headbutt+1","Double Tap","Shrug It Off","Spot Weakness+1","Pain","Shockwave","Inflame+1"],"relics":["Burning Blood","Turnip","Molten Egg 2","Centennial Puzzle","Sling","Mark of Pain","Smiling Mask","Regal Pillow","Incense Burner","Bottled Lightning","Letter Opener","Dream Catcher","Cursed Key","Torii","Lee\u0027s Waffle","Ornamental Fan","Blue Candle","Whetstone","Bottled Flame"],"potions_floor_usage":[23,23,28,31,31,48,50,50],"damage_taken":[{"damage":5,"enemies":"Small Slimes","floor":1,"turns":3},{"damage":9,"enemies":"2 Louse","floor":2,"turns":4},{"damage":0,"enemies":"Cultist","floor":5,"turns":3},{"damage":35,"enemies":"Lagavulin","floor":7,"turns":8},{"damage":15,"enemies":"2 Fungi Beasts","floor":8,"turns":3},{"damage":22,"enemies":"Gremlin Nob","floor":10,"turns":4},{"damage":1,"enemies":"Blue Slaver","floor":13,"turns":4},{"damage":10,"enemies":"Large Slime","floor":14,"turns":7},{"damage":25,"enemies":"Hexaghost","floor":16,"turns":10},{"damage":12,"enemies":"Spheric Guardian","floor":18,"turns":7},{"damage":26,"enemies":"Shell Parasite","floor":19,"turns":6},{"damage":25,"enemies":"Centurion and Healer","floor":20,"turns":8},{"damage":38,"enemies":"Sentry and Sphere","floor":22,"turns":6},{"damage":30,"enemies":"Book of Stabbing","floor":23,"turns":7},{"damage":11,"enemies":"Snake Plant","floor":25,"turns":4},{"damage":16,"enemies":"Colosseum Slavers","floor":28,"turns":5},{"damage":14,"enemies":"Colosseum Nobs","floor":28,"turns":8},{"damage":87,"enemies":"Slavers","floor":29,"turns":9},{"damage":26,"enemies":"Gremlin Leader","floor":31,"turns":9},{"damage":57,"enemies":"Automaton","floor":33,"turns":14},{"damage":8,"enemies":"Orb Walker","floor":35,"turns":5},{"damage":89,"enemies":"2 Orb Walkers","floor":36,"turns":7},{"damage":10,"enemies":"3 Shapes","floor":37,"turns":4},{"damage":25,"enemies":"Sphere and 2 Shapes","floor":38,"turns":5},{"damage":35,"enemies":"Reptomancer","floor":41,"turns":7},{"damage":26,"enemies":"3 Darklings","floor":45,"turns":6},{"damage":64,"enemies":"Nemesis","floor":48,"turns":7},{"damage":121,"enemies":"Time Eater","floor":50,"turns":13}],"seed_played":"-3391122960482122845","potions_obtained":[{"floor":1,"key":"LiquidBronze"},{"floor":5,"key":"SpeedPotion"},{"floor":16,"key":"PowerPotion"},{"floor":23,"key":"PowerPotion"},{"floor":25,"key":"Swift Potion"},{"floor":29,"key":"SkillPotion"},{"floor":35,"key":"BloodPotion"},{"floor":38,"key":"Ancient Potion"},{"floor":48,"key":"FearPotion"}],"is_trial":false,"path_per_floor":["M","M","?","?","M","R","E","M","T","E","R","$","M","M","R","B",null,"M","M","M","$","M","E","?","M","T","R","?","E","R","E","R","B",null,"M","?","M","M","$","R","E","R","T","R","M","R","?","E","R","B",null],"character_chosen":"IRONCLAD","items_purchased":["Sling","Battle Trance","Shrug It Off","Shrug It Off","Lee\u0027s Waffle","Ornamental Fan"],"campfire_rested":3,"item_purchase_floors":[12,12,21,39,39,39],"current_hp_per_floor":[73,70,75,75,84,84,55,49,49,33,33,33,42,42,42,23,80,81,71,70,70,49,34,34,36,36,83,99,44,93,93,93,49,99,104,35,37,32,126,126,108,108,108,108,97,97,97,74,128,42],"gold":168,"neow_bonus":"UPGRADE_CARD","is_prod":false,"is_daily":false,"chose_seed":false,"campfire_upgraded":8,"win_rate":0,"timestamp":1566567052,"path_taken":["M","M","?","?","M","R","E","M","T","E","R","$","M","?","R","BOSS","M","M","M","$","M","E","?","M","T","R","?","E","R","E","R","BOSS","M","?","M","M","$","R","E","R","T","R","M","R","?","E","R","BOSS"],"build_version":"2019-07-17","purchased_purges":1,"victory":true,"max_hp_per_floor":[80,80,85,85,88,88,88,91,91,91,91,91,95,99,99,99,99,99,99,103,103,107,107,107,107,107,107,111,115,115,115,115,115,115,115,115,115,119,126,126,126,126,126,126,126,126,126,130,130,130],"card_choices":[{"not_picked":["Intimidate","Combust"],"picked":"Clothesline","floor":1},{"not_picked":["Thunderclap","Seeing Red"],"picked":"Uppercut","floor":2},{"not_picked":["Clothesline","Power Through"],"picked":"Anger","floor":5},{"not_picked":["Twin Strike","Wild Strike","Reckless Charge"],"picked":"SKIP","floor":7},{"not_picked":["Twin Strike","Fire Breathing","Sword Boomerang"],"picked":"SKIP","floor":8},{"not_picked":["Second Wind","Headbutt+1"],"picked":"Power Through","floor":10},{"not_picked":["Double Tap","Armaments"],"picked":"Inflame","floor":13},{"not_picked":["Sentinel","Anger+1"],"picked":"Disarm","floor":14},{"not_picked":["Offering","Dark Embrace"],"picked":"Reaper+1","floor":16},{"not_picked":["Perfected Strike+1","Sentinel","Anger+1"],"picked":"SKIP","floor":18},{"not_picked":["Cleave+1","Anger+1"],"picked":"Pommel Strike+1","floor":19},{"not_picked":["Rage","Combust","Clothesline+1"],"picked":"SKIP","floor":20},{"not_picked":["Clash+1","Body Slam+1","Anger+1"],"picked":"SKIP","floor":22},{"not_picked":["Body Slam+1","Wild Strike+1"],"picked":"Rampage+1","floor":23},{"not_picked":["Anger+1","Berserk"],"picked":"Havoc","floor":25},{"not_picked":["Heavy Blade+1","Evolve+1"],"picked":"Disarm","floor":28},{"not_picked":["Iron Wave+1","Thunderclap+1"],"picked":"True Grit","floor":29},{"not_picked":["Body Slam+1","Double Tap"],"picked":"Havoc+1","floor":31},{"not_picked":["Exhume","Juggernaut"],"picked":"Offering","floor":33},{"not_picked":["Pommel Strike+1","Body Slam+1"],"picked":"Carnage+1","floor":35},{"not_picked":["Flex+1","Clash+1"],"picked":"Headbutt+1","floor":37},{"not_picked":["Reckless Charge+1","Iron Wave+1"],"picked":"Double Tap","floor":38},{"not_picked":["Shockwave","Intimidate+1"],"picked":"Spot Weakness","floor":41},{"not_picked":["Twin Strike+1","Fire Breathing+1"],"picked":"Shockwave","floor":45},{"not_picked":["Hemokinesis+1","Anger+1"],"picked":"Inflame+1","floor":48}],"player_experience":1017211,"relics_obtained":[{"floor":7,"key":"Turnip"},{"floor":9,"key":"Molten Egg 2"},{"floor":10,"key":"Centennial Puzzle"},{"floor":23,"key":"Smiling Mask"},{"floor":26,"key":"Regal Pillow"},{"floor":28,"key":"Incense Burner"},{"floor":28,"key":"Bottled Lightning"},{"floor":29,"key":"Letter Opener"},{"floor":31,"key":"Dream Catcher"},{"floor":36,"key":"Torii"},{"floor":41,"key":"Blue Candle"},{"floor":43,"key":"Whetstone"},{"floor":48,"key":"Bottled Flame"}],"event_choices":[{"damage_healed":0,"gold_gain":0,"player_choice":"Donut","damage_taken":0,"max_hp_gain":5,"max_hp_loss":0,"event_name":"Big Fish","floor":3,"gold_loss":0},{"damage_healed":0,"gold_gain":0,"player_choice":"2 cards matched","damage_taken":0,"max_hp_gain":0,"max_hp_loss":0,"event_name":"Match and Keep!","floor":4,"gold_loss":0,"cards_obtained":["Feed","Feel No Pain"]},{"damage_healed":0,"gold_gain":0,"player_choice":"Smashed Altar","damage_taken":0,"max_hp_gain":0,"max_hp_loss":0,"event_name":"Forgotten Altar","floor":24,"gold_loss":0,"cards_obtained":["Decay"]},{"damage_healed":0,"gold_gain":0,"player_choice":"Fight","damage_taken":0,"max_hp_gain":0,"max_hp_loss":0,"event_name":"Colosseum","floor":28,"gold_loss":0},{"damage_healed":0,"gold_gain":0,"player_choice":"Fought Nobs","damage_taken":0,"max_hp_gain":0,"max_hp_loss":0,"event_name":"Colosseum","floor":28,"gold_loss":0},{"damage_healed":0,"gold_gain":0,"player_choice":"Fight","damage_taken":0,"max_hp_gain":0,"max_hp_loss":0,"event_name":"Mysterious Sphere","floor":36,"gold_loss":0},{"cards_removed":["Strike_R"],"damage_healed":0,"gold_gain":0,"player_choice":"Removed Attack","damage_taken":0,"max_hp_gain":0,"max_hp_loss":0,"event_name":"Falling","floor":47,"gold_loss":0}],"is_beta":false,"boss_relics":[{"not_picked":["Lizard Tail","Empty Cage"],"picked":"Mark of Pain"},{"not_picked":["Pandora\u0027s Box","Runic Dome"],"picked":"Cursed Key"}],"items_purged_floors":[21],"is_endless":false,"potions_floor_spawned":[1,5,10,14,16,19,23,25,29,35,38,45,48],"ascension_level":12}