{"gold_per_floor":[111,128,128,138,17,52,52,52,76,76,93,106,6,6,6,108,108,124,124,124,138,152,177,177,177,177,200,200,235,110,110,110,212,212,222,222,322,322,172,172,204,204,255,255,80,110,158,192,192,192],"floor_reached":51,"playtime":1700,"items_purged":["Injury","Strike_R","Exhume","Flame Barrier","Strike_R"],"score":838,"play_id":"6cf280be-d8a3-4d19-a6e5-ac2eea76ef33","local_time":"20190419112339","is_ascension_mode":false,"campfire_choices":[{"data":"Bash","floor":7,"key":"SMITH"},{"data":"Clothesline","floor":10,"key":"SMITH"},{"data":"Body Slam","floor":15,"key":"SMITH"},{"data":"Iron Wave","floor":24,"key":"SMITH"},{"data":"Defend_R","floor":28,"key":"SMITH"},{"data":"Defend_R","floor":32,"key":"SMITH"},{"data":"Defend_R","floor":40,"key":"SMITH"},{"data":"Defend_R","floor":42,"key":"SMITH"},{"floor":44,"key":"REST"},{"floor":49,"key":"REST"}],"neow_cost":"CURSE","seed_source_timestamp":965590238591900,"circlet_count":0,"master_deck":["Strike_R","Defend_R+1","Defend_R+1","Defend_R+1","Defend_R+1","Bash+1","Clothesline+1","Iron Wave+1","Body Slam+1","Armaments+1","Necronomicurse","Clothesline+1"],"relics":["Burning Blood","Torii","Boot","Ornamental Fan","Anchor","Busted Crown","Necronomicon","WingedGreaves","Toxic Egg 2","Juzu Bracelet","Pen Nib","Sozu","Bird Faced Urn","Lantern","Omamori","Ginger","Dead Branch","War Paint"],"potions_floor_usage":[16,23,41],"damage_taken":[{"damage":0,"enemies":"2 Louse","floor":1,"turns":4},{"damage":1,"enemies":"Cultist","floor":2,"turns":4},{"damage":0,"enemies":"Small Slimes","floor":4,"turns":3},{"damage":44,"enemies":"Lagavulin","floor":6,"turns":7},{"damage":1,"enemies":"Exordium Wildlife","floor":11,"turns":3},{"damage":1,"enemies":"Blue Slaver","floor":12,"turns":4},{"damage":52,"enemies":"The Guardian","floor":16,"turns":16},{"damage":7,"enemies":"3 Byrds","floor":18,"turns":7},{"damage":1,"enemies":"2 Thieves","floor":21,"turns":4},{"damage":6,"enemies":"Snecko","floor":22,"turns":4},{"damage":8,"enemies":"Slavers","floor":23,"turns":6},{"damage":1,"enemies":"Gremlin Leader","floor":29,"turns":5},{"damage":33,"enemies":"Automaton","floor":33,"turns":9},{"damage":0,"enemies":"3 Darklings","floor":35,"turns":5},{"damage":1,"enemies":"Mind Bloom Boss Battle","floor":37,"turns":5},{"damage":21,"enemies":"Reptomancer","floor":41,"turns":7},{"damage":0,"enemies":"Nemesis","floor":46,"turns":5},{"damage":0,"enemies":"2 Orb Walkers","floor":47,"turns":3},{"damage":11,"enemies":"Giant Head","floor":48,"turns":7},{"damage":36,"enemies":"Awakened One","floor":50,"turns":16}],"seed_played":"4056742681491422734","potions_obtained":[{"floor":4,"key":"Block Potion"},{"floor":6,"key":"Energy Potion"},{"floor":8,"key":"BloodPotion"},{"floor":18,"key":"Swift Potion"},{"floor":23,"key":"SteroidPotion"}],"is_trial":false,"path_per_floor":["M","M","?","M","$","E","R","?","T","R","M","M","$","?","R","B",null,"M","?","$","M","M","E","R","?","T","T","R","E","$","?","R","B",null,"M","?","?","?","$","R","E","R","T","R","$","E","?","E","R","B",null],"character_chosen":"IRONCLAD","items_purchased":["Iron Wave"],"campfire_rested":2,"item_purchase_floors":[5],"current_hp_per_floor":[80,80,80,80,80,42,42,42,42,42,47,52,52,52,52,14,80,79,63,63,68,68,66,66,66,66,66,66,71,71,56,56,29,85,85,85,85,85,85,85,70,70,70,85,85,85,85,80,85,59],"gold":192,"neow_bonus":"ONE_RARE_RELIC","is_prod":false,"is_daily":false,"chose_seed":false,"campfire_upgraded":8,"win_rate":0,"timestamp":1555662219,"path_taken":["M","M","?","?","$","E","R","?","T","R","?","M","$","?","R","BOSS","M","?","$","M","M","E","R","?","T","?","R","E","$","?","R","BOSS","M","?","?","?","?","R","E","R","T","R","$","E","?","E","R","BOSS"],"build_version":"2019-01-23","purchased_purges":5,"victory":true,"max_hp_per_floor":[80,80,80,80,80,80,80,80,80,80,80,80,80,80,80,80,80,80,80,80,80,80,80,80,80,80,80,80,80,80,85,85,85,85,85,85,85,85,85,85,85,85,85,85,85,85,85,85,85,85],"card_choices":[{"not_picked":["Havoc","Ghostly Armor","Disarm"],"picked":"SKIP","floor":1},{"not_picked":["Pommel Strike","Armaments"],"picked":"Cleave","floor":2},{"not_picked":["Anger","Combust"],"picked":"Clothesline","floor":4},{"not_picked":["Wild Strike","Seeing Red","Double Tap"],"picked":"SKIP","floor":6},{"not_picked":["Armaments","Rage"],"picked":"Body Slam","floor":11},{"not_picked":["Whirlwind","Wild Strike","Heavy Blade"],"picked":"SKIP","floor":12},{"not_picked":[],"picked":"Armaments+1","floor":18},{"not_picked":["Corruption"],"picked":"SKIP","floor":21},{"not_picked":[],"picked":"Anger+1","floor":22},{"not_picked":["Clash"],"picked":"SKIP","floor":23},{"not_picked":[],"picked":"Clothesline+1","floor":29},{"not_picked":["Havoc+1"],"picked":"SKIP","floor":35},{"not_picked":["Power Through+1"],"picked":"SKIP","floor":41},{"not_picked":["Exhume+1"],"picked":"SKIP","floor":46},{"not_picked":["Fire Breathing+1"],"picked":"SKIP","floor":48}],"player_experience":1197027,"relics_obtained":[{"floor":6,"key":"Ornamental Fan"},{"floor":9,"key":"Anchor"},{"floor":19,"key":"Necronomicon"},{"floor":23,"key":"WingedGreaves"},{"floor":26,"key":"Toxic Egg 2"},{"floor":27,"key":"Juzu Bracelet"},{"floor":29,"key":"Pen Nib"},{"floor":37,"key":"Bird Faced Urn"},{"floor":41,"key":"Lantern"},{"floor":43,"key":"Omamori"},{"floor":46,"key":"Ginger"},{"floor":47,"key":"Dead Branch"},{"floor":48,"key":"War Paint"}],"event_choices":[{"cards_removed":["Cleave"],"damage_healed":0,"gold_gain":0,"player_choice":"Gave Card","damage_taken":0,"relics_obtained":["Boot"],"max_hp_gain":0,"max_hp_loss":0,"event_name":"WeMeetAgain","floor":3,"gold_loss":0},{"damage_healed":0,"gold_gain":0,"player_choice":"Got Potions","damage_taken":0,"max_hp_gain":0,"max_hp_loss":0,"event_name":"Lab","floor":8,"gold_loss":0},{"damage_healed":0,"gold_gain":0,"player_choice":"Leave","damage_taken":0,"max_hp_gain":0,"max_hp_loss":0,"event_name":"The Cleric","floor":14,"gold_loss":0},{"damage_healed":0,"gold_gain":0,"player_choice":"Obtained Book","damage_taken":16,"max_hp_gain":0,"max_hp_loss":0,"event_name":"Cursed Tome","floor":19,"gold_loss":0},{"damage_healed":0,"gold_gain":0,"cards_transformed":["Strike_R","Strike_R"],"player_choice":"Became Test Subject","damage_taken":0,"max_hp_gain":0,"max_hp_loss":0,"event_name":"Drug Dealer","floor":25,"gold_loss":0,"cards_obtained":["Exhume","Flame Barrier"]},{"damage_healed":0,"gold_gain":0,"player_choice":"Shed Blood","damage_taken":20,"max_hp_gain":5,"max_hp_loss":0,"event_name":"Forgotten Altar","floor":31,"gold_loss":0},{"cards_removed":["Anger"],"damage_healed":0,"gold_gain":0,"player_choice":"Removed Attack","damage_taken":0,"max_hp_gain":0,"max_hp_loss":0,"event_name":"Falling","floor":36,"gold_loss":0},{"damage_healed":0,"gold_gain":0,"player_choice":"Fight","damage_taken":0,"max_hp_gain":0,"max_hp_loss":0,"event_name":"MindBloom","floor":37,"gold_loss":0},{"damage_healed":0,"gold_gain":0,"player_choice":"Memory 1","damage_taken":0,"max_hp_gain":0,"max_hp_loss":0,"event_name":"SensoryStone","floor":38,"gold_loss":0},{"damage_healed":0,"gold_gain":0,"player_choice":"Fight","damage_taken":0,"max_hp_gain":0,"max_hp_loss":0,"event_name":"Mysterious Sphere","floor":47,"gold_loss":0}],"is_beta":false,"boss_relics":[{"not_picked":["Astrolabe","Tiny House"],"picked":"Busted Crown"},{"not_picked":["Lizard Tail","Pandora\u0027s Box"],"picked":"Sozu"}],"items_purged_floors":[5,13,30,39,45],"is_endless":false,"potions_floor_spawned":[4,6,18,23,37,48],"ascension_level":0}