{"gold_per_floor":[115,135,150,160,173,203,177,195,220,234,234,234,290,304,304,406,406,419,62,74,74],"floor_reached":21,"playtime":967,"items_purged":["Regret"],"score":312,"play_id":"306871d2-c7b6-4108-a1b7-4a80c14440a4","local_time":"20190205224529","is_ascension_mode":true,"campfire_choices":[{"floor":11,"key":"REST"},{"floor":15,"key":"REST"}],"neow_cost":"NONE","seed_source_timestamp":53832351908403,"circlet_count":0,"master_deck":["AscendersBane","Strike_B","Strike_B","Strike_B","Strike_B","Defend_B","Defend_B","Defend_B","Defend_B","Zap","Dualcast+1","Sweeping Beam","Fusion","Conserve Battery+1","Doom and Gloom","Leap","Leap","Chill","Ball Lightning","Multi-Cast","Leap","Buffer","Decay","Clumsy","Conserve Battery","Glacier","Conserve Battery+1","Go for the Eyes+1"],"special_seed":0,"relics":["Cracked Core","NeowsBlessing","Mummified Hand","Vajra","Sundial","Tiny Chest","Calling Bell","War Paint","Molten Egg 2","Mango","DollysMirror"],"potions_floor_usage":[16],"damage_taken":[{"damage":0.0,"enemies":"Small Slimes","floor":1.0,"turns":1.0},{"damage":0.0,"enemies":"Jaw Worm","floor":2.0,"turns":1.0},{"damage":0.0,"enemies":"Cultist","floor":3.0,"turns":1.0},{"damage":10,"enemies":"Lots of Slimes","floor":4,"turns":3},{"damage":10,"enemies":"Exordium Wildlife","floor":5,"turns":4},{"damage":5,"enemies":"Lagavulin","floor":6,"turns":5},{"damage":10,"enemies":"Red Slaver","floor":8,"turns":4},{"damage":16,"enemies":"Large Slime","floor":10,"turns":6},{"damage":9,"enemies":"3 Sentries","floor":13,"turns":5},{"damage":4,"enemies":"Looter","floor":14,"turns":3},{"damage":28,"enemies":"Hexaghost","floor":16,"turns":8},{"damage":42,"enemies":"Chosen","floor":18,"turns":8},{"damage":10,"enemies":"3 Byrds","floor":20,"turns":8},{"damage":26,"enemies":"Cultist and Chosen","floor":21,"turns":4}],"seed_played":"601956100233419661","potions_obtained":[{"floor":3.0,"key":"PowerPotion"},{"floor":5,"key":"SteroidPotion"},{"floor":18,"key":"GamblersBrew"},{"floor":20,"key":"LiquidBronze"}],"is_trial":false,"path_per_floor":["M","M","M","M","M","E","?","M","T","M","R","T","E","M","R","B",null,"M","$","M","M"],"character_chosen":"DEFECT","items_purchased":["Glacier","DollysMirror"],"campfire_rested":2,"item_purchase_floors":[19,19],"current_hp_per_floor":[68,68,68,58,48,43,43,33,33,17,39,39,30,26,48,20,75,33,33,23,0],"gold":74,"neow_bonus":"THREE_ENEMY_KILL","is_prod":false,"is_daily":false,"chose_seed":false,"campfire_upgraded":0,"win_rate":0,"timestamp":1549374329,"path_taken":["M","M","M","M","M","E","?","M","T","M","R","?","E","M","R","BOSS","M","$","M","M"],"build_version":"2019-01-23","purchased_purges":1,"victory":false,"max_hp_per_floor":[75,75,75,75,75,75,75,75,75,75,75,75,75,75,75,75,89,89,89,89,89],"card_choices":[{"not_picked":["Undo","Hologram"],"picked":"Sweeping Beam","floor":1.0},{"not_picked":["Gash","Beam Cell"],"picked":"Fusion","floor":2.0},{"not_picked":["Rebound","Beam Cell"],"picked":"Conserve Battery","floor":3.0},{"not_picked":["Storm","Compile Driver"],"picked":"Doom and Gloom","floor":4},{"not_picked":["Streamline","Stack"],"picked":"Leap","floor":5},{"not_picked":["Go for the Eyes","Turbo"],"picked":"Leap","floor":6},{"not_picked":["Blizzard","Cold Snap"],"picked":"Chill","floor":8},{"not_picked":["Hologram","Consume"],"picked":"Ball Lightning","floor":10},{"not_picked":["Reprogram","Barrage"],"picked":"Multi-Cast","floor":13},{"not_picked":["White Noise","Redo"],"picked":"Leap","floor":14},{"not_picked":["Creative AI","Thunder Strike"],"picked":"Buffer","floor":16},{"not_picked":["Undo","Hologram"],"picked":"Conserve Battery","floor":18},{"not_picked":["Undo+1","Ball Lightning+1"],"picked":"Go for the Eyes+1","floor":20}],"player_experience":309052,"relics_obtained":[{"floor":6,"key":"Mummified Hand"},{"floor":9,"key":"Vajra"},{"floor":12,"key":"Sundial"},{"floor":13,"key":"Tiny Chest"},{"floor":17,"key":"War Paint"},{"floor":17,"key":"Molten Egg 2"},{"floor":17,"key":"Mango"}],"event_choices":[{"damage_healed":0,"gold_gain":0,"player_choice":"Left Gold","damage_taken":0,"max_hp_gain":0,"max_hp_loss":0,"event_name":"World of Goop","floor":7,"gold_loss":26}],"is_beta":false,"boss_relics":[{"not_picked":["Eternal Feather","Velvet Choker"],"picked":"Calling Bell"}],"items_purged_floors":[19],"is_endless":false,"potions_floor_spawned":[3,5,10,18,20],"killed_by":"Cultist and Chosen","ascension_level":12}