{"gold_per_floor":[118,118,88,108,120,145,157,157,157,21,46,46,46,73,73,147,147,87,87,87,87,87,87,87,87,87,87,87,87,87,87,87,87,87,87,87,87,87,87,87,87,87,87,87,87,87,87,87,87,87,87,87,13,13,13],"floor_reached":55,"playtime":4585,"items_purged":[],"score":1410,"play_id":"ced827f9-3c0c-4d75-885a-75e1f091c53a","local_time":"20191007125240","is_ascension_mode":true,"campfire_choices":[{"data":"Inflame","floor":8,"key":"SMITH"},{"data":"Demon Form","floor":13,"key":"SMITH"},{"data":"Inflame","floor":15,"key":"SMITH"},{"data":"Sword Boomerang","floor":28,"key":"SMITH"},{"data":"1","floor":32,"key":"LIFT"},{"data":"2","floor":41,"key":"LIFT"},{"data":"3","floor":46,"key":"LIFT"},{"floor":49,"key":"RECALL"},{"data":"Whirlwind","floor":52,"key":"SMITH"}],"neow_cost":"NONE","seed_source_timestamp":312385525737700,"circlet_count":0,"master_deck":["AscendersBane","Strike_R","Strike_R","Strike_R","Strike_R","Defend_R+1","Defend_R+1","Defend_R+1","Bash+1","Sword Boomerang+1","Carnage","Inflame+1","Pummel","Inflame+1","Demon Form+1","Dual Wield+1","Shrug It Off+1","Reaper","Sword Boomerang","Flame Barrier+1","Shockwave+1","Exhume+1","Shrug It Off+1","Anger","Shrug It Off+1","Headbutt","Impervious+1","Juggernaut+1","Entrench+1","Pommel Strike+1","Seeing Red+1","Reaper","Rage+1","Clothesline","Whirlwind+1","Metallicize+1","Corruption+1"],"relics":["Burning Blood","NeowsBlessing","Anchor","Orichalcum","Toxic Egg 2","Regal Pillow","Ectoplasm","Mummified Hand","Dream Catcher","Gremlin Horn","Girya","Frozen Egg 2","Eternal Feather","Unceasing Top","Gambling Chip","Art of War","Pear","War Paint","Omamori","Strawberry"],"potions_floor_usage":[3,7,18,23,25,31,50,54,55],"damage_taken":[{"damage":0,"enemies":"Small Slimes","floor":1,"turns":1},{"damage":0,"enemies":"2 Louse","floor":4,"turns":1},{"damage":0,"enemies":"Cultist","floor":5,"turns":1},{"damage":8,"enemies":"Gremlin Nob","floor":6,"turns":3},{"damage":12,"enemies":"Exordium Thugs","floor":7,"turns":3},{"damage":12,"enemies":"Lagavulin","floor":11,"turns":5},{"damage":20,"enemies":"Gremlin Nob","floor":14,"turns":4},{"damage":30,"enemies":"Hexaghost","floor":16,"turns":8},{"damage":15,"enemies":"2 Thieves","floor":18,"turns":3},{"damage":2,"enemies":"3 Byrds","floor":19,"turns":3},{"damage":12,"enemies":"Snecko","floor":20,"turns":4},{"damage":19,"enemies":"Slavers","floor":23,"turns":9},{"damage":60,"enemies":"Snake Plant","floor":24,"turns":6},{"damage":29,"enemies":"Book of Stabbing","floor":25,"turns":5},{"damage":1,"enemies":"Centurion and Healer","floor":27,"turns":5},{"damage":0,"enemies":"Chosen and Byrds","floor":30,"turns":4},{"damage":18,"enemies":"Colosseum Slavers","floor":31,"turns":4},{"damage":9,"enemies":"Colosseum Nobs","floor":31,"turns":9},{"damage":27,"enemies":"Champ","floor":33,"turns":7},{"damage":29,"enemies":"3 Darklings","floor":35,"turns":5},{"damage":19,"enemies":"Mind Bloom Boss Battle","floor":37,"turns":4},{"damage":24,"enemies":"2 Orb Walkers","floor":38,"turns":4},{"damage":24,"enemies":"Giant Head","floor":40,"turns":6},{"damage":18,"enemies":"Reptomancer","floor":42,"turns":4},{"damage":18,"enemies":"3 Shapes","floor":44,"turns":4},{"damage":0,"enemies":"3 Darklings","floor":45,"turns":3},{"damage":25,"enemies":"Giant Head","floor":47,"turns":6},{"damage":5,"enemies":"Transient","floor":48,"turns":5},{"damage":38,"enemies":"Donu and Deca","floor":50,"turns":7},{"damage":115,"enemies":"Shield and Spear","floor":54,"turns":9},{"damage":49,"enemies":"The Heart","floor":55,"turns":2}],"seed_played":"-3922638942284135986","potions_obtained":[{"floor":3,"key":"AttackPotion"},{"floor":3,"key":"Fruit Juice"},{"floor":5,"key":"Explosive Potion"},{"floor":7,"key":"SteroidPotion"},{"floor":14,"key":"BloodPotion"},{"floor":19,"key":"Fire Potion"},{"floor":23,"key":"SkillPotion"},{"floor":30,"key":"Fire Potion"},{"floor":37,"key":"Poison Potion"},{"floor":40,"key":"FearPotion"},{"floor":54,"key":"Swift Potion"}],"is_trial":false,"path_per_floor":["M","?","?","M","M","E","M","R","T","$","E","$","R","E","R","B",null,"M","M","M","?","?","E","M","E","T","M","R","?","M","?","R","B",null,"M","?","?","?","T","E","R","E","T","M","M","R","E","M","R","B",null,"R","$","E","B"],"character_chosen":"IRONCLAD","items_purchased":["Demon Form","Corruption+1"],"campfire_rested":0,"item_purchase_floors":[10,53],"current_hp_per_floor":[74,51,56,62,68,66,60,60,60,60,54,54,54,40,40,16,64,69,80,74,51,51,80,57,34,34,85,85,85,85,85,85,64,80,57,57,60,42,42,76,94,82,82,95,95,95,76,95,95,63,87,95,95,23,0],"gold":13,"neow_bonus":"THREE_ENEMY_KILL","is_prod":false,"is_daily":false,"chose_seed":false,"campfire_upgraded":5,"win_rate":0,"timestamp":1570467160,"path_taken":["M","?","?","?","M","E","M","R","T","?","E","$","R","E","R","BOSS","M","M","?","?","?","E","?","E","T","M","R","?","M","?","R","BOSS","M","?","?","?","?","E","R","E","T","M","?","R","E","M","R","BOSS","R","$","E","BOSS"],"build_version":"2019-07-17","purchased_purges":0,"victory":false,"max_hp_per_floor":[75,75,80,80,80,80,80,80,80,80,80,80,80,80,80,80,80,80,80,80,85,85,85,85,85,85,85,85,85,85,85,85,85,85,85,85,85,85,85,95,95,95,95,95,95,95,95,95,95,95,95,95,95,102,102],"card_choices":[{"not_picked":["Warcry","Twin Strike"],"picked":"Sword Boomerang","floor":1},{"not_picked":["Metallicize","Feel No Pain"],"picked":"Carnage","floor":4},{"not_picked":["Infernal Blade","Heavy Blade"],"picked":"Inflame","floor":5},{"not_picked":["Second Wind","Flex"],"picked":"Pummel","floor":6},{"not_picked":["Anger","Warcry"],"picked":"Inflame","floor":7},{"not_picked":["Fire Breathing","Seeing Red"],"picked":"Dual Wield","floor":11},{"not_picked":["Exhume+1","Clothesline"],"picked":"Shrug It Off+1","floor":14},{"not_picked":["Brutality","Immolate"],"picked":"Reaper","floor":16},{"not_picked":["Clash","Inflame"],"picked":"Sword Boomerang","floor":18},{"not_picked":["Ghostly Armor+1","Heavy Blade"],"picked":"Flame Barrier+1","floor":19},{"not_picked":["Reckless Charge","Perfected Strike"],"picked":"Shockwave+1","floor":20},{"not_picked":["Anger","Flex+1"],"picked":"Exhume+1","floor":23},{"not_picked":["Headbutt","Heavy Blade"],"picked":"Shrug It Off+1","floor":24},{"not_picked":["Exhume+1","Clothesline"],"picked":"Anger","floor":25},{"not_picked":["Clothesline","Thunderclap"],"picked":"Shrug It Off+1","floor":27},{"not_picked":["Power Through+1","Reckless Charge"],"picked":"Headbutt","floor":30},{"not_picked":["Intimidate+1","Heavy Blade"],"picked":"Impervious+1","floor":31},{"not_picked":["Immolate","Double Tap+1"],"picked":"Juggernaut+1","floor":33},{"not_picked":["Havoc+1","Shrug It Off+1"],"picked":"Entrench+1","floor":35},{"not_picked":["Anger","Uppercut"],"picked":"Pommel Strike+1","floor":37},{"not_picked":["Reckless Charge","Fire Breathing+1"],"picked":"Seeing Red+1","floor":38},{"not_picked":["Hemokinesis","Searing Blow"],"picked":"Reaper","floor":40},{"not_picked":["Pommel Strike","Flex+1"],"picked":"Rage+1","floor":42},{"not_picked":["Thunderclap","Spot Weakness+1"],"picked":"Clothesline","floor":44},{"not_picked":["Anger+1","Rage+1"],"picked":"Whirlwind","floor":45},{"not_picked":["Sword Boomerang","Barricade+1"],"picked":"Metallicize+1","floor":47},{"not_picked":["Clash","Reckless Charge","Iron Wave"],"picked":"SKIP","floor":48},{"not_picked":["Spot Weakness+1","Clash","Thunderclap"],"picked":"SKIP","floor":54}],"player_experience":492163,"relics_obtained":[{"floor":6,"key":"Anchor"},{"floor":9,"key":"Orichalcum"},{"floor":11,"key":"Toxic Egg 2"},{"floor":14,"key":"Regal Pillow"},{"floor":23,"key":"Mummified Hand"},{"floor":25,"key":"Dream Catcher"},{"floor":26,"key":"Gremlin Horn"},{"floor":31,"key":"Girya"},{"floor":31,"key":"Frozen Egg 2"},{"floor":37,"key":"Unceasing Top"},{"floor":38,"key":"Gambling Chip"},{"floor":39,"key":"Art of War"},{"floor":40,"key":"Pear"},{"floor":42,"key":"War Paint"},{"floor":47,"key":"Omamori"},{"floor":54,"key":"Strawberry"}],"event_choices":[{"damage_healed":0,"gold_gain":0,"player_choice":"Entered Light","damage_taken":23,"max_hp_gain":0,"max_hp_loss":0,"event_name":"Shining Light","floor":2,"gold_loss":0,"cards_upgraded":["Defend_R","Bash"]},{"damage_healed":0,"gold_gain":0,"player_choice":"Bought 2 Potions","damage_taken":0,"max_hp_gain":0,"max_hp_loss":0,"event_name":"The Woman in Blue","floor":3,"gold_loss":0},{"damage_healed":0,"gold_gain":0,"player_choice":"Shed Blood","damage_taken":28,"max_hp_gain":5,"max_hp_loss":0,"event_name":"Forgotten Altar","floor":21,"gold_loss":0},{"cards_removed":["Strike_R"],"damage_healed":0,"gold_gain":0,"player_choice":"Purged","damage_taken":0,"max_hp_gain":0,"max_hp_loss":0,"event_name":"Purifier","floor":22,"gold_loss":0},{"damage_healed":0,"gold_gain":0,"player_choice":"Ignored","damage_taken":0,"max_hp_gain":0,"max_hp_loss":0,"event_name":"Ghosts","floor":29,"gold_loss":0},{"damage_healed":0,"gold_gain":0,"player_choice":"Fight","damage_taken":0,"max_hp_gain":0,"max_hp_loss":0,"event_name":"Colosseum","floor":31,"gold_loss":0},{"damage_healed":0,"gold_gain":0,"player_choice":"Fought Nobs","damage_taken":0,"max_hp_gain":0,"max_hp_loss":0,"event_name":"Colosseum","floor":31,"gold_loss":0},{"cards_removed":["Defend_R"],"damage_healed":0,"gold_gain":0,"player_choice":"Removed Skill","damage_taken":0,"max_hp_gain":0,"max_hp_loss":0,"event_name":"Falling","floor":36,"gold_loss":0},{"damage_healed":0,"gold_gain":0,"player_choice":"Fight","damage_taken":0,"max_hp_gain":0,"max_hp_loss":0,"event_name":"MindBloom","floor":37,"gold_loss":0},{"damage_healed":0,"gold_gain":0,"player_choice":"Fight","damage_taken":0,"max_hp_gain":0,"max_hp_loss":0,"event_name":"Mysterious Sphere","floor":38,"gold_loss":0}],"is_beta":false,"boss_relics":[{"not_picked":["Runic Cube","Pandora\u0027s Box"],"picked":"Ectoplasm"},{"not_picked":["Calling Bell","Coffee Dripper"],"picked":"Eternal Feather"}],"items_purged_floors":[],"is_endless":false,"potions_floor_spawned":[5,6,7,14,19,20,23,24,30,31,37,40,45,48,54],"killed_by":"The Heart","ascension_level":15}