{"gold_per_floor":[117,133,54,54,74,74,74,87,87,12,46,63,63,77,77,172,172,186,200,200,7,24,24,39,39,63,89,89,109,109,119,119,119],"floor_reached":33,"playtime":1680,"items_purged":[],"score":430,"play_id":"8623ecb9-2416-4968-a535-c0eeda892b7f","local_time":"20180816163742","is_ascension_mode":true,"campfire_choices":[{"data":"Go for the Eyes","floor":6,"key":"SMITH"},{"data":"Ball Lightning","floor":13,"key":"SMITH"},{"floor":15,"key":"REST"},{"floor":23,"key":"REST"},{"floor":25,"key":"REST"},{"floor":30,"key":"REST"},{"floor":32,"key":"REST"}],"neow_cost":"","seed_source_timestamp":0,"circlet_count":0,"master_deck":["Strike_B","Strike_B","Defend_B","Defend_B","Defend_B","Defend_B","Zap","Dualcast","AscendersBane","Loop","BootSequence","Self Repair","Go for the Eyes+1","Conserve Battery","Genetic Algorithm","Rip and Tear","Sunder","Thunder Strike","Ball Lightning+1","Glacier","Melter+1","Static Discharge","Steam","Leap"],"special_seed":0,"relics":["Cracked Core","Blood Vial","Bottled Lightning","Inserter","Ornamental Fan","Bronze Scales","Happy Flower","Bird Faced Urn"],"potions_floor_usage":[16,16,22,27,29,33,33],"damage_taken":[{"damage":1.0,"enemies":"Cultist","floor":1.0,"turns":3.0},{"damage":5,"enemies":"Small Slimes","floor":2,"turns":3},{"damage":2,"enemies":"2 Louse","floor":5,"turns":3},{"damage":5,"enemies":"Looter","floor":8,"turns":4},{"damage":36,"enemies":"Gremlin Nob","floor":11,"turns":5},{"damage":12,"enemies":"Blue Slaver","floor":12,"turns":4},{"damage":1,"enemies":"Red Slaver","floor":14,"turns":3},{"damage":37,"enemies":"Hexaghost","floor":16,"turns":9},{"damage":35,"enemies":"3 Byrds","floor":18,"turns":6},{"damage":23,"enemies":"Spheric Guardian","floor":19,"turns":4},{"damage":17,"enemies":"Centurion and Healer","floor":22,"turns":13},{"damage":28,"enemies":"Chosen and Byrds","floor":24,"turns":6},{"damage":26,"enemies":"Gremlin Leader","floor":27,"turns":9},{"damage":17,"enemies":"Cultist and Chosen","floor":29,"turns":7},{"damage":25,"enemies":"Sentry and Sphere","floor":31,"turns":4},{"damage":61,"enemies":"Automaton","floor":33,"turns":6}],"seed_played":"-2017355283077070293","potions_obtained":[{"floor":1,"key":"FocusPotion"},{"floor":2,"key":"FocusPotion"},{"floor":12,"key":"Regen Potion"},{"floor":18,"key":"SpeedPotion"},{"floor":27,"key":"SkillPotion"},{"floor":29,"key":"LiquidBronze"},{"floor":31,"key":"Block Potion"}],"is_trial":false,"path_per_floor":["M","M","$","?","M","R","?","M","T","$","E","M","R","M","R","B",null,"M","M","T","$","M","R","M","R","T","E","?","M","R","M","R"],"character_chosen":"DEFECT","items_purchased":["Self Repair","Go for the Eyes","Sunder","Bronze Scales","Block Potion"],"campfire_rested":5,"item_purchase_floors":[3,3,10,21,21],"current_hp_per_floor":[67,62,62,62,67,67,67,69,69,69,42,32,32,40,62,49,69,43,22,22,22,14,36,17,39,39,22,22,20,42,21,43,0],"gold":119,"neow_bonus":"","is_prod":false,"is_daily":false,"chose_seed":false,"campfire_upgraded":2,"win_rate":0,"timestamp":1534405062,"path_taken":["M","?","$","?","?","R","?","M","T","$","E","M","R","M","R","BOSS","M","M","?","$","M","R","M","R","T","E","?","M","R","M","R","BOSS"],"build_version":"2018-08-09","purchased_purges":0,"victory":false,"max_hp_per_floor":[75,75,75,75,75,75,75,75,75,75,75,75,75,75,75,75,75,75,75,75,75,75,75,75,75,75,75,75,75,75,75,75,75],"card_choices":[{"not_picked":["Fusion","Consume"],"picked":"Loop","floor":1},{"not_picked":["Double Energy","Go for the Eyes"],"picked":"BootSequence","floor":2},{"not_picked":["Leap","Coolheaded"],"picked":"Conserve Battery","floor":5},{"not_picked":["Turbo","Beam Cell"],"picked":"Rip and Tear","floor":8},{"not_picked":["White Noise","Sweeping Beam"],"picked":"Thunder Strike","floor":11},{"not_picked":["Chaos","Steam"],"picked":"Ball Lightning","floor":12},{"not_picked":["Storm","Go for the Eyes","Heatsinks"],"picked":"SKIP","floor":14},{"not_picked":["Leap","Turbo"],"picked":"Glacier","floor":18},{"not_picked":["Streamline","Cold Snap+1"],"picked":"Melter+1","floor":19},{"not_picked":["Capacitor","Turbo","Scrape+1"],"picked":"SKIP","floor":22},{"not_picked":["Skim","Cold Snap"],"picked":"Static Discharge","floor":24},{"not_picked":["Reprogram","Stack"],"picked":"Steam","floor":27},{"not_picked":["Steam","Streamline"],"picked":"Leap","floor":29},{"not_picked":["Fusion","FTL","Storm"],"picked":"SKIP","floor":31}],"player_experience":229443,"relics_obtained":[{"floor":9,"key":"Blood Vial"},{"floor":11,"key":"Bottled Lightning"},{"floor":20,"key":"Ornamental Fan"},{"floor":26,"key":"Happy Flower"},{"floor":27,"key":"Bird Faced Urn"}],"event_choices":[{"event_name":"Bonfire Elementals","player_choice":"BASIC","floor":4,"damage_taken":0},{"event_name":"Living Wall","player_choice":"Change","floor":7,"damage_taken":0},{"event_name":"Drug Dealer","player_choice":"Ignored","floor":28,"damage_taken":0}],"is_beta":false,"boss_relics":[{"not_picked":["Velvet Choker","Philosopher\u0027s Stone"],"picked":"Inserter"}],"items_purged_floors":[],"is_endless":false,"potions_floor_spawned":[1,2,12,14,18,27,29,31],"killed_by":"Automaton","ascension_level":12}