{"gold_per_floor":[111,121,121,138,138,138,173,173,173,191,209,229,9,9,9,100,100,119,143,167,187,211,211,211,211,211,211,230,230,230,245,245,340,340,363,383,220,220],"floor_reached":38,"playtime":2086,"items_purged":["Strike_B"],"score":741,"play_id":"8b240ecb-fd32-448b-a989-5c599a7fe038","local_time":"20190924204957","is_ascension_mode":true,"campfire_choices":[{"data":"Sunder","floor":6.0,"key":"SMITH"},{"data":"Zap","floor":8.0,"key":"SMITH"},{"floor":15.0,"key":"REST"},{"floor":23.0,"key":"REST"},{"floor":25.0,"key":"REST"},{"data":"Coolheaded","floor":27.0,"key":"SMITH"},{"data":"Seek","floor":32.0,"key":"SMITH"}],"neow_cost":"NONE","seed_source_timestamp":183144646537200,"circlet_count":0,"master_deck":["AscendersBane","Zap+1","Dualcast+1","Glacier","Ball Lightning","Sunder+1","Conserve Battery","Compile Driver","Echo Form+1","Defragment+1","Capacitor+1","Coolheaded+1","Thunder Strike","Scrape","Doom and Gloom","Amplify","Glacier","Seek+1","Leap+1","Self Repair+1","Undo","Capacitor+1","Turbo+1"],"special_seed":0,"relics":["Cracked Core","Centennial Puzzle","Frozen Egg 2","Golden Idol","Peace Pipe","Ancient Tea Set","Pandora\u0027s Box","Ice Cream","Runic Pyramid","War Paint"],"potions_floor_usage":[],"damage_taken":[{"damage":4.0,"enemies":"2 Louse","floor":1.0,"turns":2.0},{"damage":1.0,"enemies":"Jaw Worm","floor":2.0,"turns":4.0},{"damage":0.0,"enemies":"Small Slimes","floor":4.0,"turns":2.0},{"damage":7.0,"enemies":"3 Sentries","floor":7.0,"turns":6.0},{"damage":3.0,"enemies":"3 Louse","floor":10.0,"turns":3.0},{"damage":6.0,"enemies":"Exordium Thugs","floor":11.0,"turns":3.0},{"damage":0.0,"enemies":"Lots of Slimes","floor":12.0,"turns":1.0},{"damage":3.0,"enemies":"Slime Boss","floor":16.0,"turns":7.0},{"damage":12.0,"enemies":"3 Byrds","floor":18.0,"turns":5.0},{"damage":14.0,"enemies":"Shell Parasite","floor":19.0,"turns":8.0},{"damage":0.0,"enemies":"Snecko","floor":20.0,"turns":7.0},{"damage":38.0,"enemies":"Chosen and Byrds","floor":21.0,"turns":8.0},{"damage":28.0,"enemies":"Centurion and Healer","floor":22.0,"turns":5.0},{"damage":14.0,"enemies":"Snake Plant","floor":28.0,"turns":5.0},{"damage":5.0,"enemies":"Cultist and Chosen","floor":31.0,"turns":6.0},{"damage":27.0,"enemies":"Champ","floor":33.0,"turns":12.0},{"damage":29.0,"enemies":"Orb Walker","floor":35.0,"turns":5.0},{"damage":16.0,"enemies":"3 Shapes","floor":36.0,"turns":9.0},{"damage":49,"enemies":"Transient","floor":38,"turns":4}],"seed_played":"-2756139691752384994","potions_obtained":[{"floor":1.0,"key":"Energy Potion"},{"floor":4.0,"key":"Explosive Potion"},{"floor":19.0,"key":"LiquidBronze"},{"floor":20.0,"key":"Ancient Potion"},{"floor":22.0,"key":"EssenceOfSteel"}],"is_trial":false,"path_per_floor":["M","M","?","M","?","R","E","R","T","M","M","M","$","?","R","B",null,"M","M","M","M","M","R","?","R","T","R","M","$","?","M","R","B",null,"M","M","$","M"],"character_chosen":"DEFECT","items_purchased":["Capacitor+1","Coolheaded","War Paint"],"campfire_rested":3,"item_purchase_floors":[13,13,37],"current_hp_per_floor":[60,59,33,33,33,33,26,26,26,23,17,17,17,17,36,33,56,44,30,50,32,4,23,23,42,42,42,38,38,38,53,53,46,60,41,45,45,0],"gold":220,"neow_bonus":"RANDOM_COMMON_RELIC","is_prod":false,"is_daily":false,"chose_seed":false,"campfire_upgraded":4,"win_rate":0,"timestamp":1569325797,"path_taken":["M","M","?","M","?","R","E","R","T","M","M","M","$","?","R","BOSS","M","M","M","M","M","R","?","R","T","R","M","$","?","M","R","BOSS","M","M","$","M"],"build_version":"2019-07-17","purchased_purges":1,"victory":false,"max_hp_per_floor":[71,71,71,71,64,64,64,64,64,64,64,64,64,64,64,64,64,64,64,64,64,64,64,64,64,64,64,64,64,64,64,64,64,64,64,64,64,64],"card_choices":[{"not_picked":["Conserve Battery","Genetic Algorithm"],"picked":"Glacier","floor":1.0},{"not_picked":["Compile Driver","Steam"],"picked":"Ball Lightning","floor":2.0},{"not_picked":["Redo","Conserve Battery"],"picked":"Sunder","floor":4.0},{"not_picked":["Static Discharge+1","Redo"],"picked":"Conserve Battery","floor":7.0},{"not_picked":["Redo","Go for the Eyes"],"picked":"Compile Driver","floor":10.0},{"not_picked":["Capacitor+1","Sweeping Beam"],"picked":"Echo Form+1","floor":11.0},{"not_picked":["Streamline","Cold Snap"],"picked":"Defragment+1","floor":12.0},{"not_picked":["Fission","Seek"],"picked":"Thunder Strike","floor":16.0},{"not_picked":["Ball Lightning","Rebound","Hologram"],"picked":"SKIP","floor":18.0},{"not_picked":["Ball Lightning","Rebound"],"picked":"Self Repair+1","floor":19.0},{"not_picked":["Rebound","Stack"],"picked":"Undo","floor":20.0},{"not_picked":["Turbo","Streamline","Compile Driver"],"picked":"SKIP","floor":21.0},{"not_picked":["Aggregate","Beam Cell"],"picked":"Capacitor+1","floor":22.0},{"not_picked":["Genetic Algorithm","Compile Driver","Static Discharge+1"],"picked":"SKIP","floor":28.0},{"not_picked":["Redo","Cold Snap","Self Repair+1"],"picked":"SKIP","floor":31.0},{"not_picked":["Steam","Stack","Genetic Algorithm+1"],"picked":"SKIP","floor":35.0},{"not_picked":["Static Discharge+1","Rebound"],"picked":"Turbo+1","floor":36.0}],"player_experience":456864,"relics_obtained":[{"floor":7.0,"key":"Peace Pipe"},{"floor":9.0,"key":"Ancient Tea Set"},{"floor":26.0,"key":"Ice Cream"}],"event_choices":[{"damage_healed":0.0,"max_hp_gain":0.0,"max_hp_loss":0.0,"gold_gain":0.0,"event_name":"Scrap Ooze","player_choice":"Success","floor":3.0,"gold_loss":0.0,"damage_taken":26.0,"relics_obtained":["Frozen Egg 2"]},{"damage_healed":0.0,"max_hp_gain":0.0,"max_hp_loss":7.0,"gold_gain":0.0,"event_name":"Golden Idol","player_choice":"Lose Max HP","floor":5.0,"gold_loss":0.0,"damage_taken":0.0,"relics_obtained":["Golden Idol"]},{"damage_healed":0.0,"max_hp_gain":0.0,"max_hp_loss":0.0,"gold_gain":0.0,"event_name":"Shining Light","player_choice":"Ignored","floor":14.0,"gold_loss":0.0,"damage_taken":0.0},{"cards_removed":["Hyperbeam"],"damage_healed":0.0,"max_hp_gain":0.0,"max_hp_loss":0.0,"gold_gain":0.0,"event_name":"Back to Basics","player_choice":"Elegance","floor":24.0,"gold_loss":0.0,"damage_taken":0.0},{"damage_healed":0.0,"max_hp_gain":0.0,"max_hp_loss":0.0,"gold_gain":0.0,"event_name":"Match and Keep!","player_choice":"0 cards matched","floor":30.0,"gold_loss":0.0,"damage_taken":0.0,"cards_obtained":[]}],"is_beta":false,"boss_relics":[{"not_picked":["Calling Bell","Lizard Tail"],"picked":"Pandora\u0027s Box"},{"not_picked":["Eternal Feather","Tiny House"],"picked":"Runic Pyramid"}],"items_purged_floors":[13],"is_endless":false,"potions_floor_spawned":[1,4,7,19,20,22],"killed_by":"Transient","ascension_level":19}