{"gold_per_floor":[116,116,130,140,154,179,192,192,242,242,261,261,294,306,306,306],"floor_reached":16,"playtime":502,"items_purged":[],"score":217,"play_id":"26462562-1894-4bc7-98bf-653876d9ae6d","local_time":"20190918212359","is_ascension_mode":true,"campfire_choices":[{"floor":8,"key":"REST"},{"data":"Coolheaded","floor":12,"key":"SMITH"},{"floor":15,"key":"REST"}],"neow_cost":"TEN_PERCENT_HP_LOSS","seed_source_timestamp":417101076820900,"circlet_count":0,"master_deck":["AscendersBane","Strike_B","Strike_B","Strike_B","Strike_B","Defend_B","Defend_B","Defend_B","Defend_B","Zap+1","Dualcast","Steam","Gash","Scrape","Coolheaded+1","Streamline","Electrodynamics","Conserve Battery"],"relics":["Cracked Core","Ginger","Unceasing Top","Strawberry","Molten Egg 2"],"potions_floor_usage":[13,13],"damage_taken":[{"damage":6,"enemies":"Cultist","floor":1,"turns":4},{"damage":6,"enemies":"Jaw Worm","floor":3,"turns":4},{"damage":0,"enemies":"2 Louse","floor":4,"turns":2},{"damage":6,"enemies":"Blue Slaver","floor":5,"turns":4},{"damage":31,"enemies":"Gremlin Nob","floor":6,"turns":4},{"damage":6,"enemies":"Looter","floor":7,"turns":3},{"damage":19,"enemies":"Exordium Wildlife","floor":11,"turns":3},{"damage":22,"enemies":"Lagavulin","floor":13,"turns":6},{"damage":7,"enemies":"3 Louse","floor":14,"turns":3},{"damage":38,"enemies":"Slime Boss","floor":16,"turns":5}],"seed_played":"-3478401605651584614","potions_obtained":[{"floor":3,"key":"Fire Potion"},{"floor":4,"key":"GamblersBrew"}],"is_trial":false,"path_per_floor":["M","?","M","M","M","E","M","R","T","?","M","R","E","M","R","B"],"character_chosen":"DEFECT","items_purchased":[],"campfire_rested":2,"item_purchase_floors":[],"current_hp_per_floor":[58,58,52,52,46,15,9,28,35,58,39,39,17,10,31,0],"gold":306,"neow_bonus":"ONE_RARE_RELIC","is_prod":false,"is_daily":false,"chose_seed":false,"campfire_upgraded":1,"win_rate":0,"timestamp":1568809439,"path_taken":["M","?","M","M","?","E","M","R","T","?","M","R","E","M","R","BOSS"],"build_version":"2019-07-17","purchased_purges":0,"victory":false,"max_hp_per_floor":[64,64,64,64,64,64,64,64,71,71,71,71,71,71,71,71],"card_choices":[{"not_picked":["Redo","Fusion","Storm"],"picked":"SKIP","floor":1},{"not_picked":["Conserve Battery","Loop"],"picked":"Steam","floor":3},{"not_picked":["Beam Cell","Skim"],"picked":"Gash","floor":4},{"not_picked":["Barrage","Compile Driver"],"picked":"Scrape","floor":5},{"not_picked":["Cold Snap","Aggregate","Barrage"],"picked":"SKIP","floor":6},{"not_picked":["Consume","Chaos"],"picked":"Coolheaded","floor":7},{"not_picked":["Beam Cell","White Noise"],"picked":"Streamline","floor":11},{"not_picked":["Force Field","Fusion"],"picked":"Electrodynamics","floor":13},{"not_picked":["Chill","Stack"],"picked":"Conserve Battery","floor":14}],"player_experience":413904,"relics_obtained":[{"floor":6,"key":"Unceasing Top"},{"floor":9,"key":"Strawberry"},{"floor":13,"key":"Molten Egg 2"}],"event_choices":[{"damage_healed":0,"gold_gain":0,"player_choice":"Upgraded","damage_taken":0,"max_hp_gain":0,"max_hp_loss":0,"event_name":"Upgrade Shrine","floor":2,"gold_loss":0,"cards_upgraded":["Zap"]},{"damage_healed":23,"gold_gain":0,"player_choice":"Banana","damage_taken":0,"max_hp_gain":0,"max_hp_loss":0,"event_name":"Big Fish","floor":10,"gold_loss":0}],"is_beta":false,"boss_relics":[],"items_purged_floors":[],"is_endless":false,"potions_floor_spawned":[3,4,5,6],"killed_by":"Slime Boss","ascension_level":18}