{"gold_per_floor":[110,128,128,30,43,72,72,91,91,91,126,126,155,169,169,268,268,282,282,282,10,22,22,56,56,56,73,73,86,13,40,40,141,141,154,46,64,64,81,115,115,115],"floor_reached":42,"playtime":2718,"items_purged":["Writhe"],"score":853,"play_id":"924c0e58-d929-4f9b-bb84-fc545ecebaf4","local_time":"20190813221408","is_ascension_mode":true,"campfire_choices":[{"data":"Bash","floor":10,"key":"SMITH"},{"data":"Armaments","floor":12,"key":"SMITH"},{"data":"Demon Form","floor":15,"key":"SMITH"},{"data":"Heavy Blade","floor":25,"key":"SMITH"},{"data":"Havoc","floor":28,"key":"SMITH"},{"data":"Clothesline","floor":32,"key":"SMITH"},{"data":"True Grit","floor":41,"key":"SMITH"}],"neow_cost":"NONE","seed_source_timestamp":44986802657782,"circlet_count":0,"master_deck":["AscendersBane","Strike_R","Strike_R","Strike_R","Defend_R","Defend_R","Defend_R","Defend_R","Bash+1","Twin Strike","Iron Wave","Clothesline+1","Armaments+1","Sword Boomerang","Reaper","Headbutt","Impervious+1","Demon Form+1","Heavy Blade+1","Exhume","Corruption","Hemokinesis","Havoc+1","Shrug It Off","Impervious+1","Shrug It Off","True Grit+1","Pommel Strike+1"],"relics":["Burning Blood","Regal Pillow","Ornamental Fan","Happy Flower","WingedGreaves","Bag of Marbles","Ginger","Busted Crown","Mango","Strange Spoon","Pantograph","Bronze Scales","Bag of Preparation","Philosopher\u0027s Stone","War Paint"],"potions_floor_usage":[11,13,16,31,39],"damage_taken":[{"damage":1,"enemies":"Cultist","floor":1,"turns":4},{"damage":0,"enemies":"2 Louse","floor":2,"turns":4},{"damage":10,"enemies":"Jaw Worm","floor":5,"turns":4},{"damage":32,"enemies":"3 Sentries","floor":6,"turns":9},{"damage":9,"enemies":"Looter","floor":8,"turns":4},{"damage":23,"enemies":"Gremlin Nob","floor":11,"turns":5},{"damage":0,"enemies":"Lagavulin","floor":13,"turns":6},{"damage":5,"enemies":"2 Fungi Beasts","floor":14,"turns":3},{"damage":40,"enemies":"The Guardian","floor":16,"turns":9},{"damage":6,"enemies":"3 Byrds","floor":18,"turns":7},{"damage":15,"enemies":"2 Thieves","floor":22,"turns":5},{"damage":57,"enemies":"Gremlin Leader","floor":24,"turns":9},{"damage":31,"enemies":"Shelled Parasite and Fungi","floor":27,"turns":4},{"damage":40,"enemies":"Cultist and Chosen","floor":29,"turns":8},{"damage":14,"enemies":"Book of Stabbing","floor":31,"turns":6},{"damage":63,"enemies":"Automaton","floor":33,"turns":8},{"damage":6,"enemies":"3 Darklings","floor":35,"turns":5},{"damage":4,"enemies":"3 Shapes","floor":37,"turns":5},{"damage":27,"enemies":"Sphere and 2 Shapes","floor":39,"turns":6},{"damage":18,"enemies":"Nemesis","floor":40,"turns":7},{"damage":110,"enemies":"Reptomancer","floor":42,"turns":5}],"seed_played":"1237642078504811680","potions_obtained":[{"floor":2,"key":"GamblersBrew"},{"floor":5,"key":"Block Potion"},{"floor":8,"key":"Regen Potion"},{"floor":11,"key":"EssenceOfSteel"},{"floor":29,"key":"SpeedPotion"},{"floor":31,"key":"Ancient Potion"},{"floor":33,"key":"Fruit Juice"},{"floor":39,"key":"Ancient Potion"}],"is_trial":false,"path_per_floor":["M","M","T","$","M","E","?","M","T","R","E","R","E","M","R","B",null,"M","?","?","$","M","?","E","R","T","M","R","M","$","E","R","B",null,"M","$","M","$","M","E","R","E"],"character_chosen":"IRONCLAD","items_purchased":["Clothesline","Armaments","Strange Spoon","Regen Potion","Shrug It Off","True Grit"],"campfire_rested":0,"item_purchase_floors":[4,4,21,30,36,36],"current_hp_per_floor":[77,80,80,80,76,50,50,51,51,51,54,54,60,65,65,37,69,80,80,94,94,85,85,94,94,94,91,91,57,57,64,64,82,91,91,91,94,94,78,99,99,0],"gold":115,"neow_bonus":"RANDOM_COMMON_RELIC","is_prod":false,"is_daily":false,"chose_seed":false,"campfire_upgraded":7,"win_rate":0,"timestamp":1565727248,"path_taken":["M","M","?","$","?","E","?","M","T","R","E","R","E","M","R","BOSS","M","?","?","$","M","?","E","R","T","M","R","M","$","E","R","BOSS","M","$","M","$","M","E","R","E"],"build_version":"2019-07-17","purchased_purges":1,"victory":false,"max_hp_per_floor":[80,80,80,80,80,80,80,80,80,80,80,80,80,80,80,80,80,80,80,94,94,94,94,94,94,94,94,94,94,94,94,94,94,94,94,94,94,94,99,99,99,99],"card_choices":[{"not_picked":["Thunderclap","Cleave"],"picked":"Twin Strike","floor":1},{"not_picked":["Twin Strike","Disarm"],"picked":"Iron Wave","floor":2},{"not_picked":["Headbutt","Cleave"],"picked":"Sword Boomerang","floor":5},{"not_picked":["Flex","Headbutt"],"picked":"Reaper","floor":6},{"not_picked":["Twin Strike","Sword Boomerang"],"picked":"Headbutt","floor":8},{"not_picked":["Combust","Sword Boomerang"],"picked":"Impervious","floor":11},{"not_picked":["Iron Wave","Dual Wield"],"picked":"Demon Form","floor":13},{"not_picked":["Clash","Twin Strike"],"picked":"Heavy Blade","floor":14},{"not_picked":["Barricade","Demon Form"],"picked":"Exhume","floor":16},{"not_picked":["Iron Wave"],"picked":"SKIP","floor":18},{"not_picked":["Searing Blow"],"picked":"SKIP","floor":22},{"not_picked":["Pommel Strike"],"picked":"SKIP","floor":24},{"not_picked":["Sword Boomerang"],"picked":"SKIP","floor":27},{"not_picked":[],"picked":"Shrug It Off","floor":29},{"not_picked":["Carnage"],"picked":"SKIP","floor":31},{"not_picked":[],"picked":"Impervious","floor":33},{"not_picked":["Body Slam"],"picked":"SKIP","floor":35},{"not_picked":[],"picked":"Pommel Strike+1","floor":37},{"not_picked":["Power Through"],"picked":"SKIP","floor":39},{"not_picked":["Havoc"],"picked":"SKIP","floor":40}],"player_experience":872548,"relics_obtained":[{"floor":3,"key":"Ornamental Fan"},{"floor":6,"key":"Happy Flower"},{"floor":9,"key":"WingedGreaves"},{"floor":11,"key":"Bag of Marbles"},{"floor":13,"key":"Ginger"},{"floor":24,"key":"Pantograph"},{"floor":26,"key":"Bronze Scales"},{"floor":31,"key":"Bag of Preparation"},{"floor":40,"key":"War Paint"}],"event_choices":[{"damage_healed":0,"gold_gain":0,"player_choice":"Ignored","damage_taken":0,"max_hp_gain":0,"max_hp_loss":0,"event_name":"Golden Idol","floor":7,"gold_loss":0},{"damage_healed":0,"gold_gain":0,"player_choice":"Read","damage_taken":0,"max_hp_gain":0,"max_hp_loss":0,"event_name":"The Library","floor":19,"gold_loss":0,"cards_obtained":["Corruption"]},{"damage_healed":0,"gold_gain":0,"player_choice":"Opened","damage_taken":0,"relics_obtained":["Mango"],"max_hp_gain":0,"max_hp_loss":0,"event_name":"The Mausoleum","floor":20,"gold_loss":0,"cards_obtained":["Writhe"]},{"damage_healed":0,"gold_gain":0,"cards_transformed":["Strike_R","Strike_R"],"player_choice":"Became Test Subject","damage_taken":0,"max_hp_gain":0,"max_hp_loss":0,"event_name":"Drug Dealer","floor":23,"gold_loss":0,"cards_obtained":["Hemokinesis","Havoc"]}],"is_beta":false,"boss_relics":[{"not_picked":["Coffee Dripper","White Beast Statue"],"picked":"Busted Crown"},{"not_picked":["Calling Bell","Eternal Feather"],"picked":"Philosopher\u0027s Stone"}],"items_purged_floors":[21],"is_endless":false,"potions_floor_spawned":[2,5,8,11,29,31,33,37,39,40],"killed_by":"Reptomancer","ascension_level":11}