{"gold_per_floor":[14,32,43,60,76,76,101,101,101,101,114,139,152,179,179,257,257,277,202,202,212,225,225,257,257,333,153,165,175,175,187,187,261,261,278,73,93,105,105,105,124,144,169,169],"floor_reached":44,"playtime":3581,"items_purged":["Strike_G","Decay","Injury"],"score":821,"play_id":"09c396cc-10d0-4782-85c7-d8848c6c612c","local_time":"20190808230031","is_ascension_mode":true,"campfire_choices":[{"data":"Deadly Poison","floor":6,"key":"SMITH"},{"data":"Caltrops","floor":15,"key":"SMITH"},{"floor":23,"key":"REST"},{"floor":25,"key":"REST"},{"floor":30,"key":"REST"},{"data":"Noxious Fumes","floor":32,"key":"SMITH"},{"data":"After Image","floor":40,"key":"SMITH"}],"neow_cost":"NO_GOLD","seed_source_timestamp":42099399712888,"circlet_count":0,"master_deck":["AscendersBane","Strike_G","Strike_G","Strike_G","Strike_G","Defend_G","Defend_G","Defend_G","Defend_G","Defend_G","Survivor","Neutralize","Crippling Poison+1","Noxious Fumes+1","Deadly Poison+1","Flying Knee","PiercingWail","Blade Dance","Envenom","Caltrops+1","Bane","Wraith Form v2","Clumsy","Dagger Spray+1","PiercingWail","Bouncing Flask","After Image","Backstab","Infinite Blades+1","After Image+1","Dodge and Roll","Acrobatics+1","Parasite","Backflip"],"relics":["Ring of the Snake","Snake Skull","Ornamental Fan","Sundial","Pantograph","Calling Bell","Bronze Scales","Darkstone Periapt","FossilizedHelix","Happy Flower","Kunai","Runic Dome","Art of War"],"potions_floor_usage":[7,11,16,18,21,44,44],"damage_taken":[{"damage":0,"enemies":"Cultist","floor":1,"turns":4},{"damage":0,"enemies":"Small Slimes","floor":2,"turns":5},{"damage":1,"enemies":"2 Louse","floor":3,"turns":4},{"damage":7,"enemies":"2 Fungi Beasts","floor":4,"turns":4},{"damage":5,"enemies":"Red Slaver","floor":5,"turns":5},{"damage":19,"enemies":"Lagavulin","floor":7,"turns":8},{"damage":0,"enemies":"Gremlin Gang","floor":11,"turns":3},{"damage":13,"enemies":"Gremlin Nob","floor":12,"turns":4},{"damage":0,"enemies":"2 Fungi Beasts","floor":13,"turns":3},{"damage":20,"enemies":"Lagavulin","floor":14,"turns":5},{"damage":14,"enemies":"Hexaghost","floor":16,"turns":8},{"damage":5,"enemies":"3 Byrds","floor":18,"turns":3},{"damage":33,"enemies":"2 Thieves","floor":21,"turns":4},{"damage":16,"enemies":"Shelled Parasite and Fungi","floor":22,"turns":5},{"damage":33,"enemies":"Slavers","floor":24,"turns":5},{"damage":9,"enemies":"Snake Plant","floor":28,"turns":3},{"damage":12,"enemies":"Snecko","floor":29,"turns":5},{"damage":1,"enemies":"Chosen and Byrds","floor":31,"turns":6},{"damage":38,"enemies":"Automaton","floor":33,"turns":10},{"damage":7,"enemies":"3 Shapes","floor":35,"turns":4},{"damage":8,"enemies":"3 Darklings","floor":37,"turns":4},{"damage":3,"enemies":"4 Shapes","floor":38,"turns":5},{"damage":17,"enemies":"Transient","floor":41,"turns":5},{"damage":22,"enemies":"Writhing Mass","floor":42,"turns":5},{"damage":21,"enemies":"Giant Head","floor":44,"turns":5}],"seed_played":"18437877895685965","potions_obtained":[{"floor":3,"key":"GamblersBrew"},{"floor":5,"key":"Regen Potion"},{"floor":7,"key":"Block Potion"},{"floor":13,"key":"Explosive Potion"},{"floor":14,"key":"AttackPotion"},{"floor":16,"key":"EssenceOfSteel"},{"floor":18,"key":"Strength Potion"},{"floor":24,"key":"EntropicBrew"}],"is_trial":false,"path_per_floor":["M","M","M","M","M","R","E","?","T","?","M","E","M","E","R","B",null,"M","$","?","M","M","R","E","R","T","$","M","M","R","M","R","B",null,"M","$","M","M","?","R","M","M","T","E"],"character_chosen":"THE_SILENT","items_purchased":["After Image","After Image"],"campfire_rested":3,"item_purchase_floors":[27,36],"current_hp_per_floor":[71,71,70,63,58,58,54,54,54,54,54,41,41,21,21,32,67,62,62,62,29,13,36,3,26,26,26,17,5,28,27,27,14,62,55,55,47,44,44,44,27,11,11,0],"gold":169,"neow_bonus":"TWENTY_PERCENT_HP_BONUS","is_prod":false,"is_daily":false,"chose_seed":false,"campfire_upgraded":4,"win_rate":0,"timestamp":1565298031,"path_taken":["M","M","M","?","M","R","E","?","T","?","M","E","M","E","R","BOSS","M","$","?","?","M","R","E","R","T","$","M","?","R","M","R","BOSS","M","$","M","M","?","R","M","?","T","E"],"build_version":"2019-07-17","purchased_purges":3,"victory":false,"max_hp_per_floor":[78,78,78,78,78,78,78,78,78,78,78,78,78,78,78,78,78,78,78,78,78,78,78,78,78,78,78,78,78,78,78,78,78,78,78,78,78,78,78,78,78,84,84,84],"card_choices":[{"not_picked":["Underhanded Strike","Dodge and Roll"],"picked":"Crippling Poison","floor":1},{"not_picked":["Tactician","Poisoned Stab"],"picked":"Noxious Fumes","floor":2},{"not_picked":["Flying Knee","Backflip"],"picked":"Deadly Poison","floor":3},{"not_picked":["Blur","Noxious Fumes"],"picked":"Flying Knee","floor":4},{"not_picked":["Finisher","Prepared","Distraction"],"picked":"SKIP","floor":5},{"not_picked":["Tactician","Outmaneuver"],"picked":"PiercingWail","floor":7},{"not_picked":["PiercingWail","Backflip"],"picked":"Blade Dance","floor":11},{"not_picked":["Leg Sweep","Eviscerate"],"picked":"Envenom","floor":12},{"not_picked":["Flying Knee","Dodge and Roll"],"picked":"Caltrops","floor":13},{"not_picked":["Flying Knee","Expertise"],"picked":"Bane","floor":14},{"not_picked":["Glass Knife","Venomology"],"picked":"Wraith Form v2","floor":16},{"not_picked":["Masterful Stab","Flechettes"],"picked":"Dagger Spray+1","floor":18},{"not_picked":["Flying Knee","Blade Dance"],"picked":"PiercingWail","floor":21},{"not_picked":["Outmaneuver","Poisoned Stab","Tactician+1"],"picked":"SKIP","floor":22},{"not_picked":["Slice","Bane+1"],"picked":"Bouncing Flask","floor":24},{"not_picked":["Slice","Distraction","Quick Slash"],"picked":"SKIP","floor":28},{"not_picked":["Quick Slash","Reflex"],"picked":"Backstab","floor":29},{"not_picked":["Masterful Stab","Dagger Throw","Deadly Poison"],"picked":"SKIP","floor":31},{"not_picked":["Concentrate","Dagger Spray"],"picked":"Infinite Blades+1","floor":35},{"not_picked":["Accuracy","Flying Knee+1"],"picked":"Dodge and Roll","floor":37},{"not_picked":["Deflect+1","Flechettes+1"],"picked":"Acrobatics+1","floor":38},{"not_picked":["Flying Knee","Skewer","Quick Slash"],"picked":"SKIP","floor":41},{"not_picked":["Dodge and Roll","Outmaneuver"],"picked":"Backflip","floor":42}],"player_experience":783578,"relics_obtained":[{"floor":7,"key":"Snake Skull"},{"floor":9,"key":"Ornamental Fan"},{"floor":12,"key":"Sundial"},{"floor":14,"key":"Pantograph"},{"floor":17,"key":"Bronze Scales"},{"floor":17,"key":"Darkstone Periapt"},{"floor":17,"key":"FossilizedHelix"},{"floor":24,"key":"Happy Flower"},{"floor":26,"key":"Kunai"},{"floor":43,"key":"Art of War"}],"event_choices":[{"damage_healed":0,"gold_gain":0,"player_choice":"Grow","damage_taken":0,"max_hp_gain":0,"max_hp_loss":0,"event_name":"Living Wall","floor":8,"gold_loss":0,"cards_upgraded":["Crippling Poison"]},{"damage_healed":0,"gold_gain":0,"player_choice":"Ignored","damage_taken":0,"max_hp_gain":0,"max_hp_loss":0,"event_name":"Golden Idol","floor":10,"gold_loss":0},{"damage_healed":0,"gold_gain":0,"player_choice":"0 cards matched","damage_taken":0,"max_hp_gain":0,"max_hp_loss":0,"event_name":"Match and Keep!","floor":20,"gold_loss":0,"cards_obtained":[]},{"damage_healed":0,"gold_gain":0,"player_choice":"Ignored","damage_taken":0,"max_hp_gain":0,"max_hp_loss":0,"event_name":"SecretPortal","floor":39,"gold_loss":0}],"is_beta":false,"boss_relics":[{"not_picked":["HoveringKite","Lizard Tail"],"picked":"Calling Bell"},{"not_picked":["Pandora\u0027s Box","Black Star"],"picked":"Runic Dome"}],"items_purged_floors":[19,27,36],"is_endless":false,"potions_floor_spawned":[3,5,7,13,14,16,18,24,28,37,38,42],"killed_by":"Giant Head","ascension_level":16}