{"gold_per_floor":[213,213,16,35,45,45,72,72,72,72],"floor_reached":10,"playtime":449,"items_purged":[],"score":125,"play_id":"ce643994-3bf8-4ea4-9b19-69d0c212c914","local_time":"20190918213303","is_ascension_mode":true,"campfire_choices":[{"data":"Skewer","floor":6,"key":"SMITH"},{"floor":8,"key":"REST"}],"neow_cost":"NONE","seed_source_timestamp":2884005467510,"circlet_count":0,"master_deck":["AscendersBane","Strike_G","Strike_G","Strike_G","Strike_G","Strike_G","Defend_G","Defend_G","Defend_G","Defend_G","Defend_G","Survivor","Neutralize","Dodge and Roll","Regret","Infinite Blades","Terror","Skewer+1","Backstab"],"relics":["Ring of the Snake","Mango","Bronze Scales","Anchor","Pantograph"],"potions_floor_usage":[7,10,10],"damage_taken":[{"damage":2,"enemies":"2 Louse","floor":1,"turns":3},{"damage":6,"enemies":"Small Slimes","floor":4,"turns":4},{"damage":11,"enemies":"Jaw Worm","floor":5,"turns":4},{"damage":31,"enemies":"3 Sentries","floor":7,"turns":13},{"damage":47,"enemies":"Gremlin Nob","floor":10,"turns":4}],"seed_played":"3669407765240357839","potions_obtained":[{"floor":4,"key":"EssenceOfSteel"},{"floor":5,"key":"SpeedPotion"},{"floor":7,"key":"Dexterity Potion"}],"is_trial":false,"path_per_floor":["M","?","$","M","M","R","E","R","T","E"],"character_chosen":"THE_SILENT","items_purchased":["Bronze Scales","Infinite Blades"],"campfire_rested":1,"item_purchase_floors":[3,3],"current_hp_per_floor":[57,71,71,65,54,54,23,47,47,0],"gold":72,"neow_bonus":"HUNDRED_GOLD","is_prod":false,"is_daily":false,"chose_seed":false,"campfire_upgraded":1,"win_rate":0,"timestamp":1568835183,"path_taken":["M","?","$","M","M","R","E","R","T","E"],"build_version":"2019-07-17","purchased_purges":0,"victory":false,"max_hp_per_floor":[66,80,80,80,80,80,80,80,80,80],"card_choices":[{"not_picked":["Deflect","Prepared"],"picked":"Dodge and Roll","floor":1},{"not_picked":["Underhanded Strike","Caltrops"],"picked":"Terror","floor":4},{"not_picked":["Acrobatics","Bane"],"picked":"Skewer","floor":5},{"not_picked":["Sucker Punch","Wraith Form v2"],"picked":"Backstab","floor":7}],"player_experience":1061981,"relics_obtained":[{"floor":7,"key":"Anchor"},{"floor":9,"key":"Pantograph"}],"event_choices":[{"damage_healed":0,"gold_gain":0,"player_choice":"Box","damage_taken":0,"relics_obtained":["Mango"],"max_hp_gain":0,"max_hp_loss":0,"event_name":"Big Fish","floor":2,"gold_loss":0,"cards_obtained":["Regret"]}],"is_beta":false,"boss_relics":[],"items_purged_floors":[],"is_endless":false,"potions_floor_spawned":[4,5,7],"killed_by":"Gremlin Nob","ascension_level":18}