{"gold_per_floor":[116,133,147,4,20,20,45,60,87,87,105,105,105,120,120,244,244,244],"floor_reached":18,"playtime":789,"items_purged":[],"score":250,"play_id":"a21ba025-666a-48ec-9881-3630e1066578","local_time":"20180818234128","is_ascension_mode":true,"campfire_choices":[{"data":"Glacier","floor":10,"key":"SMITH"},{"data":"Go for the Eyes","floor":12,"key":"SMITH"},{"data":"Streamline","floor":15,"key":"SMITH"}],"neow_cost":"TEN_PERCENT_HP_LOSS","seed_source_timestamp":32722533826418,"circlet_count":0,"master_deck":["Strike_B","Strike_B","Defend_B","Defend_B","Defend_B","Defend_B","Zap","Dualcast","AscendersBane","Streamline+1","Conserve Battery","Conserve Battery","Ball Lightning","BootSequence","Go for the Eyes+1","Gash","Glacier+1","Rebound","Hologram","Meteor Strike","Double Energy"],"relics":["Cracked Core","Golden Idol","Oddly Smooth Stone","Orrery"],"potions_floor_usage":[16,16],"damage_taken":[{"damage":0,"enemies":"Cultist","floor":1,"turns":3},{"damage":2,"enemies":"Jaw Worm","floor":2,"turns":3},{"damage":0,"enemies":"Small Slimes","floor":3,"turns":3},{"damage":0,"enemies":"Exordium Wildlife","floor":5,"turns":4},{"damage":2,"enemies":"2 Fungi Beasts","floor":7,"turns":3},{"damage":3,"enemies":"Large Slime","floor":8,"turns":6},{"damage":2,"enemies":"3 Louse","floor":11,"turns":3},{"damage":0,"enemies":"Looter","floor":14,"turns":3},{"damage":19,"enemies":"Hexaghost","floor":16,"turns":8},{"damage":62,"enemies":"3 Byrds","floor":18,"turns":6}],"seed_played":"-5847020328697744770","potions_obtained":[{"floor":1,"key":"LiquidBronze"},{"floor":2,"key":"PowerPotion"}],"is_trial":false,"path_per_floor":["M","M","M","$","M","?","M","M","T","R","M","R","?","M","R","B",null],"character_chosen":"DEFECT","items_purchased":["Ball Lightning","BootSequence","Go for the Eyes"],"campfire_rested":0,"item_purchase_floors":[4,4,4],"current_hp_per_floor":[68,66,66,66,66,49,47,44,44,44,42,42,47,47,47,28,62,0],"gold":244,"neow_bonus":"REMOVE_TWO","is_prod":false,"is_daily":false,"chose_seed":false,"campfire_upgraded":3,"win_rate":0,"timestamp":1534603288,"path_taken":["M","M","M","$","M","?","?","M","T","R","M","R","?","M","R","BOSS","M"],"build_version":"2018-08-16","purchased_purges":0,"victory":false,"max_hp_per_floor":[68,68,68,68,68,68,68,68,68,68,68,68,73,73,73,73,73,73],"card_choices":[{"not_picked":["Lockon","Coolheaded"],"picked":"Streamline","floor":1},{"not_picked":["Leap","Barrage"],"picked":"Conserve Battery","floor":2},{"not_picked":["Hello World","Hologram"],"picked":"Conserve Battery","floor":3},{"not_picked":["Barrage","Coolheaded","Beam Cell"],"picked":"SKIP","floor":5},{"not_picked":["Go for the Eyes","Redo"],"picked":"Gash","floor":7},{"not_picked":["Force Field","Blizzard"],"picked":"Glacier","floor":8},{"not_picked":["Streamline","Cold Snap"],"picked":"Rebound","floor":11},{"not_picked":["Go for the Eyes","Coolheaded"],"picked":"Hologram","floor":14},{"not_picked":["Hyperbeam","Machine Learning"],"picked":"Meteor Strike","floor":16},{"not_picked":["Rip and Tear","Sweeping Beam"],"picked":"Double Energy","floor":17}],"player_experience":238186,"relics_obtained":[{"floor":9,"key":"Oddly Smooth Stone"}],"event_choices":[{"event_name":"Golden Idol","player_choice":"Take Damage","floor":6,"damage_taken":0},{"event_name":"Big Fish","player_choice":"Donut","floor":13,"damage_taken":0}],"is_beta":false,"boss_relics":[{"not_picked":["Astrolabe","Calling Bell"],"picked":"Orrery"}],"items_purged_floors":[],"is_endless":false,"potions_floor_spawned":[1,2,8,14],"killed_by":"3 Byrds","ascension_level":12}