{"gold_per_floor":[113,125,136,76,88,88,35,35,35,65,79,94,94,124],"floor_reached":14,"playtime":638,"items_purged":[],"score":184,"play_id":"b8ddad3e-850a-43f8-8f44-ab10d32d6928","local_time":"20190506122018","is_ascension_mode":true,"campfire_choices":[{"floor":6,"key":"REST"},{"data":"Prepared","floor":8,"key":"SMITH"},{"floor":13,"key":"REST"}],"neow_cost":"PERCENT_DAMAGE","seed_source_timestamp":1141985327833700,"circlet_count":0,"master_deck":["AscendersBane","Defend_G","Defend_G","Defend_G","Defend_G","Defend_G","Strike_G","Strike_G","Strike_G","Survivor","Neutralize","PiercingWail","Eviscerate","Escape Plan","Predator","Predator","Acrobatics","Eviscerate","Prepared+1","Reflex","Well Laid Plans"],"relics":["Ring of the Snake","Du-Vu Doll","Blue Candle"],"potions_floor_usage":[2,5,14],"damage_taken":[{"damage":16,"enemies":"Cultist","floor":1,"turns":7},{"damage":7,"enemies":"Jaw Worm","floor":2,"turns":10},{"damage":3,"enemies":"Small Slimes","floor":3,"turns":4},{"damage":3,"enemies":"Looter","floor":4,"turns":5},{"damage":5,"enemies":"Exordium Thugs","floor":5,"turns":5},{"damage":12,"enemies":"Lagavulin","floor":10,"turns":5},{"damage":0,"enemies":"Blue Slaver","floor":11,"turns":4},{"damage":14,"enemies":"Lots of Slimes","floor":12,"turns":5},{"damage":31,"enemies":"Lagavulin Event","floor":14,"turns":5}],"seed_played":"-3961999216520411126","potions_obtained":[{"floor":1,"key":"Fire Potion"},{"floor":3,"key":"AttackPotion"},{"floor":12,"key":"GhostInAJar"}],"is_trial":false,"path_per_floor":["M","M","M","M","M","R","$","R","T","E","M","M","R","?"],"character_chosen":"THE_SILENT","items_purchased":["Prepared"],"campfire_rested":2,"item_purchase_floors":[7],"current_hp_per_floor":[28,21,18,15,10,29,29,29,29,17,17,3,22,0],"gold":124,"neow_bonus":"TRANSFORM_TWO_CARDS","is_prod":false,"is_daily":false,"chose_seed":false,"campfire_upgraded":1,"win_rate":0,"timestamp":1557134418,"path_taken":["M","M","M","?","M","R","$","R","T","E","M","M","R","?"],"build_version":"2019-01-23","purchased_purges":0,"victory":false,"max_hp_per_floor":[66,66,66,66,66,66,66,66,66,66,66,66,66,66],"card_choices":[{"not_picked":["Catalyst","Dodge and Roll"],"picked":"Escape Plan","floor":1},{"not_picked":["Dodge and Roll","Bane"],"picked":"Predator","floor":2},{"not_picked":["Endless Agony","Flying Knee"],"picked":"Predator","floor":3},{"not_picked":["Slice","Blur"],"picked":"Acrobatics","floor":4},{"not_picked":["Dagger Throw","Bane"],"picked":"Eviscerate","floor":5},{"not_picked":["PiercingWail","Deflect"],"picked":"Reflex","floor":10},{"not_picked":["Cloak And Dagger","Crippling Poison","Setup"],"picked":"SKIP","floor":11},{"not_picked":["Cloak And Dagger","Crippling Poison","Setup"],"picked":"SKIP","floor":11},{"not_picked":["Bane","Masterful Stab"],"picked":"Well Laid Plans","floor":12}],"player_experience":1298713,"relics_obtained":[{"floor":9,"key":"Du-Vu Doll"},{"floor":10,"key":"Blue Candle"}],"event_choices":[{"damage_healed":0,"gold_gain":30,"player_choice":"Searched \u00273\u0027 times","damage_taken":0,"max_hp_gain":0,"max_hp_loss":0,"event_name":"Dead Adventurer","floor":14,"gold_loss":0}],"is_beta":false,"boss_relics":[],"items_purged_floors":[],"is_endless":false,"potions_floor_spawned":[1,3,12],"killed_by":"Lagavulin Event","ascension_level":20}