{"gold_per_floor":[112,112,136,63,81,108,108,122,122,134,134,64,77,91,91,189,189,209,221,233,233,15,15,47,64,64,84,100,0,0,0,0,105,105,115,115,126,1,1],"floor_reached":39,"playtime":2389,"items_purged":["Strike_B","Strike_B","Strike_B"],"score":710,"play_id":"06733e4c-482a-42c7-8476-32b10728dd4d","local_time":"20180816120623","is_ascension_mode":true,"campfire_choices":[{"data":"Go for the Eyes","floor":7,"key":"SMITH"},{"data":"Sunder","floor":11,"key":"SMITH"},{"data":"Zap","floor":15,"key":"SMITH"},{"floor":23,"key":"REST"},{"floor":32,"key":"REST"}],"neow_cost":"NONE","seed_source_timestamp":79949887914118,"circlet_count":0,"master_deck":["Strike_B","Defend_B","Defend_B","Defend_B","Defend_B","Zap+1","Dualcast","AscendersBane","Streamline","Go for the Eyes+1","Rebound","Scrape","Reboot","Glacier","Sunder+1","Go for the Eyes","Conserve Battery","Scrape","Beam Cell","Echo Form","Go for the Eyes","Beam Cell","Bandage Up","Consume","Ball Lightning","Defragment","Ghostly","Ghostly","Ghostly","Ghostly","Ghostly","Core Surge+1","Amplify"],"relics":["Cracked Core","NeowsBlessing","Vajra","Blood Vial","Regal Pillow","Calipers","Inserter","Incense Burner","Molten Egg 2","Orrery"],"potions_floor_usage":[19,27],"damage_taken":[{"damage":0,"enemies":"Jaw Worm","floor":1,"turns":1},{"damage":0,"enemies":"Cultist","floor":5,"turns":1},{"damage":0,"enemies":"Lagavulin","floor":6,"turns":1},{"damage":0,"enemies":"Small Slimes","floor":8,"turns":2},{"damage":4,"enemies":"Exordium Thugs","floor":10,"turns":3},{"damage":9,"enemies":"Lots of Slimes","floor":13,"turns":3},{"damage":4,"enemies":"Looter","floor":14,"turns":2},{"damage":11,"enemies":"The Guardian","floor":16,"turns":11},{"damage":28,"enemies":"2 Thieves","floor":18,"turns":4},{"damage":1,"enemies":"Chosen","floor":19,"turns":4},{"damage":24,"enemies":"Snake Plant","floor":20,"turns":7},{"damage":30,"enemies":"Book of Stabbing","floor":24,"turns":6},{"damage":8,"enemies":"Chosen and Byrds","floor":25,"turns":4},{"damage":18,"enemies":"Centurion and Healer","floor":27,"turns":5},{"damage":13,"enemies":"Snecko","floor":28,"turns":4},{"damage":2,"enemies":"Automaton","floor":33,"turns":12},{"damage":6,"enemies":"3 Shapes","floor":35,"turns":7},{"damage":12,"enemies":"3 Darklings","floor":37,"turns":9},{"damage":36,"enemies":"Maw","floor":39,"turns":8}],"seed_played":"-4330129752014722524","potions_obtained":[{"floor":8,"key":"SkillPotion"},{"floor":10,"key":"GamblersBrew"},{"floor":13,"key":"AttackPotion"},{"floor":21,"key":"Energy Potion"},{"floor":27,"key":"SneckoOil"},{"floor":35,"key":"FocusPotion"}],"is_trial":false,"path_per_floor":["M","?","T","$","M","E","R","M","T","M","R","$","M","M","R","B",null,"M","M","M","?","$","R","E","M","T","M","M","$","?","$","R","B",null,"M","$","M","$"],"character_chosen":"DEFECT","items_purchased":["Go for the Eyes","Rebound","Go for the Eyes","Conserve Battery","Beam Cell","Bandage Up"],"campfire_rested":2,"item_purchase_floors":[4,4,12,12,22,22],"current_hp_per_floor":[68,65,65,65,67,69,69,71,71,69,69,69,62,60,60,51,69,43,44,22,22,22,59,35,33,33,21,14,14,14,14,37,37,37,35,35,29,29,0],"gold":1,"neow_bonus":"THREE_ENEMY_KILL","is_prod":false,"is_daily":false,"chose_seed":false,"campfire_upgraded":3,"win_rate":0,"timestamp":1534388783,"path_taken":["M","?","?","$","?","E","R","M","T","M","R","$","M","M","R","BOSS","M","M","M","?","$","R","E","M","T","M","M","?","?","?","R","BOSS","M","$","?","$","M"],"build_version":"2018-08-09","purchased_purges":3,"victory":false,"max_hp_per_floor":[75,75,75,75,75,75,75,75,75,75,75,75,75,75,75,75,75,75,75,75,75,75,75,75,75,75,75,75,75,37,37,37,37,37,37,37,37,37,37],"card_choices":[{"not_picked":["Hologram","Darkness"],"picked":"Streamline","floor":1},{"not_picked":["Ball Lightning","Steam"],"picked":"Scrape","floor":5},{"not_picked":["Sweeping Beam","Rip and Tear"],"picked":"Reboot","floor":6},{"not_picked":["Hologram","Chill"],"picked":"Glacier","floor":8},{"not_picked":["Coolheaded","Capacitor"],"picked":"Sunder","floor":10},{"not_picked":["Compile Driver","Streamline"],"picked":"Scrape","floor":13},{"not_picked":["Skim","Barrage"],"picked":"Beam Cell","floor":14},{"not_picked":["Seek","Biased Cognition"],"picked":"Echo Form","floor":16},{"not_picked":["Lockon","Undo"],"picked":"Go for the Eyes","floor":18},{"not_picked":["Redo","Lockon","Capacitor"],"picked":"SKIP","floor":19},{"not_picked":["Compile Driver","Steam","Undo"],"picked":"SKIP","floor":20},{"not_picked":["Sweeping Beam","Thunder Strike"],"picked":"Consume","floor":24},{"not_picked":["Stack","Compile Driver"],"picked":"Ball Lightning","floor":25},{"not_picked":["Redo","Beam Cell+1","Steam"],"picked":"SKIP","floor":27},{"not_picked":["Turbo","Fission"],"picked":"Defragment","floor":28},{"not_picked":["Rainbow","Creative AI"],"picked":"Core Surge+1","floor":33},{"not_picked":["Reprogram","Loop"],"picked":"Amplify","floor":34},{"not_picked":["Streamline+1","Beam Cell+1","Capacitor"],"picked":"SKIP","floor":35},{"not_picked":["Streamline+1","Turbo","Stack"],"picked":"SKIP","floor":37}],"player_experience":226626,"relics_obtained":[{"floor":3,"key":"Blood Vial"},{"floor":6,"key":"Regal Pillow"},{"floor":9,"key":"Calipers"},{"floor":24,"key":"Incense Burner"},{"floor":26,"key":"Molten Egg 2"}],"event_choices":[{"event_name":"Scrap Ooze","player_choice":"success","floor":2,"damage_taken":3},{"event_name":"The Lab","player_choice":"Got Potions","floor":21,"damage_taken":0},{"event_name":"Ghosts","player_choice":"Became a Ghost","floor":30,"damage_taken":0}],"is_beta":false,"boss_relics":[{"not_picked":["Velvet Choker","Runic Dome"],"picked":"Inserter"},{"not_picked":["Lizard Tail","Busted Crown"],"picked":"Orrery"}],"items_purged_floors":[22,29,38],"is_endless":false,"potions_floor_spawned":[8,10,13,18,27,28,33,35,37],"killed_by":"Maw","ascension_level":12}