{"gold_per_floor":[112,187,201,219,233,233,262,262,262,282,92,112,147,9,9,112,112,127,127,77,90,90,90,116,129,129,129,155,155,155,166,166,269,269,279,3,19,38,38,38,63,63,87,97,108,108,32,50,50,50],"floor_reached":51,"playtime":3404,"items_purged":[],"score":1057,"play_id":"616a66d1-5336-490e-bd0b-b12121ccaa99","local_time":"20180809234626","is_ascension_mode":true,"campfire_choices":[{"data":"Glacier","floor":6,"key":"SMITH"},{"floor":8,"key":"REST"},{"data":"Conserve Battery","floor":15,"key":"SMITH"},{"data":"Thunder Strike","floor":23,"key":"SMITH"},{"floor":27,"key":"REST"},{"data":"Recycle","floor":30,"key":"SMITH"},{"data":"Seek","floor":32,"key":"SMITH"},{"data":"Chill","floor":40,"key":"SMITH"},{"floor":46,"key":"REST"},{"data":"Madness","floor":49,"key":"SMITH"}],"neow_cost":"NONE","seed_source_timestamp":100826535731855,"circlet_count":0,"master_deck":["Strike_B+1","Strike_B","Strike_B","Defend_B","Defend_B","Defend_B","Defend_B","Zap+1","Dualcast","Glacier+1","Sunder+1","Sweeping Beam","BootSequence","Melter","Sweeping Beam","Conserve Battery+1","Seek+1","White Noise","Beam Cell","Electrodynamics","Thunder Strike+1","Rebound+1","Ball Lightning","Ball Lightning","Recycle+1","Glacier+1","Fission","Echo Form+1","Ball Lightning+1","Defragment+1","Chill+1","Steam+1","Madness+1","Madness","Skim+1","Defragment+1","Defragment+1","Ball Lightning"],"relics":["Cracked Core","Whetstone","Matryoshka","Mercury Hourglass","Eternal Feather","Pantograph","Bag of Marbles","Smiling Mask","Frozen Egg 2","Incense Burner","Nuclear Battery","Runic Capacitor","Darkstone Periapt","Cables","Pen Nib"],"potions_floor_usage":[7,16,18,25,28,31,33,33,44,50,50],"damage_taken":[{"damage":1,"enemies":"2 Louse","floor":1,"turns":2},{"damage":7,"enemies":"Jaw Worm","floor":3,"turns":3},{"damage":0,"enemies":"Cultist","floor":4,"turns":2},{"damage":5,"enemies":"Exordium Thugs","floor":5,"turns":5},{"damage":20,"enemies":"Lagavulin","floor":7,"turns":9},{"damage":3,"enemies":"Blue Slaver","floor":10,"turns":2},{"damage":0,"enemies":"Large Slime","floor":12,"turns":3},{"damage":2,"enemies":"3 Sentries","floor":13,"turns":8},{"damage":8,"enemies":"The Guardian","floor":16,"turns":11},{"damage":25,"enemies":"Shell Parasite","floor":18,"turns":5},{"damage":0,"enemies":"Spheric Guardian","floor":21,"turns":2},{"damage":30,"enemies":"Gremlin Leader","floor":24,"turns":5},{"damage":7,"enemies":"Centurion and Healer","floor":25,"turns":5},{"damage":15,"enemies":"Slavers","floor":28,"turns":3},{"damage":0,"enemies":"Snecko","floor":31,"turns":2},{"damage":5,"enemies":"Collector","floor":33,"turns":6},{"damage":8,"enemies":"3 Shapes","floor":35,"turns":4},{"damage":0,"enemies":"3 Darklings","floor":37,"turns":4},{"damage":3,"enemies":"Flame Bruiser 2 Orb","floor":38,"turns":4},{"damage":20,"enemies":"2 Orb Walkers","floor":41,"turns":5},{"damage":5,"enemies":"Transient","floor":44,"turns":5},{"damage":19,"enemies":"Maw","floor":45,"turns":5},{"damage":5,"enemies":"4 Shapes","floor":48,"turns":4},{"damage":38,"enemies":"Awakened One","floor":50,"turns":10}],"seed_played":"-1576171330171396855","potions_obtained":[{"floor":3,"key":"Energy Potion"},{"floor":5,"key":"LiquidBronze"},{"floor":7,"key":"Block Potion"},{"floor":10,"key":"Swift Potion"},{"floor":18,"key":"Fire Potion"},{"floor":21,"key":"SpeedPotion"},{"floor":25,"key":"Strength Potion"},{"floor":28,"key":"Strength Potion"},{"floor":41,"key":"Explosive Potion"},{"floor":44,"key":"FearPotion"},{"floor":48,"key":"SteroidPotion"}],"is_trial":false,"path_per_floor":["M","?","M","M","M","R","E","R","T","M","$","M","E","$","R","B",null,"M","?","$","M","?","R","E","M","T","R","E","$","R","M","R","B",null,"M","$","M","M","?","R","E","?","T","M","M","R","$","M","R","B"],"character_chosen":"DEFECT","items_purchased":["Conserve Battery","Seek","Electrodynamics","Ball Lightning","Defragment+1","Runic Capacitor","Defragment+1"],"campfire_rested":3,"item_purchase_floors":[11,11,14,20,36,36,47],"current_hp_per_floor":[67,56,49,49,44,44,24,46,46,43,43,43,41,41,41,33,65,40,40,40,40,40,55,25,18,18,55,40,40,55,55,70,70,74,66,66,66,63,63,75,55,46,46,41,22,65,65,60,75,44],"gold":50,"neow_bonus":"UPGRADE_CARD","is_prod":false,"is_daily":false,"chose_seed":false,"campfire_upgraded":7,"win_rate":0,"timestamp":1533825986,"path_taken":["M","?","?","M","M","R","E","R","T","M","$","M","E","?","R","BOSS","M","?","$","M","?","R","E","M","T","R","E","$","R","M","R","BOSS","M","$","M","M","?","R","E","?","T","M","M","R","$","M","R","BOSS"],"build_version":"2018-08-02","purchased_purges":0,"victory":true,"max_hp_per_floor":[75,75,75,75,75,75,75,75,75,75,75,75,75,75,75,75,75,75,75,75,75,75,75,75,75,75,75,75,75,75,75,75,75,75,75,75,75,75,75,75,75,75,75,75,75,75,75,75,75,75],"card_choices":[{"not_picked":["Redo","Gash"],"picked":"Glacier","floor":1},{"not_picked":["Coolheaded","Capacitor"],"picked":"Sunder","floor":3},{"not_picked":["Steam Power","Hologram"],"picked":"Sweeping Beam","floor":4},{"not_picked":["Sweeping Beam","Machine Learning"],"picked":"BootSequence","floor":5},{"not_picked":["Beam Cell","Stack"],"picked":"Melter","floor":7},{"not_picked":["Gash","Compile Driver"],"picked":"Sweeping Beam","floor":10},{"not_picked":["Blizzard","Streamline"],"picked":"White Noise","floor":12},{"not_picked":["Streamline","Coolheaded"],"picked":"Beam Cell","floor":13},{"not_picked":["Buffer","Core Surge"],"picked":"Thunder Strike","floor":16},{"not_picked":["Coolheaded+1","Barrage"],"picked":"Rebound+1","floor":18},{"not_picked":["Auto Shields","Leap"],"picked":"Ball Lightning","floor":21},{"not_picked":["Redo","Hello World"],"picked":"Recycle","floor":24},{"not_picked":["Gash","Sweeping Beam"],"picked":"Glacier+1","floor":25},{"not_picked":["Hello World+1","Redo"],"picked":"Fission","floor":28},{"not_picked":["Leap","Lockon","Cold Snap"],"picked":"SKIP","floor":31},{"not_picked":["Buffer+1","Creative AI+1"],"picked":"Echo Form+1","floor":33},{"not_picked":["Rebound+1","Go for the Eyes+1"],"picked":"Ball Lightning+1","floor":35},{"not_picked":["Go for the Eyes+1","Rebound","Redo"],"picked":"SKIP","floor":37},{"not_picked":["Rebound+1","Capacitor+1"],"picked":"Chill","floor":38},{"not_picked":["Consume","Go for the Eyes"],"picked":"Steam+1","floor":41},{"not_picked":["Multi-Cast","Sweeping Beam"],"picked":"Skim+1","floor":44},{"not_picked":["Compile Driver","Rebound"],"picked":"Defragment+1","floor":45},{"not_picked":["Cold Snap","Redo+1"],"picked":"Ball Lightning","floor":48}],"player_experience":188371,"relics_obtained":[{"floor":7,"key":"Whetstone"},{"floor":9,"key":"Matryoshka"},{"floor":13,"key":"Mercury Hourglass"},{"floor":24,"key":"Bag of Marbles"},{"floor":26,"key":"Smiling Mask"},{"floor":26,"key":"Frozen Egg 2"},{"floor":28,"key":"Incense Burner"},{"floor":41,"key":"Darkstone Periapt"},{"floor":43,"key":"Cables"},{"floor":43,"key":"Pen Nib"}],"event_choices":[{"event_name":"World of Goop","player_choice":"Gather Gold","floor":2,"damage_taken":0},{"event_name":"The Mausoleum","player_choice":"Yes","floor":19,"damage_taken":0},{"event_name":"Cursed Tome","player_choice":"Ignored","floor":22,"damage_taken":0},{"event_name":"Bonfire Elementals","player_choice":"BASIC","floor":39,"damage_taken":0},{"event_name":"Winding Halls","player_choice":"Embrace Madness","floor":42,"damage_taken":0}],"is_beta":false,"boss_relics":[{"not_picked":["Empty Cage","Sozu"],"picked":"Eternal Feather"},{"not_picked":["Velvet Choker","Astrolabe"],"picked":"Nuclear Battery"}],"items_purged_floors":[],"is_endless":false,"potions_floor_spawned":[3,5,7,10,12,18,21,25,28,41,44,48],"ascension_level":9}