{"gold_per_floor":[211,224,224,224,59,59,122,87,87,116,131,150,150,166,166,241,241,200,200,210,135,0,0,0],"floor_reached":24,"playtime":1226,"items_purged":["Strike_G"],"score":388,"play_id":"f4320742-3969-422c-8b46-487b879985c4","local_time":"20190814151508","is_ascension_mode":true,"campfire_choices":[{"data":"Dash","floor":6,"key":"SMITH"},{"floor":15,"key":"REST"},{"data":"Wraith Form v2","floor":23,"key":"SMITH"}],"neow_cost":"NONE","seed_source_timestamp":20783571322063,"circlet_count":0,"master_deck":["AscendersBane","Strike_G","Strike_G","Strike_G","Strike_G","Defend_G","Defend_G","Defend_G","Defend_G","Defend_G","Survivor","Neutralize+1","Masterful Stab","Dagger Spray","Dash+1","Noxious Fumes","Backflip","Quick Slash","Deadly Poison","Wraith Form v2+1","Malaise","Backstab"],"relics":["Ring of the Snake","Tiny Chest","Ancient Tea Set","Bird Faced Urn","Boot","Runic Pyramid","Nilry\u0027s Codex"],"potions_floor_usage":[10,16,24],"damage_taken":[{"damage":13,"enemies":"Jaw Worm","floor":1,"turns":8},{"damage":0,"enemies":"2 Louse","floor":2,"turns":2},{"damage":26,"enemies":"Gremlin Nob","floor":7,"turns":5},{"damage":21,"enemies":"Lagavulin","floor":10,"turns":6},{"damage":0,"enemies":"Small Slimes","floor":11,"turns":3},{"damage":0,"enemies":"Exordium Wildlife","floor":12,"turns":4},{"damage":5,"enemies":"3 Louse","floor":14,"turns":3},{"damage":17,"enemies":"Hexaghost","floor":16,"turns":11},{"damage":16,"enemies":"2 Thieves","floor":18,"turns":5},{"damage":8,"enemies":"3 Byrds","floor":20,"turns":7},{"damage":39,"enemies":"Book of Stabbing","floor":24,"turns":6}],"seed_played":"-5823569697605069287","potions_obtained":[{"floor":1,"key":"Strength Potion"},{"floor":2,"key":"Dexterity Potion"},{"floor":16,"key":"Regen Potion"}],"is_trial":false,"path_per_floor":["M","M","?","?","$","R","E","?","T","E","M","M","?","M","R","B",null,"M","?","M","$","?","R","E"],"character_chosen":"THE_SILENT","items_purchased":["Dash","Noxious Fumes"],"campfire_rested":1,"item_purchase_floors":[5,5],"current_hp_per_floor":[46,46,46,51,51,51,25,42,42,21,23,23,12,7,28,13,57,45,24,18,18,18,18,0],"gold":0,"neow_bonus":"HUNDRED_GOLD","is_prod":false,"is_daily":false,"chose_seed":false,"campfire_upgraded":2,"win_rate":0,"timestamp":1565788508,"path_taken":["M","M","?","?","$","R","E","?","T","E","M","?","?","M","R","BOSS","M","?","M","$","?","R","E"],"build_version":"2019-07-17","purchased_purges":1,"victory":false,"max_hp_per_floor":[66,66,66,71,71,71,71,71,71,71,71,71,71,71,71,71,71,71,71,71,71,71,71,71],"card_choices":[{"not_picked":["Slice","Blade Dance"],"picked":"Masterful Stab","floor":1},{"not_picked":["Heel Hook","Concentrate"],"picked":"Dagger Spray","floor":2},{"not_picked":["Riddle With Holes","Acrobatics"],"picked":"Backflip","floor":7},{"not_picked":["Riddle With Holes","Reflex"],"picked":"Quick Slash","floor":10},{"not_picked":["Prepared","Underhanded Strike","Quick Slash"],"picked":"SKIP","floor":11},{"not_picked":["Sucker Punch","Outmaneuver"],"picked":"Deadly Poison","floor":12},{"not_picked":["Outmaneuver","All Out Attack"],"picked":"Wraith Form v2","floor":14},{"not_picked":["Burst","Die Die Die"],"picked":"Malaise","floor":16},{"not_picked":["Underhanded Strike","Blur","Heel Hook"],"picked":"SKIP","floor":18},{"not_picked":["Backflip","Concentrate"],"picked":"Backstab","floor":20}],"player_experience":889216,"relics_obtained":[{"floor":7,"key":"Tiny Chest"},{"floor":9,"key":"Ancient Tea Set"},{"floor":10,"key":"Bird Faced Urn"},{"floor":19,"key":"Nilry\u0027s Codex"}],"event_choices":[{"damage_healed":0,"gold_gain":0,"player_choice":"Grow","damage_taken":0,"max_hp_gain":0,"max_hp_loss":0,"event_name":"Living Wall","floor":3,"gold_loss":0,"cards_upgraded":["Neutralize"]},{"damage_healed":0,"gold_gain":0,"player_choice":"Donut","damage_taken":0,"max_hp_gain":5,"max_hp_loss":0,"event_name":"Big Fish","floor":4,"gold_loss":0},{"damage_healed":17,"gold_gain":0,"player_choice":"Healed","damage_taken":0,"max_hp_gain":0,"max_hp_loss":0,"event_name":"The Cleric","floor":8,"gold_loss":35},{"damage_healed":0,"gold_gain":0,"player_choice":"Success","damage_taken":11,"relics_obtained":["Boot"],"max_hp_gain":0,"max_hp_loss":0,"event_name":"Scrap Ooze","floor":13,"gold_loss":0},{"damage_healed":0,"gold_gain":0,"player_choice":"Obtained Book","damage_taken":21,"max_hp_gain":0,"max_hp_loss":0,"event_name":"Cursed Tome","floor":19,"gold_loss":0},{"damage_healed":0,"gold_gain":0,"player_choice":"Paid Fearfully","damage_taken":0,"max_hp_gain":0,"max_hp_loss":0,"event_name":"Masked Bandits","floor":22,"gold_loss":135}],"is_beta":false,"boss_relics":[{"not_picked":["White Beast Statue","Lizard Tail"],"picked":"Runic Pyramid"}],"items_purged_floors":[21],"is_endless":false,"potions_floor_spawned":[1,2,16],"killed_by":"Book of Stabbing","ascension_level":18}