{"gold_per_floor":[118,129,129,129,141,172,172,197,197,197,162,162,180,208,208,208],"floor_reached":16,"playtime":550,"items_purged":[],"score":236,"play_id":"47da47f1-0129-4b5f-bb48-6c6412dfeba1","local_time":"20190410141506","is_ascension_mode":true,"campfire_choices":[{"data":"Uppercut","floor":7,"key":"SMITH"},{"data":"Carnage","floor":10,"key":"SMITH"},{"data":"Bash","floor":12,"key":"SMITH"},{"data":"Disarm","floor":15,"key":"SMITH"}],"neow_cost":"NONE","seed_source_timestamp":199386362946700,"circlet_count":0,"master_deck":["AscendersBane","Strike_R","Strike_R","Strike_R","Strike_R","Strike_R","Defend_R","Defend_R","Defend_R","Defend_R","Bash+1","Pommel Strike","Uppercut+1","Carnage+1","Battle Trance","Spot Weakness","Disarm+1","True Grit"],"relics":["Burning Blood","Shuriken","Nunchaku","Turnip","WingedGreaves","Darkstone Periapt"],"potions_floor_usage":[8,14],"damage_taken":[{"damage":10,"enemies":"Small Slimes","floor":1,"turns":4},{"damage":1,"enemies":"Cultist","floor":2,"turns":3},{"damage":1,"enemies":"2 Louse","floor":5,"turns":3},{"damage":26,"enemies":"Gremlin Nob","floor":6,"turns":4},{"damage":20,"enemies":"Lagavulin","floor":8,"turns":5},{"damage":30,"enemies":"Gremlin Gang","floor":13,"turns":4},{"damage":30,"enemies":"3 Sentries","floor":14,"turns":7},{"damage":17,"enemies":"Hexaghost","floor":16,"turns":9}],"seed_played":"4740833271522335571","potions_obtained":[{"floor":1,"key":"AttackPotion"},{"floor":8,"key":"Weak Potion"},{"floor":13,"key":"BloodPotion"}],"is_trial":false,"path_per_floor":["M","M","?","?","M","E","R","E","T","R","?","R","M","E","R","B"],"character_chosen":"IRONCLAD","items_purchased":[],"campfire_rested":0,"item_purchase_floors":[],"current_hp_per_floor":[64,69,69,69,74,54,54,40,40,40,58,58,34,17,17,0],"gold":208,"neow_bonus":"THREE_CARDS","is_prod":false,"is_daily":false,"chose_seed":false,"campfire_upgraded":4,"win_rate":0,"timestamp":1554894906,"path_taken":["M","M","?","?","?","E","R","E","T","R","?","R","M","E","R","BOSS"],"build_version":"2019-01-23","purchased_purges":0,"victory":false,"max_hp_per_floor":[75,75,75,75,75,75,75,75,75,75,75,75,75,75,75,75],"card_choices":[{"not_picked":["Rampage","Cleave"],"picked":"Pommel Strike","floor":0},{"not_picked":["Hemokinesis","Blood for Blood"],"picked":"Uppercut","floor":1},{"not_picked":["Disarm","Shrug It Off"],"picked":"Carnage","floor":2},{"not_picked":["Sword Boomerang","Cleave","Infernal Blade"],"picked":"SKIP","floor":5},{"not_picked":["Headbutt","Shrug It Off"],"picked":"Battle Trance","floor":6},{"not_picked":["Havoc","Pummel"],"picked":"Spot Weakness","floor":8},{"not_picked":["Wild Strike","Rampage"],"picked":"Disarm","floor":13},{"not_picked":["Pommel Strike","Combust"],"picked":"True Grit","floor":14}],"player_experience":1142338,"relics_obtained":[{"floor":6,"key":"Nunchaku"},{"floor":8,"key":"Turnip"},{"floor":9,"key":"WingedGreaves"},{"floor":14,"key":"Darkstone Periapt"}],"event_choices":[{"damage_healed":0,"gold_gain":0,"player_choice":"Box","damage_taken":0,"relics_obtained":["Shuriken"],"max_hp_gain":0,"max_hp_loss":0,"event_name":"Big Fish","floor":3,"gold_loss":0,"cards_obtained":["Regret"]},{"cards_removed":["Regret"],"damage_healed":0,"gold_gain":0,"player_choice":"Card Removal","damage_taken":0,"max_hp_gain":0,"max_hp_loss":0,"event_name":"Wheel of Change","floor":4,"gold_loss":0},{"damage_healed":18,"gold_gain":0,"player_choice":"Healed","damage_taken":0,"max_hp_gain":0,"max_hp_loss":0,"event_name":"The Cleric","floor":11,"gold_loss":35}],"is_beta":false,"boss_relics":[],"items_purged_floors":[],"is_endless":false,"potions_floor_spawned":[1,8,13],"killed_by":"Hexaghost","ascension_level":20}