{"gold_per_floor":[110,39,39,39,39,79,79,4,4,20,43,79,100,113,113,236,236,260,276,297,317,331,331,331,331,331,331,346,370,370,370,370,500,500,515,540,556,574,592,61,394,394,420,99,99,99,118,134,134,134],"floor_reached":51,"playtime":2519,"items_purged":["Regret","Strike_R","Strike_R"],"score":765,"play_id":"2362d0ad-d3e1-495d-9b45-36dab46876c6","local_time":"20190915213858","is_ascension_mode":false,"campfire_choices":[{"floor":15.0,"key":"DIG"},{"floor":23.0,"key":"REST"},{"floor":27.0,"key":"REST"},{"floor":30.0,"key":"DIG"},{"floor":32.0,"key":"DIG"},{"floor":42,"key":"REST"},{"data":"Apotheosis","floor":45,"key":"SMITH"},{"floor":49,"key":"REST"}],"neow_cost":"NONE","seed_source_timestamp":156701514918500,"circlet_count":0,"master_deck":["Strike_R","Defend_R","Defend_R","Defend_R","Defend_R","Bash","Flex","Inflame","Offering","Pommel Strike+1","Sword Boomerang+1","Double Tap","Headbutt+1","Heavy Blade+1","Offering","Inflame","Whirlwind+1","Armaments+1","Spot Weakness+1","Anger+1","Ghostly Armor","Immolate+1","Uppercut+1","Metallicize","Iron Wave+1","Limit Break","Rage","Flex+1","Bloodletting+1","Apotheosis+1","Exhume","Shrug It Off","Bandage Up","Inflame","Sentinel"],"special_seed":0,"relics":["Burning Blood","NeowsBlessing","Shovel","Shuriken","Paper Frog","Molten Egg 2","The Courier","Happy Flower","Lizard Tail","Kunai","Vajra","Oddly Smooth Stone","Mark of Pain","Gremlin Horn","Bag of Marbles"],"potions_floor_usage":[50,50],"damage_taken":[{"damage":0.0,"enemies":"Cultist","floor":1.0,"turns":1.0},{"damage":0.0,"enemies":"2 Louse","floor":5.0,"turns":1.0},{"damage":0.0,"enemies":"Lagavulin","floor":6.0,"turns":1.0},{"damage":0.0,"enemies":"Small Slimes","floor":10.0,"turns":3.0},{"damage":11.0,"enemies":"Looter","floor":11.0,"turns":2.0},{"damage":23.0,"enemies":"3 Sentries","floor":12.0,"turns":6.0},{"damage":5.0,"enemies":"Exordium Thugs","floor":13.0,"turns":3.0},{"damage":23.0,"enemies":"Large Slime","floor":14.0,"turns":3.0},{"damage":38.0,"enemies":"The Guardian","floor":16.0,"turns":8.0},{"damage":26.0,"enemies":"3 Byrds","floor":18.0,"turns":4.0},{"damage":12.0,"enemies":"Shell Parasite","floor":19.0,"turns":1.0},{"damage":40.0,"enemies":"Snecko","floor":20.0,"turns":5.0},{"damage":14.0,"enemies":"Centurion and Healer","floor":21.0,"turns":4.0},{"damage":38.0,"enemies":"3 Cultists","floor":22.0,"turns":5.0},{"damage":1.0,"enemies":"Cultist and Chosen","floor":28.0,"turns":4.0},{"damage":13.0,"enemies":"Shelled Parasite and Fungi","floor":29.0,"turns":2.0},{"damage":61.0,"enemies":"Collector","floor":33.0,"turns":9.0},{"damage":40,"enemies":"3 Shapes","floor":35,"turns":2},{"damage":6,"enemies":"Orb Walker","floor":36,"turns":2},{"damage":6,"enemies":"Jaw Worm Horde","floor":37,"turns":1},{"damage":6,"enemies":"Transient","floor":38,"turns":5},{"damage":31,"enemies":"Sphere and 2 Shapes","floor":39,"turns":4},{"damage":16,"enemies":"Writhing Mass","floor":47,"turns":5},{"damage":25,"enemies":"Transient","floor":48,"turns":5},{"damage":53,"enemies":"Awakened One","floor":50,"turns":8}],"seed_played":"5905895722604546795","potions_obtained":[{"floor":10.0,"key":"SteroidPotion"},{"floor":11.0,"key":"Energy Potion"},{"floor":12.0,"key":"SpeedPotion"},{"floor":21.0,"key":"Strength Potion"},{"floor":28.0,"key":"Dexterity Potion"},{"floor":33.0,"key":"SkillPotion"},{"floor":37,"key":"Dexterity Potion"}],"is_trial":false,"path_per_floor":["M","$","?","?","M","E","T","$","T","M","M","E","M","M","R","B",null,"M","M","M","M","M","R","?","?","T","R","M","M","R","?","R","B",null,"M","M","M","M","M","$","?","R","T","$","R","?","M","M","R","B",null],"character_chosen":"IRONCLAD","items_purchased":["Inflame","Apotheosis","Block Potion","Gremlin Horn","Exhume","Shrug It Off","Bandage Up","Inflame","Sentinel"],"campfire_rested":4,"item_purchase_floors":[2,40,40,40,40,44,44,44,44],"current_hp_per_floor":[80,80,60,60,66,72,72,72,72,78,73,56,57,40,40,8,80,60,54,20,12,20,44,44,44,44,68,73,66,66,66,66,11,80,46,46,46,46,21,21,21,45,45,45,45,45,45,32,56,15],"gold":134,"neow_bonus":"THREE_ENEMY_KILL","is_prod":false,"is_daily":false,"chose_seed":false,"campfire_upgraded":1,"win_rate":0,"timestamp":1568551138,"path_taken":["M","?","?","?","M","E","?","$","T","M","M","E","M","M","R","BOSS","M","M","M","M","M","R","?","?","T","R","M","M","R","?","R","BOSS","M","M","M","M","M","$","?","R","T","$","R","?","M","M","R","BOSS"],"build_version":"2019-07-17","purchased_purges":3,"victory":true,"max_hp_per_floor":[80,80,80,80,80,80,80,80,80,80,80,80,80,80,80,80,80,80,80,80,80,80,80,80,80,80,80,80,80,80,80,80,80,80,80,80,80,80,80,80,80,80,80,80,80,80,80,80,80,80],"card_choices":[{"not_picked":["Perfected Strike","Wild Strike"],"picked":"Flex","floor":1.0},{"not_picked":["Warcry","Clothesline","Sword Boomerang"],"picked":"SKIP","floor":5.0},{"not_picked":["Warcry","Twin Strike"],"picked":"Offering","floor":6.0},{"not_picked":["Armaments","Pummel+1"],"picked":"Pommel Strike+1","floor":10.0},{"not_picked":["Perfected Strike+1","Impervious"],"picked":"Sword Boomerang+1","floor":11.0},{"not_picked":["Blood for Blood+1","Wild Strike+1"],"picked":"Double Tap","floor":12.0},{"not_picked":["Thunderclap+1","Pummel+1"],"picked":"Headbutt+1","floor":13.0},{"not_picked":["Shockwave","Shrug It Off"],"picked":"Heavy Blade+1","floor":14.0},{"not_picked":["Double Tap","Exhume"],"picked":"Offering","floor":16.0},{"not_picked":["Searing Blow+1","Armaments+1"],"picked":"Inflame","floor":18.0},{"not_picked":["Shrug It Off","Armaments"],"picked":"Whirlwind+1","floor":19.0},{"not_picked":["Bloodletting","Wild Strike+1"],"picked":"Armaments+1","floor":20.0},{"not_picked":["Barricade","Wild Strike+1"],"picked":"Spot Weakness+1","floor":21.0},{"not_picked":["Ghostly Armor","Pommel Strike+1"],"picked":"Anger+1","floor":22.0},{"not_picked":["Rage","Anger+1"],"picked":"Uppercut+1","floor":28.0},{"not_picked":["Ghostly Armor","Perfected Strike+1"],"picked":"Metallicize","floor":29.0},{"not_picked":["Juggernaut","Exhume"],"picked":"Limit Break","floor":33.0},{"not_picked":["Clash+1","Thunderclap+1"],"picked":"Rage","floor":35},{"not_picked":["Flame Barrier","Rage","Pommel Strike+1"],"picked":"SKIP","floor":36},{"not_picked":["Rupture+1","Searing Blow+1","Clothesline+1"],"picked":"SKIP","floor":37},{"not_picked":["Cleave+1","Shrug It Off+1"],"picked":"Flex+1","floor":38},{"not_picked":["Whirlwind+1","Searing Blow+1"],"picked":"Bloodletting+1","floor":39},{"not_picked":["Rupture+1","Juggernaut","Infernal Blade+1"],"picked":"SKIP","floor":47},{"not_picked":["Rampage+1","Second Wind","Clash+1"],"picked":"SKIP","floor":48}],"player_experience":330026,"relics_obtained":[{"floor":6.0,"key":"Shuriken"},{"floor":7.0,"key":"Paper Frog"},{"floor":9.0,"key":"Molten Egg 2"},{"floor":12.0,"key":"The Courier"},{"floor":15.0,"key":"Happy Flower"},{"floor":26.0,"key":"Kunai"},{"floor":30.0,"key":"Vajra"},{"floor":32.0,"key":"Oddly Smooth Stone"},{"floor":43,"key":"Bag of Marbles"}],"event_choices":[{"damage_healed":0.0,"max_hp_gain":0.0,"max_hp_loss":0.0,"gold_gain":0.0,"event_name":"Golden Idol","player_choice":"Take Damage","floor":3.0,"gold_loss":0.0,"damage_taken":20.0,"relics_obtained":["Golden Idol"]},{"damage_healed":0.0,"max_hp_gain":0.0,"max_hp_loss":0.0,"gold_gain":0.0,"event_name":"Big Fish","player_choice":"Box","floor":4.0,"gold_loss":0.0,"damage_taken":0.0,"relics_obtained":["Shovel"],"cards_obtained":["Regret"]},{"damage_healed":0.0,"max_hp_gain":0.0,"max_hp_loss":0.0,"gold_gain":0.0,"cards_transformed":["Strike_R","Strike_R"],"event_name":"Drug Dealer","player_choice":"Became Test Subject","floor":24.0,"gold_loss":0.0,"damage_taken":0.0,"cards_obtained":["Ghostly Armor","Immolate"]},{"damage_healed":0.0,"max_hp_gain":0.0,"max_hp_loss":0.0,"gold_gain":0.0,"event_name":"Cursed Tome","player_choice":"Ignored","floor":25.0,"gold_loss":0.0,"damage_taken":0.0},{"damage_healed":0.0,"max_hp_gain":0.0,"max_hp_loss":0.0,"gold_gain":0.0,"event_name":"The Library","player_choice":"Read","floor":31.0,"gold_loss":0.0,"damage_taken":0.0,"cards_obtained":["Iron Wave"]},{"damage_healed":0,"gold_gain":333,"player_choice":"Gave Idol","damage_taken":0,"max_hp_gain":0,"max_hp_loss":0,"event_name":"The Moai Head","floor":41,"relics_lost":["Golden Idol"],"gold_loss":0},{"damage_healed":0,"gold_gain":0,"player_choice":"0 cards matched","damage_taken":0,"max_hp_gain":0,"max_hp_loss":0,"event_name":"Match and Keep!","floor":46,"gold_loss":0,"cards_obtained":[]}],"is_beta":false,"boss_relics":[{"not_picked":["Runic Dome","Astrolabe"],"picked":"Lizard Tail"},{"not_picked":["Pandora\u0027s Box","White Beast Statue"],"picked":"Mark of Pain"}],"items_purged_floors":[8,40,44],"is_endless":false,"potions_floor_spawned":[5,10,11,12,21,28,33,37,39],"ascension_level":0}