{"gold_per_floor":[219,233,252,265,0,0,0,19,19,19,51,51],"floor_reached":12,"playtime":618,"items_purged":[],"score":152,"play_id":"862c94fb-e3c3-40ae-92a6-a321fa7f73ba","local_time":"20190821213119","is_ascension_mode":true,"campfire_choices":[{"data":"Neutralize","floor":6,"key":"SMITH"},{"data":"Deadly Poison","floor":10,"key":"SMITH"}],"neow_cost":"NONE","seed_source_timestamp":42708175264813,"circlet_count":0,"master_deck":["AscendersBane","Strike_G","Strike_G","Strike_G","Strike_G","Strike_G","Defend_G","Defend_G","Defend_G","Defend_G","Defend_G","Survivor","Neutralize+1","Poisoned Stab","Cloak And Dagger","Cloak And Dagger","Deadly Poison+1","Bane","Die Die Die"],"relics":["Ring of the Snake","Paper Crane","Darkstone Periapt","Ice Cream"],"potions_floor_usage":[7],"damage_taken":[{"damage":3,"enemies":"Cultist","floor":1,"turns":4},{"damage":0,"enemies":"2 Louse","floor":2,"turns":3},{"damage":11,"enemies":"Jaw Worm","floor":3,"turns":7},{"damage":2,"enemies":"Red Slaver","floor":4,"turns":5},{"damage":1,"enemies":"Looter","floor":8,"turns":4},{"damage":37,"enemies":"3 Sentries","floor":11,"turns":12},{"damage":10,"enemies":"Large Slime","floor":12,"turns":6}],"seed_played":"5622330055111454116","potions_obtained":[{"floor":1,"key":"SneckoOil"},{"floor":7,"key":"Fruit Juice"},{"floor":7,"key":"LiquidBronze"},{"floor":8,"key":"LiquidBronze"}],"is_trial":false,"path_per_floor":["M","M","M","M","$","R","?","M","T","R","E","M"],"character_chosen":"THE_SILENT","items_purchased":["Paper Crane"],"campfire_rested":0,"item_purchase_floors":[5],"current_hp_per_floor":[56,56,45,43,43,43,48,47,47,47,10,0],"gold":51,"neow_bonus":"HUNDRED_GOLD","is_prod":false,"is_daily":false,"chose_seed":false,"campfire_upgraded":2,"win_rate":0,"timestamp":1566415879,"path_taken":["M","M","M","M","$","R","?","M","T","R","E","?"],"build_version":"2019-07-17","purchased_purges":0,"victory":false,"max_hp_per_floor":[66,66,66,66,66,66,71,71,71,71,71,71],"card_choices":[{"not_picked":["Flechettes","Finisher"],"picked":"Poisoned Stab","floor":1},{"not_picked":["Prepared","Calculated Gamble"],"picked":"Cloak And Dagger","floor":2},{"not_picked":["Calculated Gamble","Blade Dance"],"picked":"Cloak And Dagger","floor":3},{"not_picked":["Bane","Setup"],"picked":"Deadly Poison","floor":4},{"not_picked":["Prepared","Wraith Form v2"],"picked":"Bane","floor":8},{"not_picked":["Well Laid Plans","Finisher"],"picked":"Die Die Die","floor":11}],"player_experience":1002230,"relics_obtained":[{"floor":9,"key":"Darkstone Periapt"},{"floor":11,"key":"Ice Cream"}],"event_choices":[{"damage_healed":0,"gold_gain":0,"player_choice":"Got Potions","damage_taken":0,"max_hp_gain":0,"max_hp_loss":0,"event_name":"Lab","floor":7,"gold_loss":0}],"is_beta":false,"boss_relics":[],"items_purged_floors":[],"is_endless":false,"potions_floor_spawned":[1,8,11],"killed_by":"Large Slime","ascension_level":18}