{"gold_per_floor":[109,109,128,146,165,165,194,194,194,194,44,44,69,84,84,84],"floor_reached":16,"playtime":593,"items_purged":[],"score":176,"play_id":"b3827207-0dc1-48c1-b66d-a9e4776df208","local_time":"20190823135651","is_ascension_mode":true,"campfire_choices":[{"data":"Rampage","floor":6,"key":"SMITH"},{"data":"Bash","floor":10,"key":"SMITH"},{"data":"Anger","floor":12,"key":"SMITH"},{"data":"Shockwave","floor":15,"key":"SMITH"}],"neow_cost":"NONE","seed_source_timestamp":17973861262157,"circlet_count":0,"master_deck":["AscendersBane","Strike_R","Strike_R","Strike_R","Defend_R","Defend_R","Defend_R","Defend_R","Bash+1","Rampage+1","Shockwave+1","Anger+1","Battle Trance","Iron Wave+1","Clothesline+1"],"relics":["Burning Blood","Vajra","Molten Egg 2","Bag of Preparation","Calipers"],"potions_floor_usage":[7],"damage_taken":[{"damage":7,"enemies":"Small Slimes","floor":1,"turns":4},{"damage":11,"enemies":"Cultist","floor":3,"turns":4},{"damage":9,"enemies":"Jaw Worm","floor":4,"turns":4},{"damage":13,"enemies":"Blue Slaver","floor":5,"turns":4},{"damage":13,"enemies":"Gremlin Nob","floor":7,"turns":3},{"damage":35,"enemies":"3 Sentries","floor":13,"turns":8},{"damage":1,"enemies":"Red Slaver","floor":14,"turns":5},{"damage":26,"enemies":"The Guardian","floor":16,"turns":8}],"seed_played":"8460440715436637790","potions_obtained":[{"floor":1,"key":"SkillPotion"},{"floor":3,"key":"SmokeBomb"},{"floor":4,"key":"AttackPotion"},{"floor":13,"key":"Ancient Potion"}],"is_trial":false,"path_per_floor":["M","?","M","M","M","R","E","?","T","R","$","R","E","M","R","B"],"character_chosen":"IRONCLAD","items_purchased":["Bag of Preparation"],"campfire_rested":0,"item_purchase_floors":[11],"current_hp_per_floor":[79,79,74,71,64,64,57,50,50,50,50,50,21,26,26,0],"gold":84,"neow_bonus":"TEN_PERCENT_HP_BONUS","is_prod":false,"is_daily":false,"chose_seed":false,"campfire_upgraded":4,"win_rate":0,"timestamp":1566561411,"path_taken":["M","?","?","M","M","R","E","?","T","R","$","R","E","M","R","BOSS"],"build_version":"2019-07-17","purchased_purges":0,"victory":false,"max_hp_per_floor":[88,88,88,88,88,88,88,88,88,88,88,88,88,88,88,88],"card_choices":[{"not_picked":["Intimidate","Flex","Perfected Strike"],"picked":"SKIP","floor":1},{"not_picked":["Iron Wave","Shockwave"],"picked":"Rampage","floor":3},{"not_picked":["Rupture","Headbutt"],"picked":"Shockwave","floor":4},{"not_picked":["Perfected Strike","Corruption"],"picked":"Anger","floor":5},{"not_picked":["Reckless Charge","True Grit"],"picked":"Battle Trance","floor":7},{"not_picked":["Warcry","Double Tap"],"picked":"Iron Wave+1","floor":13},{"not_picked":["Bloodletting","Spot Weakness"],"picked":"Clothesline+1","floor":14}],"player_experience":1015444,"relics_obtained":[{"floor":7,"key":"Vajra"},{"floor":9,"key":"Molten Egg 2"},{"floor":13,"key":"Calipers"}],"event_choices":[{"cards_removed":["Strike_R"],"damage_healed":0,"gold_gain":0,"player_choice":"Offered Basic","damage_taken":0,"max_hp_gain":0,"max_hp_loss":0,"event_name":"Bonfire Elementals","floor":2,"gold_loss":0},{"cards_removed":["Strike_R"],"damage_healed":0,"gold_gain":0,"player_choice":"Card Removal","damage_taken":7,"max_hp_gain":0,"max_hp_loss":0,"event_name":"Golden Wing","floor":8,"gold_loss":0}],"is_beta":false,"boss_relics":[],"items_purged_floors":[],"is_endless":false,"potions_floor_spawned":[1,3,4,13],"killed_by":"The Guardian","ascension_level":12}