{"gold_per_floor":[119,31,31,31,31,89,105,139,139,153,153,153,153,168,168,241,241,253,64,114,39,54,54,54],"floor_reached":24,"playtime":1380,"items_purged":["Strike_R"],"score":454,"play_id":"2ffe3a36-2ada-4529-98c0-11295666624f","local_time":"20190325125804","is_ascension_mode":true,"campfire_choices":[{"data":"Bludgeon","floor":11,"key":"SMITH"},{"data":"True Grit","floor":13,"key":"SMITH"},{"data":"Rupture","floor":15,"key":"SMITH"},{"data":"Mayhem","floor":23,"key":"SMITH"}],"neow_cost":"NONE","seed_source_timestamp":612645671174100,"circlet_count":0,"master_deck":["AscendersBane","Strike_R","Defend_R","Defend_R","Defend_R","Defend_R","Bash","Pommel Strike","Uppercut","Rampage","Bludgeon+1","Metallicize","True Grit+1","Rupture+1","Offering","Shrug It Off","Mayhem+1"],"relics":["Burning Blood","NeowsBlessing","Mummified Hand","Tiny Chest","Vajra","Meat on the Bone","Dream Catcher","Empty Cage"],"potions_floor_usage":[8,24,24],"damage_taken":[{"damage":0,"enemies":"Cultist","floor":1,"turns":1},{"damage":0,"enemies":"Lagavulin","floor":6,"turns":1},{"damage":0,"enemies":"Small Slimes","floor":7,"turns":1},{"damage":15,"enemies":"3 Sentries","floor":8,"turns":8},{"damage":3,"enemies":"2 Louse","floor":10,"turns":2},{"damage":17,"enemies":"Exordium Thugs","floor":14,"turns":4},{"damage":45,"enemies":"Slime Boss","floor":16,"turns":11},{"damage":39,"enemies":"Shell Parasite","floor":18,"turns":5},{"damage":17,"enemies":"3 Byrds","floor":22,"turns":6},{"damage":49,"enemies":"Book of Stabbing","floor":24,"turns":5}],"seed_played":"-6183613133264893482","potions_obtained":[{"floor":6,"key":"Block Potion"},{"floor":7,"key":"Regen Potion"},{"floor":14,"key":"Weak Potion"}],"is_trial":false,"path_per_floor":["M","$","?","$","?","E","M","E","T","M","R","?","R","M","R","B",null,"M","$","?","$","M","R","E"],"character_chosen":"IRONCLAD","items_purchased":["Uppercut","Mayhem"],"campfire_rested":0,"item_purchase_floors":[2,19],"current_hp_per_floor":[74,74,63,63,63,69,75,66,66,69,69,69,69,58,58,31,64,43,43,43,43,44,44,0],"gold":54,"neow_bonus":"THREE_ENEMY_KILL","is_prod":false,"is_daily":false,"chose_seed":false,"campfire_upgraded":4,"win_rate":0,"timestamp":1553507884,"path_taken":["M","?","?","$","?","E","M","E","T","?","R","?","R","M","R","BOSS","M","$","?","?","M","R","E"],"build_version":"2019-01-23","purchased_purges":1,"victory":false,"max_hp_per_floor":[75,75,75,75,75,75,75,75,75,75,75,75,75,75,75,75,75,75,75,75,75,75,75,75],"card_choices":[{"not_picked":["Flex","Headbutt"],"picked":"Pommel Strike","floor":1},{"not_picked":["Hemokinesis","Wild Strike"],"picked":"Rampage","floor":6},{"not_picked":["Shrug It Off","Pummel"],"picked":"Bludgeon","floor":7},{"not_picked":["Hemokinesis","Brutality"],"picked":"Metallicize","floor":8},{"not_picked":["Heavy Blade","Clash"],"picked":"True Grit","floor":10},{"not_picked":["Pommel Strike","Clash"],"picked":"Rupture","floor":14},{"not_picked":["Immolate","Impervious"],"picked":"Offering","floor":16},{"not_picked":["Armaments","Twin Strike"],"picked":"Shrug It Off","floor":18},{"not_picked":["Flex+1","Body Slam","Clothesline"],"picked":"SKIP","floor":22}],"player_experience":1015420,"relics_obtained":[{"floor":6,"key":"Tiny Chest"},{"floor":8,"key":"Vajra"},{"floor":9,"key":"Meat on the Bone"}],"event_choices":[{"damage_healed":0,"gold_gain":0,"player_choice":"Success","damage_taken":11,"relics_obtained":["Mummified Hand"],"max_hp_gain":0,"max_hp_loss":0,"event_name":"Scrap Ooze","floor":3,"gold_loss":0},{"cards_removed":["Strike_R"],"damage_healed":0,"gold_gain":0,"player_choice":"Offered Basic","damage_taken":0,"max_hp_gain":0,"max_hp_loss":0,"event_name":"Bonfire Elementals","floor":5,"gold_loss":0},{"damage_healed":0,"gold_gain":0,"player_choice":"Searched \u00271\u0027 times","damage_taken":0,"relics_obtained":["Dream Catcher"],"max_hp_gain":0,"max_hp_loss":0,"event_name":"Dead Adventurer","floor":12,"gold_loss":0},{"damage_healed":0,"gold_gain":0,"player_choice":"Searched \u00271\u0027 times","damage_taken":0,"relics_obtained":["Dream Catcher"],"max_hp_gain":0,"max_hp_loss":0,"event_name":"Dead Adventurer","floor":12,"gold_loss":0},{"damage_healed":0,"gold_gain":50,"player_choice":"Pray","damage_taken":0,"max_hp_gain":0,"max_hp_loss":0,"event_name":"Golden Shrine","floor":20,"gold_loss":0}],"is_beta":false,"boss_relics":[{"not_picked":["Velvet Choker","Cursed Key"],"picked":"Empty Cage"}],"items_purged_floors":[21],"is_endless":false,"potions_floor_spawned":[6,7,14],"killed_by":"Book of Stabbing","ascension_level":20}