{"gold_per_floor":[116,132,132,147,172,196,196,211,211,136,136,166,166,166,166,295,295,235,160,4,104,117,137,137,150,150,166,185,10,28,28,28,159,159,182,35,35,50,0,0,0,0,0,0,0,20,39,39],"floor_reached":48,"playtime":2422,"items_purged":["Strike_B","Defend_B"],"score":723,"play_id":"21474864-5c4a-4759-84ef-6d52bce86f01","local_time":"20180825201948","is_ascension_mode":true,"campfire_choices":[{"floor":7.0,"key":"REST"},{"data":"Dualcast","floor":13.0,"key":"SMITH"},{"data":"Static Discharge","floor":15.0,"key":"SMITH"},{"floor":24.0,"key":"REST"},{"floor":32.0,"key":"REST"},{"floor":40.0,"key":"REST"},{"floor":44,"key":"REST"}],"neow_cost":"","seed_source_timestamp":623703372714373,"circlet_count":0,"master_deck":["Defend_B","Defend_B","Zap","Dualcast+1","AscendersBane","Static Discharge+1","Melter+1","Auto Shields","Streamline","Conserve Battery","Ball Lightning+1","Multi-Cast+1","FTL+1","Glacier+1","Thunder Strike","Capacitor","BootSequence","White Noise","Electrodynamics","Seek","Madness","Madness"],"special_seed":0,"relics":["Cracked Core","Golden Idol","Dodecahedron","Astrolabe","Whetstone","Velvet Choker","Regal Pillow","Red Mask","Unceasing Top"],"potions_floor_usage":[41,48,48],"damage_taken":[{"damage":4.0,"enemies":"Jaw Worm","floor":1.0,"turns":4.0},{"damage":0.0,"enemies":"Small Slimes","floor":2.0,"turns":3.0},{"damage":1.0,"enemies":"Cultist","floor":4.0,"turns":4.0},{"damage":20.0,"enemies":"Exordium Thugs","floor":5.0,"turns":5.0},{"damage":0.0,"enemies":"2 Fungi Beasts","floor":6.0,"turns":3.0},{"damage":1.0,"enemies":"Looter","floor":8.0,"turns":3.0},{"damage":29.0,"enemies":"The Guardian","floor":16.0,"turns":8.0},{"damage":18.0,"enemies":"2 Thieves","floor":18.0,"turns":4.0},{"damage":1.0,"enemies":"Shell Parasite","floor":22.0,"turns":4.0},{"damage":27.0,"enemies":"Shelled Parasite and Fungi","floor":23.0,"turns":5.0},{"damage":15.0,"enemies":"Snecko","floor":25.0,"turns":7.0},{"damage":6.0,"enemies":"Sentry and Sphere","floor":27.0,"turns":4.0},{"damage":10.0,"enemies":"Centurion and Healer","floor":28.0,"turns":7.0},{"damage":10.0,"enemies":"Cultist and Chosen","floor":30.0,"turns":6.0},{"damage":37.0,"enemies":"Champ","floor":33.0,"turns":12.0},{"damage":31.0,"enemies":"3 Darklings","floor":35.0,"turns":3.0},{"damage":8.0,"enemies":"Flame Bruiser 1 Orb","floor":38.0,"turns":4.0},{"damage":0,"enemies":"Nemesis","floor":41,"turns":1},{"damage":36,"enemies":"Transient","floor":46,"turns":5},{"damage":31,"enemies":"Spire Growth","floor":47,"turns":5},{"damage":19,"enemies":"Flame Bruiser 2 Orb","floor":48,"turns":2}],"seed_played":"-262642738049931243","potions_obtained":[{"floor":1.0,"key":"PowerPotion"},{"floor":5.0,"key":"SneckoOil"},{"floor":6.0,"key":"Explosive Potion"},{"floor":16.0,"key":"GamblersBrew"},{"floor":22.0,"key":"Regen Potion"},{"floor":23.0,"key":"Block Potion"},{"floor":25.0,"key":"Explosive Potion"},{"floor":28.0,"key":"GamblersBrew"},{"floor":33.0,"key":"Explosive Potion"},{"floor":38.0,"key":"SmokeBomb"},{"floor":47,"key":"Explosive Potion"}],"is_trial":false,"path_per_floor":["M","M","?","M","M","M","R","M","T","$","?","?","R","?","R","B",null,"M","?","$","?","M","M","R","M","T","M","M","$","M","$","R","B",null,"M","$","?","M","?","R","E","?","T","R","$","M","M"],"character_chosen":"DEFECT","items_purchased":["Thunder Strike","Regen Potion","Regal Pillow"],"campfire_rested":5,"item_purchase_floors":[20,29,36],"current_hp_per_floor":[64,64,46,45,25,25,47,46,46,46,46,46,46,46,46,17,61,43,43,43,43,42,30,52,37,37,31,21,21,26,26,48,11,59,28,28,19,11,11,48,48,48,48,75,75,39,8,0],"gold":39,"neow_bonus":"","is_prod":false,"is_daily":false,"chose_seed":false,"campfire_upgraded":2,"win_rate":0,"timestamp":1535195988,"path_taken":["M","M","?","M","M","M","R","?","T","$","?","?","R","?","R","BOSS","M","?","$","?","M","M","R","?","T","M","?","$","M","$","R","BOSS","M","$","?","M","?","R","E","?","T","R","?","M","M","?"],"build_version":"2018-08-23v2","purchased_purges":2,"victory":false,"max_hp_per_floor":[75,75,75,75,75,75,75,75,75,75,75,75,75,75,75,75,75,75,75,75,75,75,75,75,75,75,75,75,75,75,75,75,75,75,75,75,75,75,75,75,75,75,75,75,75,75,75,75],"card_choices":[{"not_picked":["Doom and Gloom","Gash"],"picked":"Static Discharge","floor":1.0},{"not_picked":["Defragment","Aggregate"],"picked":"Melter","floor":2.0},{"not_picked":["Gash","Tempest"],"picked":"Auto Shields","floor":4.0},{"not_picked":["Lockon","Melter"],"picked":"Streamline","floor":5.0},{"not_picked":["Go for the Eyes","Rebound"],"picked":"Conserve Battery","floor":6.0},{"not_picked":["Leap","Turbo"],"picked":"Ball Lightning","floor":8.0},{"not_picked":["Core Surge","Meteor Strike"],"picked":"Amplify","floor":16.0},{"not_picked":["Stack","Glacier"],"picked":"Ball Lightning","floor":18.0},{"not_picked":["Leap","Hologram"],"picked":"Capacitor","floor":22.0},{"not_picked":["Beam Cell","Doom and Gloom"],"picked":"BootSequence","floor":23.0},{"not_picked":["Rebound+1","Undo"],"picked":"White Noise","floor":25.0},{"not_picked":["Double Energy","Aggregate","Hello World"],"picked":"SKIP","floor":27.0},{"not_picked":["Redo","Compile Driver"],"picked":"Electrodynamics","floor":28.0},{"not_picked":["Steam","Stack","Scrape"],"picked":"SKIP","floor":30.0},{"not_picked":["Buffer","All For One"],"picked":"Seek","floor":33.0},{"not_picked":["Stack","Hologram","Redo+1"],"picked":"SKIP","floor":35.0},{"not_picked":["Hologram","Reprogram","Storm"],"picked":"SKIP","floor":38.0},{"not_picked":["Recycle","Go for the Eyes","Beam Cell"],"picked":"SKIP","floor":46},{"not_picked":["Fusion","Rebound","Static Discharge"],"picked":"SKIP","floor":47}],"player_experience":246019,"relics_obtained":[{"floor":9.0,"key":"Dodecahedron"},{"floor":26.0,"key":"Whetstone"},{"floor":43,"key":"Unceasing Top"}],"event_choices":[{"event_name":"Golden Idol","player_choice":"Take Damage","floor":3.0,"damage_taken":0.0},{"event_name":"Liars Game","player_choice":"disagreed","floor":11.0,"damage_taken":0.0},{"event_name":"Dead Adventurer","player_choice":"Searched \u00272\u0027 times","floor":12.0,"damage_taken":0.0},{"event_name":"Living Wall","player_choice":"Forget","floor":14.0,"damage_taken":0.0},{"event_name":"Beggar","player_choice":"Gave Gold","floor":19.0,"damage_taken":0.0},{"event_name":"Golden Shrine","player_choice":"Pray","floor":21.0,"damage_taken":0.0},{"event_name":"Winding Halls","player_choice":"Embrace Madness","floor":37.0,"damage_taken":0.0},{"event_name":"Tomb of Lord Red Mask","player_choice":"Paid","floor":39.0,"damage_taken":0.0},{"event_name":"Falling","player_choice":"Removed Attack","floor":42,"damage_taken":0}],"is_beta":false,"boss_relics":[{"not_picked":["Sozu","Runic Dome"],"picked":"Astrolabe"},{"not_picked":["Nuclear Battery","Eternal Feather"],"picked":"Velvet Choker"}],"items_purged_floors":[10,29],"is_endless":false,"potions_floor_spawned":[1,5,6,16,22,23,25,28,33,38,47],"killed_by":"Flame Bruiser 2 Orb","ascension_level":12}