{"gold_per_floor":[17,17,17,17,33,33,49,49,49,85,85,85,10,29,29,123,123,137,160,160,177,188,188,223,235,320,332,4,4,21,53,53,53],"floor_reached":33,"playtime":1362,"items_purged":[],"score":566,"play_id":"3d4b1d30-27a7-42cf-bfbb-1e39fdcaa510","local_time":"20190409153109","is_ascension_mode":true,"campfire_choices":[{"data":"Bash","floor":6,"key":"SMITH"},{"data":"Rage","floor":12,"key":"SMITH"},{"floor":15,"key":"REST"},{"floor":23,"key":"REST"},{"data":"Double Tap","floor":25,"key":"SMITH"},{"data":"Disarm","floor":27,"key":"SMITH"},{"data":"Thunderclap","floor":32,"key":"SMITH"}],"neow_cost":"NO_GOLD","seed_source_timestamp":116731560447300,"circlet_count":0,"master_deck":["AscendersBane","Strike_R+1","Strike_R","Strike_R","Defend_R","Defend_R","Defend_R","Defend_R+1","Bash+1","Thunderclap","Thunderclap+1","Rage+1","Ghostly Armor","Pommel Strike","Double Tap+1","Disarm+1","Corruption+1","Shrug It Off","Reaper","Feel No Pain"],"relics":["Burning Blood","Torii","Bloody Idol","FossilizedHelix","Ginger","Runic Pyramid","MawBank","Bottled Flame","Thread and Needle","Singing Bowl"],"potions_floor_usage":[16,24,31,33,33],"damage_taken":[{"damage":2,"enemies":"Small Slimes","floor":1,"turns":5},{"damage":15,"enemies":"2 Louse","floor":5,"turns":3},{"damage":7,"enemies":"Cultist","floor":7,"turns":4},{"damage":11,"enemies":"Lagavulin","floor":10,"turns":6},{"damage":7,"enemies":"3 Louse","floor":14,"turns":4},{"damage":43,"enemies":"The Guardian","floor":16,"turns":17},{"damage":3,"enemies":"Shell Parasite","floor":18,"turns":8},{"damage":11,"enemies":"2 Thieves","floor":19,"turns":4},{"damage":32,"enemies":"3 Cultists","floor":21,"turns":6},{"damage":13,"enemies":"Snake Plant","floor":22,"turns":5},{"damage":40,"enemies":"Slavers","floor":24,"turns":6},{"damage":15,"enemies":"Sentry and Sphere","floor":30,"turns":8},{"damage":14,"enemies":"Gremlin Leader","floor":31,"turns":8},{"damage":87,"enemies":"Collector","floor":33,"turns":12}],"seed_played":"5307205024946600758","potions_obtained":[{"floor":5,"key":"Swift Potion"},{"floor":10,"key":"Regen Potion"},{"floor":19,"key":"LiquidBronze"},{"floor":21,"key":"EssenceOfSteel"},{"floor":29,"key":"Dexterity Potion"},{"floor":29,"key":"Regen Potion"},{"floor":30,"key":"SteroidPotion"},{"floor":31,"key":"Regen Potion"}],"is_trial":false,"path_per_floor":["M","$","?","?","M","R","M","?","T","E","?","R","?","M","R","B",null,"M","M","?","M","M","R","E","R","T","R","$","?","M","E","R","B"],"character_chosen":"IRONCLAD","items_purchased":["Thread and Needle"],"campfire_rested":2,"item_purchase_floors":[28],"current_hp_per_floor":[72,72,68,68,59,59,58,38,38,33,33,33,33,32,52,30,59,62,57,57,36,34,54,25,30,40,45,50,50,46,65,65,0],"gold":53,"neow_bonus":"ONE_RARE_RELIC","is_prod":false,"is_daily":false,"chose_seed":false,"campfire_upgraded":5,"win_rate":0,"timestamp":1554813069,"path_taken":["M","$","?","?","?","R","M","?","T","E","?","R","?","M","R","BOSS","M","M","?","M","M","R","E","R","T","R","$","?","?","E","R","BOSS"],"build_version":"2019-01-23","purchased_purges":0,"victory":false,"max_hp_per_floor":[75,75,68,68,68,68,68,68,68,68,68,68,68,68,68,68,68,68,68,68,68,68,68,68,68,68,68,68,68,68,68,68,68],"card_choices":[{"not_picked":["Wild Strike","Armaments"],"picked":"Thunderclap","floor":1},{"not_picked":["Warcry","True Grit"],"picked":"Rage","floor":5},{"not_picked":["Wild Strike","Metallicize"],"picked":"Perfected Strike","floor":7},{"not_picked":["Shockwave","Berserk"],"picked":"Ghostly Armor","floor":10},{"not_picked":["Sword Boomerang","Flex"],"picked":"Pommel Strike","floor":14},{"not_picked":["Brutality","Exhume"],"picked":"Double Tap","floor":16},{"not_picked":["Warcry","Wild Strike"],"picked":"Disarm","floor":18},{"not_picked":["Heavy Blade","Dual Wield","Havoc"],"picked":"SKIP","floor":19},{"not_picked":["Anger","Thunderclap"],"picked":"Corruption+1","floor":21},{"not_picked":["Flex","Clash"],"picked":"Shrug It Off","floor":22},{"not_picked":["Clothesline","Havoc"],"picked":"Reaper","floor":24},{"not_picked":["Pommel Strike","Burning Pact+1","Sever Soul"],"picked":"SKIP","floor":30},{"not_picked":["Sword Boomerang","Shrug It Off+1"],"picked":"Feel No Pain","floor":31}],"player_experience":1138056,"relics_obtained":[{"floor":9,"key":"FossilizedHelix"},{"floor":10,"key":"Ginger"},{"floor":24,"key":"MawBank"},{"floor":26,"key":"Bottled Flame"},{"floor":31,"key":"Singing Bowl"}],"event_choices":[{"damage_healed":0,"gold_gain":0,"player_choice":"Lose Max HP","damage_taken":0,"relics_obtained":["Golden Idol"],"max_hp_gain":0,"max_hp_loss":7,"event_name":"Golden Idol","floor":3,"gold_loss":0},{"damage_healed":0,"gold_gain":0,"cards_transformed":["Strike_R"],"player_choice":"Transformed","damage_taken":0,"max_hp_gain":0,"max_hp_loss":0,"event_name":"Transmorgrifier","floor":4,"gold_loss":0,"cards_obtained":["Thunderclap"]},{"damage_healed":0,"gold_gain":0,"player_choice":"Entered Light","damage_taken":20,"max_hp_gain":0,"max_hp_loss":0,"event_name":"Shining Light","floor":8,"gold_loss":0,"cards_upgraded":["Strike_R","Defend_R"]},{"cards_removed":["Perfected Strike"],"damage_healed":0,"gold_gain":0,"player_choice":"Forget","damage_taken":0,"max_hp_gain":0,"max_hp_loss":0,"event_name":"Living Wall","floor":11,"gold_loss":0},{"cards_removed":["Strike_R"],"damage_healed":0,"gold_gain":0,"player_choice":"Card Removal","damage_taken":0,"max_hp_gain":0,"max_hp_loss":0,"event_name":"The Cleric","floor":13,"gold_loss":75},{"damage_healed":0,"gold_gain":0,"player_choice":"Gave Idol","damage_taken":0,"relics_obtained":["Bloody Idol"],"max_hp_gain":0,"max_hp_loss":0,"event_name":"Forgotten Altar","floor":20,"relics_lost":["Golden Idol"],"gold_loss":0},{"damage_healed":0,"gold_gain":0,"player_choice":"Got Potions","damage_taken":0,"max_hp_gain":0,"max_hp_loss":0,"event_name":"Lab","floor":29,"gold_loss":0}],"is_beta":false,"boss_relics":[{"not_picked":["Lizard Tail","Coffee Dripper"],"picked":"Runic Pyramid"}],"items_purged_floors":[],"is_endless":false,"potions_floor_spawned":[5,10,19,21,30,31],"killed_by":"Collector","ascension_level":20}