{"gold_per_floor":[117,42,57,15,26,26,51,51,51,51,85,85,25,51,51,127,127,137,137,155,605,618,618,628,628,628,646,656,81,81,116,116,189,189,203,203,1202,1202,375,402,402,402,402,402,402,282,282,282,282,282],"floor_reached":51,"playtime":2757,"items_purged":["Strike_B","Auto Shields","Normality","Normality"],"score":1287,"play_id":"40af486e-20d3-400a-9126-d6faa3adc6e8","local_time":"20190405120550","is_ascension_mode":true,"campfire_choices":[{"data":"Sunder","floor":6,"key":"SMITH"},{"floor":10,"key":"REST"},{"data":"Zap","floor":15,"key":"SMITH"},{"floor":23,"key":"REST"},{"floor":30,"key":"REST"},{"floor":32,"key":"REST"},{"floor":41,"key":"REST"},{"data":"Thunder Strike","floor":45,"key":"SMITH"},{"data":"Panacea","floor":47,"key":"SMITH"},{"data":"Reinforced Body","floor":49,"key":"SMITH"}],"neow_cost":"NONE","seed_source_timestamp":1558573854322200,"circlet_count":0,"master_deck":["AscendersBane","Zap+1","Sunder+1","Reinforced Body+1","Capacitor","Electrodynamics","Hologram","Static Discharge","Ball Lightning","Echo Form","Auto Shields+1","Genetic Algorithm","Undo","Conserve Battery","Ball Lightning","Finesse","Loop","Biased Cognition","Rebound","Thunder Strike+1","Chill","Chaos","Undo+1","Panacea+1"],"relics":["Velvet Choker","The Courier","Strawberry","Happy Flower","Pear","Oddly Smooth Stone","Cursed Key","Regal Pillow","Bird Faced Urn","Orichalcum","Pandora\u0027s Box","WingedGreaves","Juzu Bracelet","Blood Vial","Mango"],"potions_floor_usage":[7,7,24,31,50],"damage_taken":[{"damage":2,"enemies":"Jaw Worm","floor":1,"turns":4},{"damage":3,"enemies":"2 Louse","floor":3,"turns":4},{"damage":0,"enemies":"Cultist","floor":5,"turns":3},{"damage":15,"enemies":"Gremlin Nob","floor":7,"turns":4},{"damage":5,"enemies":"3 Sentries","floor":11,"turns":4},{"damage":17,"enemies":"Lagavulin","floor":14,"turns":5},{"damage":20,"enemies":"Hexaghost","floor":16,"turns":10},{"damage":0,"enemies":"3 Byrds","floor":18,"turns":2},{"damage":16,"enemies":"2 Thieves","floor":20,"turns":3},{"damage":2,"enemies":"Chosen and Byrds","floor":22,"turns":4},{"damage":3,"enemies":"Cultist and Chosen","floor":24,"turns":6},{"damage":7,"enemies":"Centurion and Healer","floor":27,"turns":7},{"damage":1,"enemies":"Snake Plant","floor":28,"turns":6},{"damage":21,"enemies":"Book of Stabbing","floor":31,"turns":7},{"damage":3,"enemies":"Automaton","floor":33,"turns":8},{"damage":19,"enemies":"3 Darklings","floor":35,"turns":4},{"damage":54,"enemies":"Giant Head","floor":40,"turns":9},{"damage":69,"enemies":"Time Eater","floor":50,"turns":10}],"seed_played":"9036464017536707321","potions_obtained":[{"floor":1,"key":"Strength Potion"},{"floor":3,"key":"Weak Potion"},{"floor":18,"key":"Swift Potion"},{"floor":22,"key":"EssenceOfSteel"},{"floor":24,"key":"Energy Potion"}],"is_trial":false,"path_per_floor":["M","?","M","$","M","R","E","?","T","R","E","?","$","E","R","B",null,"M","?","M","?","M","R","M","?","T","M","M","$","R","E","R","B",null,"M","?","?","T","$","E","R","?","T","?","R","$","R","?","R","B",null],"character_chosen":"DEFECT","items_purchased":["Reinforced Body","Finesse","Regal Pillow","Bird Faced Urn","Loop","WingedGreaves","Juzu Bracelet","Blood Vial","Mango"],"campfire_rested":5,"item_purchase_floors":[4,29,29,29,29,39,39,39,39],"current_hp_per_floor":[62,62,59,59,59,59,44,33,33,56,61,61,61,44,44,24,72,72,72,56,8,6,32,29,29,29,22,21,21,62,49,88,87,88,77,77,77,77,91,48,93,83,83,83,83,83,83,83,83,30],"gold":282,"neow_bonus":"BOSS_RELIC","is_prod":false,"is_daily":false,"chose_seed":false,"campfire_upgraded":5,"win_rate":0,"timestamp":1554455150,"path_taken":["M","?","M","$","M","R","E","?","T","R","E","?","$","E","R","BOSS","M","?","M","?","?","R","M","?","T","?","M","$","R","E","R","BOSS","M","?","?","?","$","E","R","?","T","?","R","$","R","?","R","BOSS"],"build_version":"2019-01-23","purchased_purges":4,"victory":true,"max_hp_per_floor":[71,71,71,71,71,71,71,78,78,78,88,88,88,88,88,88,88,88,88,88,88,88,88,88,88,88,88,88,88,88,88,88,88,88,88,88,88,88,102,102,102,102,102,102,102,102,102,97,97,97],"card_choices":[{"not_picked":["Stack","Chaos"],"picked":"Auto Shields","floor":1},{"not_picked":["Turbo","Leap"],"picked":"Sunder","floor":3},{"not_picked":["Beam Cell","FTL"],"picked":"Capacitor","floor":5},{"not_picked":["Redo","Fusion"],"picked":"Electrodynamics","floor":7},{"not_picked":["Redo","Skim"],"picked":"Hologram","floor":11},{"not_picked":["Aggregate","Streamline"],"picked":"Ball Lightning","floor":14},{"not_picked":["Electrodynamics","Meteor Strike"],"picked":"Echo Form","floor":16},{"not_picked":["Steam Power","Conserve Battery"],"picked":"Auto Shields+1","floor":18},{"not_picked":["Reprogram","Stack"],"picked":"Genetic Algorithm","floor":20},{"not_picked":["Hologram+1","Capacitor"],"picked":"Undo","floor":22},{"not_picked":["Auto Shields+1","Cold Snap","Scrape"],"picked":"SKIP","floor":24},{"not_picked":["Cold Snap","Coolheaded"],"picked":"Conserve Battery","floor":27},{"not_picked":["Streamline","Gash"],"picked":"Ball Lightning","floor":28},{"not_picked":["Glacier","Cold Snap","Redo"],"picked":"SKIP","floor":31},{"not_picked":["Machine Learning","Reboot"],"picked":"Biased Cognition","floor":33},{"not_picked":["Redo","Sunder","Leap"],"picked":"SKIP","floor":35},{"not_picked":["Hologram","Auto Shields"],"picked":"Undo+1","floor":40},{"not_picked":["Deep Breath","Finesse"],"picked":"Panacea","floor":42}],"player_experience":1119901,"relics_obtained":[{"floor":7,"key":"The Courier"},{"floor":9,"key":"Happy Flower"},{"floor":11,"key":"Pear"},{"floor":14,"key":"Oddly Smooth Stone"},{"floor":31,"key":"Orichalcum"}],"event_choices":[{"cards_removed":["Strike_B"],"damage_healed":0,"gold_gain":0,"player_choice":"Card Removal","damage_taken":0,"max_hp_gain":0,"max_hp_loss":0,"event_name":"The Cleric","floor":2,"gold_loss":75},{"damage_healed":0,"gold_gain":0,"player_choice":"Success","damage_taken":18,"relics_obtained":["Strawberry"],"max_hp_gain":0,"max_hp_loss":0,"event_name":"Scrap Ooze","floor":8,"gold_loss":0},{"damage_healed":0,"gold_gain":0,"cards_transformed":["Strike_B"],"player_choice":"Change","damage_taken":0,"max_hp_gain":0,"max_hp_loss":0,"event_name":"Living Wall","floor":12,"gold_loss":0,"cards_obtained":["Static Discharge"]},{"cards_removed":["Strike_B"],"damage_healed":0,"gold_gain":0,"player_choice":"Elegance","damage_taken":0,"max_hp_gain":0,"max_hp_loss":0,"event_name":"Back to Basics","floor":19,"gold_loss":0},{"damage_healed":0,"gold_gain":450,"player_choice":"GOLD GOLD GOLD GOLD GOLD ","damage_taken":48,"max_hp_gain":0,"max_hp_loss":0,"event_name":"Knowing Skull","floor":21,"potions_obtained":[],"gold_loss":0,"cards_obtained":[]},{"damage_healed":0,"gold_gain":0,"player_choice":"Ignored","damage_taken":0,"max_hp_gain":0,"max_hp_loss":0,"event_name":"N\u0027loth","floor":25,"gold_loss":0},{"damage_healed":0,"gold_gain":0,"player_choice":"Ignored","damage_taken":0,"max_hp_gain":0,"max_hp_loss":0,"event_name":"Tomb of Lord Red Mask","floor":36,"gold_loss":0},{"damage_healed":0,"gold_gain":999,"player_choice":"Gold","damage_taken":0,"max_hp_gain":0,"max_hp_loss":0,"event_name":"MindBloom","floor":37,"gold_loss":0,"cards_obtained":["Normality","Normality"]},{"damage_healed":0,"gold_gain":0,"player_choice":"Memory 3","damage_taken":10,"max_hp_gain":0,"max_hp_loss":0,"event_name":"SensoryStone","floor":42,"gold_loss":0},{"cards_removed":["Dualcast"],"damage_healed":0,"gold_gain":0,"player_choice":"Removed Skill","damage_taken":0,"max_hp_gain":0,"max_hp_loss":0,"event_name":"Falling","floor":44,"gold_loss":0},{"damage_healed":0,"gold_gain":0,"player_choice":"Max HP","damage_taken":0,"max_hp_gain":0,"max_hp_loss":5,"event_name":"Winding Halls","floor":48,"gold_loss":0}],"is_beta":false,"boss_relics":[{"not_picked":["Fusion Hammer","Lizard Tail"],"picked":"Cursed Key"},{"not_picked":["Snecko Eye","Sozu"],"picked":"Pandora\u0027s Box"}],"items_purged_floors":[13,29,39,46],"is_endless":false,"potions_floor_spawned":[1,3,18,22,24,28],"ascension_level":17}