{"gold_per_floor":[112,122,136,154,168,168,193,193,220,220,71,102,115,129,129,129],"floor_reached":16,"playtime":657,"items_purged":["Strike_B"],"score":228,"play_id":"3dc07adf-0d78-4b03-bd09-bf83275262ff","local_time":"20191002202259","is_ascension_mode":true,"campfire_choices":[{"data":"Sunder","floor":6,"key":"SMITH"},{"floor":8,"key":"REST"},{"data":"Zap","floor":10,"key":"SMITH"},{"floor":15,"key":"REST"}],"neow_cost":"NONE","seed_source_timestamp":875162795183800,"circlet_count":0,"master_deck":["AscendersBane","Strike_B","Strike_B","Strike_B","Defend_B","Defend_B","Defend_B","Defend_B","Zap+1","Dualcast","Purity","Sweeping Beam","Go for the Eyes","Sunder+1","Leap","Biased Cognition","Echo Form","Doom and Gloom","FTL"],"relics":["Cracked Core","Du-Vu Doll","Blood Vial","Oddly Smooth Stone"],"potions_floor_usage":[7,12,16,16],"damage_taken":[{"damage":1,"enemies":"Cultist","floor":1,"turns":3},{"damage":2,"enemies":"Jaw Worm","floor":2,"turns":3},{"damage":7,"enemies":"2 Louse","floor":3,"turns":3},{"damage":12,"enemies":"Lots of Slimes","floor":4,"turns":3},{"damage":10,"enemies":"Exordium Thugs","floor":5,"turns":4},{"damage":17,"enemies":"3 Sentries","floor":7,"turns":6},{"damage":24,"enemies":"Gremlin Nob","floor":12,"turns":4},{"damage":7,"enemies":"Exordium Wildlife","floor":13,"turns":3},{"damage":7,"enemies":"3 Louse","floor":14,"turns":2},{"damage":34,"enemies":"Hexaghost","floor":16,"turns":7}],"seed_played":"8290466364483091467","potions_obtained":[{"floor":2,"key":"FearPotion"},{"floor":5,"key":"Explosive Potion"},{"floor":7,"key":"Energy Potion"},{"floor":12,"key":"Poison Potion"}],"is_trial":false,"path_per_floor":["M","M","M","M","M","R","E","R","T","R","$","E","M","M","R","B"],"character_chosen":"DEFECT","items_purchased":["Echo Form"],"campfire_rested":2,"item_purchase_floors":[11],"current_hp_per_floor":[63,61,54,42,32,32,15,36,36,36,36,14,9,4,25,0],"gold":129,"neow_bonus":"RANDOM_COLORLESS","is_prod":false,"is_daily":false,"chose_seed":false,"campfire_upgraded":2,"win_rate":0,"timestamp":1570015379,"path_taken":["M","M","M","M","M","R","E","R","T","R","?","E","M","?","R","BOSS"],"build_version":"2019-07-17","purchased_purges":1,"victory":false,"max_hp_per_floor":[71,71,71,71,71,71,71,71,71,71,71,71,71,71,71,71],"card_choices":[{"not_picked":["Turbo","Conserve Battery"],"picked":"Sweeping Beam","floor":1},{"not_picked":["Force Field","Rebound"],"picked":"Go for the Eyes","floor":2},{"not_picked":["Undo","Steam Power","Amplify"],"picked":"SKIP","floor":3},{"not_picked":["Ball Lightning","Redo"],"picked":"Sunder","floor":4},{"not_picked":["Blizzard","Streamline"],"picked":"Leap","floor":5},{"not_picked":["Hyperbeam","Aggregate"],"picked":"Biased Cognition","floor":7},{"not_picked":["Skim","Barrage"],"picked":"Doom and Gloom","floor":12},{"not_picked":["Cold Snap","Melter"],"picked":"FTL","floor":13},{"not_picked":["Hologram","Cold Snap","Redo"],"picked":"SKIP","floor":14}],"player_experience":570425,"relics_obtained":[{"floor":7,"key":"Du-Vu Doll"},{"floor":9,"key":"Blood Vial"},{"floor":12,"key":"Oddly Smooth Stone"}],"event_choices":[],"is_beta":false,"boss_relics":[],"items_purged_floors":[11],"is_endless":false,"potions_floor_spawned":[2,5,7,12],"killed_by":"Hexaghost","ascension_level":20}