{"gold_per_floor":[99,99,99,99,99,99,99,99,99,59,59,59,59,59,59,59,59,0,0,0,0,0,0,0,0,0,0,0,0,0,0,0,0],"floor_reached":33,"playtime":1684,"items_purged":[],"score":608,"play_id":"5cb5b742-33a3-4568-a262-ef3f2451c256","local_time":"20190429150628","is_ascension_mode":true,"campfire_choices":[{"data":"Deadly Poison","floor":6,"key":"SMITH"},{"data":"Deadly Poison","floor":8,"key":"SMITH"},{"data":"Leg Sweep","floor":12,"key":"SMITH"},{"data":"Acrobatics","floor":15,"key":"SMITH"},{"data":"infinitespire:Neurotoxin","floor":23,"key":"SMITH"},{"data":"Poisoned Stab","floor":25,"key":"SMITH"},{"data":"PiercingWail","floor":28,"key":"SMITH"},{"data":"Deadly Poison","floor":32,"key":"SMITH"}],"neow_cost":"NONE","seed_source_timestamp":546070504974900,"circlet_count":0,"master_deck":["AscendersBane","Defend_G","Defend_G","Defend_G","Defend_G","Defend_G","Strike_G","Strike_G","Strike_G","Strike_G","Survivor","Neutralize","Poisoned Stab+1","Deadly Poison+1","Deadly Poison+1","Leg Sweep+1","Acrobatics+1","infinitespire:Neurotoxin+1","PiercingWail+1","Deadly Poison+1","PiercingWail"],"relics":["Ectoplasm","hubris:SphereOfDissonance","hubris:PeanutButter","Busted Crown","hubris:BottledHeart","hubris:MobiusCoin","hubris:TinFlute"],"potions_floor_usage":[13,33],"damage_taken":[{"damage":0,"enemies":"2 Louse","floor":1,"turns":3},{"damage":8,"enemies":"Cultist","floor":2,"turns":4},{"damage":9,"enemies":"Jaw Worm","floor":3,"turns":4},{"damage":12,"enemies":"Lagavulin","floor":7,"turns":7},{"damage":0,"enemies":"Looter","floor":10,"turns":3},{"damage":0,"enemies":"Large Slime","floor":11,"turns":6},{"damage":0,"enemies":"Gremlin Nob","floor":13,"turns":3},{"damage":0,"enemies":"Red Slaver","floor":14,"turns":3},{"damage":3,"enemies":"The Guardian","floor":16,"turns":10},{"damage":3,"enemies":"2 Thieves","floor":18,"turns":5},{"damage":0,"enemies":"Spheric Guardian","floor":21,"turns":3},{"damage":0,"enemies":"Centurion and Healer","floor":24,"turns":7},{"damage":0,"enemies":"Shelled Parasite and Fungi","floor":27,"turns":6},{"damage":0,"enemies":"Book of Stabbing","floor":29,"turns":5},{"damage":0,"enemies":"Snake Plant","floor":30,"turns":3},{"damage":0,"enemies":"Cultist and Chosen","floor":31,"turns":6},{"damage":31,"enemies":"Collector","floor":33,"turns":7}],"seed_played":"-163570718955305063","potions_obtained":[{"floor":1,"key":"Weak Potion"},{"floor":2,"key":"SmokeBomb"},{"floor":16,"key":"SmokeBomb"},{"floor":18,"key":"GhostInAJar"}],"is_trial":false,"path_per_floor":["M","M","M","?","?","R","E","R","T","M","M","R","E","M","R","B",null,"M","?","?","M","?","R","M","R","T","M","R","E","M","M","R","B"],"character_chosen":"THE_SILENT","items_purchased":[],"campfire_rested":0,"item_purchase_floors":[],"current_hp_per_floor":[59,51,42,42,42,42,30,30,30,30,30,30,30,30,30,27,56,53,53,1,1,1,1,1,1,1,1,1,1,1,1,1,0],"gold":0,"neow_bonus":"BOSS_RELIC","is_prod":false,"is_daily":false,"chose_seed":false,"campfire_upgraded":8,"win_rate":0,"timestamp":1556539588,"path_taken":["M","M","M","?","?","R","E","R","T","M","M","R","E","M","R","BOSS","M","?","?","M","?","R","M","R","T","M","R","E","M","M","R","BOSS"],"build_version":"2019-01-23","purchased_purges":0,"victory":false,"max_hp_per_floor":[66,66,66,66,66,66,66,66,66,66,66,66,66,66,66,66,66,66,66,1,1,1,1,1,1,1,1,1,1,1,1,1,1],"card_choices":[{"not_picked":["Quick Slash","Dodge and Roll"],"picked":"Poisoned Stab","floor":1},{"not_picked":["Cloak And Dagger","Sucker Punch"],"picked":"Deadly Poison","floor":2},{"not_picked":["Reflex","Acrobatics"],"picked":"Deadly Poison","floor":3},{"not_picked":["Deflect","Deadly Poison"],"picked":"Leg Sweep","floor":7},{"not_picked":["Slice","Sucker Punch","Deflect"],"picked":"SKIP","floor":10},{"not_picked":["Expertise","Reflex"],"picked":"Acrobatics","floor":11},{"not_picked":["Sucker Punch","Storm of Steel","hubris:Sniper"],"picked":"SKIP","floor":14},{"not_picked":["Malaise","Night Terror"],"picked":"infinitespire:Neurotoxin","floor":16},{"not_picked":["Endless Agony"],"picked":"SKIP","floor":18},{"not_picked":[],"picked":"PiercingWail","floor":21},{"not_picked":["Cloak And Dagger"],"picked":"SKIP","floor":24},{"not_picked":["Eviscerate"],"picked":"SKIP","floor":27},{"not_picked":["Deflect"],"picked":"SKIP","floor":29},{"not_picked":[],"picked":"Deadly Poison","floor":30},{"not_picked":[],"picked":"PiercingWail","floor":31}],"player_experience":1251019,"relics_obtained":[{"floor":7,"key":"hubris:SphereOfDissonance"},{"floor":9,"key":"hubris:PeanutButter"},{"floor":26,"key":"hubris:MobiusCoin"},{"floor":29,"key":"hubris:TinFlute"}],"event_choices":[{"damage_healed":0,"gold_gain":0,"player_choice":"Fled","damage_taken":0,"max_hp_gain":0,"max_hp_loss":0,"event_name":"Scrap Ooze","floor":4,"gold_loss":0},{"cards_removed":["Strike_G"],"damage_healed":0,"gold_gain":0,"player_choice":"Purged","damage_taken":0,"max_hp_gain":0,"max_hp_loss":0,"event_name":"Purifier","floor":5,"gold_loss":0},{"damage_healed":0,"gold_gain":0,"player_choice":"Ignored","damage_taken":0,"max_hp_gain":0,"max_hp_loss":0,"event_name":"Ghosts","floor":22,"gold_loss":0}],"is_beta":false,"boss_relics":[{"not_picked":["hubris:CrackedHourglass","Calling Bell"],"picked":"Busted Crown"}],"items_purged_floors":[],"is_endless":false,"potions_floor_spawned":[1,2,13,16,18,24,27],"killed_by":"Collector","ascension_level":20}