{"gold_per_floor":[117,137,151,151,167,167,198,214,288,288,213,17,30,30,30,134,134,146,146,146],"floor_reached":20,"playtime":1302,"items_purged":["Strike_R"],"score":174,"play_id":"f221f83f-8be8-4717-ac0c-61e37d55ed31","local_time":"20181022203011","is_ascension_mode":false,"campfire_choices":[{"data":"Armaments","floor":6,"key":"SMITH"},{"floor":10,"key":"REST"},{"data":"True Grit","floor":15,"key":"SMITH"}],"neow_cost":"NONE","seed_source_timestamp":931456052726144,"circlet_count":0,"master_deck":["Strike_R","Strike_R","Defend_R","Defend_R","Defend_R","Bash","Dual Wield","Rampage","Armaments+1","Pommel Strike","Shrug It Off","True Grit+1","Limit Break","Wild Strike+1","Rupture+1","Second Wind+1"],"relics":["Burning Blood","Bag of Preparation","Pen Nib","Bottled Lightning","Membership Card","Astrolabe"],"potions_floor_usage":[5,20],"damage_taken":[{"damage":3,"enemies":"2 Louse","floor":1,"turns":3},{"damage":7,"enemies":"Cultist","floor":2,"turns":5},{"damage":5,"enemies":"Small Slimes","floor":3,"turns":3},{"damage":16,"enemies":"Blue Slaver","floor":5,"turns":6},{"damage":39,"enemies":"3 Sentries","floor":7,"turns":9},{"damage":0,"enemies":"3 Louse","floor":8,"turns":4},{"damage":1,"enemies":"Exordium Wildlife","floor":13,"turns":2},{"damage":58,"enemies":"Slime Boss","floor":16,"turns":16},{"damage":30,"enemies":"Shell Parasite","floor":18,"turns":8},{"damage":61,"enemies":"3 Byrds","floor":20,"turns":5}],"seed_played":"2880996421483991802","potions_obtained":[{"floor":3,"key":"SkillPotion"},{"floor":4,"key":"Fruit Juice"},{"floor":4,"key":"Strength Potion"},{"floor":7,"key":"SpeedPotion"}],"is_trial":false,"path_per_floor":["M","M","M","?","M","R","E","M","T","R","$","$","M","$","R","B",null,"M","?"],"character_chosen":"IRONCLAD","items_purchased":["Membership Card"],"campfire_rested":1,"item_purchase_floors":[12],"current_hp_per_floor":[80,79,80,80,75,75,42,48,48,73,73,73,78,78,78,26,85,61,61,0],"gold":146,"neow_bonus":"RANDOM_COMMON_RELIC","is_prod":false,"is_daily":false,"chose_seed":false,"campfire_upgraded":2,"win_rate":0,"timestamp":1540207811,"path_taken":["M","M","M","?","M","R","E","?","T","R","?","$","M","?","R","BOSS","M","?","M"],"build_version":"2018-10-18","purchased_purges":1,"victory":false,"max_hp_per_floor":[80,80,80,80,85,85,85,85,85,85,85,85,85,85,85,85,85,85,85,85],"card_choices":[{"not_picked":["True Grit","Uppercut"],"picked":"Dual Wield","floor":1},{"not_picked":["Dropkick","Ghostly Armor"],"picked":"Rampage","floor":2},{"not_picked":["Thunderclap","Wild Strike"],"picked":"Armaments","floor":3},{"not_picked":["Armaments","Perfected Strike"],"picked":"Pommel Strike","floor":5},{"not_picked":["Dual Wield","Reckless Charge"],"picked":"Shrug It Off","floor":7},{"not_picked":["Pummel","Power Through","Combust"],"picked":"SKIP","floor":8},{"not_picked":["Anger","Headbutt"],"picked":"True Grit","floor":13},{"not_picked":["Immolate","Impervious"],"picked":"Limit Break","floor":16},{"not_picked":["Thunderclap","Uppercut","Hemokinesis"],"picked":"SKIP","floor":18}],"player_experience":266425,"relics_obtained":[{"floor":7,"key":"Pen Nib"},{"floor":9,"key":"Bottled Lightning"}],"event_choices":[{"damage_healed":0,"gold_gain":0,"player_choice":"Got Potions","damage_taken":0,"max_hp_gain":0,"max_hp_loss":0,"event_name":"The Lab","floor":4,"gold_loss":0},{"damage_healed":0,"gold_gain":0,"player_choice":"Ignored","damage_taken":0,"max_hp_gain":0,"max_hp_loss":0,"event_name":"Ghosts","floor":19,"gold_loss":0}],"is_beta":false,"boss_relics":[{"not_picked":["Mark of Pain","Velvet Choker"],"picked":"Astrolabe"}],"items_purged_floors":[11],"is_endless":false,"potions_floor_spawned":[3,7,16,18],"killed_by":"3 Byrds","ascension_level":0}