{"gold_per_floor":[116,70,20,20,46,46,46,46,46,61,88,88,103,114,114,219,219,229,154,164,183,98,98,108,108,108,136,136,186,203,122,122,219,219,236,252,152,162,162,162,197,197,268,291,291,305,305,305,305,305],"floor_reached":51,"playtime":2612,"items_purged":["Strike_B","Strike_B"],"score":918,"play_id":"4ccab121-f10d-470b-b301-cf8d103878fe","local_time":"20180807210644","is_ascension_mode":true,"campfire_choices":[{"data":"Zap","floor":6,"key":"SMITH"},{"data":"Go for the Eyes","floor":8,"key":"SMITH"},{"data":"Reboot","floor":15,"key":"SMITH"},{"data":"Steam Power","floor":23,"key":"SMITH"},{"floor":25,"key":"REST"},{"floor":32,"key":"REST"},{"data":"Steam Power","floor":40,"key":"SMITH"},{"data":"Reboot","floor":42,"key":"SMITH"},{"floor":45,"key":"REST"},{"data":"Skim","floor":49,"key":"SMITH"}],"neow_cost":"NONE","seed_source_timestamp":210957299304679,"circlet_count":0,"master_deck":["Defend_B","Defend_B","Defend_B","Zap+1","Dualcast","Reboot+1","Go for the Eyes+1","Go for the Eyes","Gash","Streamline","Skim+1","Go for the Eyes","All For One","Steam Power+1","Steam Power+1","Gash","Conserve Battery+1","Scrape","Conserve Battery","Reboot+1","Steam+1","Madness","Madness","Hologram+1","Gash+1"],"relics":["Cracked Core","Dream Catcher","Symbiotic Virus","Cables","Lizard Tail","Pantograph","Question Card","Pear","Busted Crown","Kunai","Molten Egg 2","Juzu Bracelet"],"potions_floor_usage":[11,11,47,47],"damage_taken":[{"damage":0,"enemies":"Cultist","floor":1,"turns":3},{"damage":4,"enemies":"2 Louse","floor":10,"turns":2},{"damage":8,"enemies":"Gremlin Nob","floor":11,"turns":3},{"damage":5,"enemies":"Small Slimes","floor":13,"turns":2},{"damage":0,"enemies":"Red Slaver","floor":14,"turns":2},{"damage":22,"enemies":"Hexaghost","floor":16,"turns":6},{"damage":14,"enemies":"Shell Parasite","floor":18,"turns":4},{"damage":6,"enemies":"Spheric Guardian","floor":20,"turns":3},{"damage":6,"enemies":"3 Cultists","floor":21,"turns":4},{"damage":27,"enemies":"Slaver and Parasite","floor":24,"turns":3},{"damage":35,"enemies":"Book of Stabbing","floor":27,"turns":4},{"damage":3,"enemies":"Centurion and Healer","floor":30,"turns":4},{"damage":48,"enemies":"Champ","floor":33,"turns":8},{"damage":0,"enemies":"3 Shapes","floor":35,"turns":5},{"damage":1,"enemies":"Orb Walker","floor":36,"turns":3},{"damage":4,"enemies":"Spire Growth","floor":38,"turns":4},{"damage":5,"enemies":"2 Orb Walkers","floor":41,"turns":3},{"damage":7,"enemies":"3 Darklings","floor":46,"turns":2},{"damage":0,"enemies":"Sphere and 2 Shapes","floor":47,"turns":3},{"damage":73,"enemies":"Donu and Deca","floor":50,"turns":9}],"seed_played":"9136924572132145507","potions_obtained":[{"floor":1,"key":"PowerPotion"},{"floor":10,"key":"SpeedPotion"},{"floor":16,"key":"FairyPotion"},{"floor":27,"key":"GamblersBrew"},{"floor":30,"key":"SpeedPotion"},{"floor":33,"key":"SmokeBomb"},{"floor":35,"key":"Energy Potion"},{"floor":41,"key":"Block Potion"}],"is_trial":false,"path_per_floor":["M","$","?","?","T","R","$","R","T","M","E","?","M","M","R","B",null,"M","$","M","M","?","R","M","R","T","E","$","?","M","$","R","B",null,"M","M","$","M","?","R","E","R","T","T","R","M","M","?","R","B"],"character_chosen":"DEFECT","items_purchased":["Go for the Eyes","Scrape"],"campfire_rested":3,"item_purchase_floors":[2,31],"current_hp_per_floor":[68,68,68,68,68,68,68,68,68,64,63,63,58,58,58,36,65,51,51,45,39,39,39,12,34,34,17,17,17,14,14,39,16,68,68,67,67,63,52,52,47,47,47,47,72,65,65,65,65,12],"gold":305,"neow_bonus":"ONE_RANDOM_RARE_CARD","is_prod":false,"is_daily":false,"chose_seed":false,"campfire_upgraded":7,"win_rate":0,"timestamp":1533643604,"path_taken":["M","$","?","?","?","R","?","R","T","M","E","?","M","M","R","BOSS","M","$","M","M","?","R","M","R","T","E","$","?","M","$","R","BOSS","M","M","$","M","?","R","E","R","T","?","R","M","M","?","R","BOSS"],"build_version":"2018-08-02","purchased_purges":2,"victory":true,"max_hp_per_floor":[75,75,75,75,75,75,75,75,75,75,75,75,75,75,75,75,75,75,75,75,75,75,75,75,75,75,85,85,85,85,85,85,85,85,85,85,85,85,85,85,85,85,85,85,85,85,85,85,85,85],"card_choices":[{"not_picked":["Recycle","Sweeping Beam"],"picked":"Go for the Eyes","floor":1},{"not_picked":["Leap","Sweeping Beam"],"picked":"Gash","floor":10},{"not_picked":["Rip and Tear","Gash"],"picked":"Streamline","floor":11},{"not_picked":["Cold Snap","Ball Lightning"],"picked":"Skim","floor":13},{"not_picked":["Sunder","White Noise"],"picked":"Go for the Eyes","floor":14},{"not_picked":["Reboot","Core Surge"],"picked":"All For One","floor":16},{"not_picked":["Chill","Compile Driver"],"picked":"Steam Power","floor":18},{"not_picked":["Rip and Tear","Sweeping Beam"],"picked":"Steam Power","floor":20},{"not_picked":["Barrage+1","Hologram"],"picked":"Gash","floor":21},{"not_picked":["Capacitor","Force Field","Redo"],"picked":"SKIP","floor":24},{"not_picked":["Hello World","Blizzard"],"picked":"Double Energy","floor":25},{"not_picked":["Scrape+1","Fusion","Reprogram"],"picked":"Conserve Battery+1","floor":27},{"not_picked":["Hello World","Defragment","Darkness","Glacier"],"picked":"SKIP","floor":30},{"not_picked":["Coolheaded","Turbo","Barrage"],"picked":"Conserve Battery","floor":32},{"not_picked":["Biased Cognition","Rainbow","All For One"],"picked":"Reboot","floor":33},{"not_picked":["Chaos","Beam Cell"],"picked":"SKIP","floor":35},{"not_picked":["Sweeping Beam+1"],"picked":"Steam+1","floor":36},{"not_picked":["Force Field","Glacier+1"],"picked":"SKIP","floor":38},{"not_picked":["Amplify","Ball Lightning+1"],"picked":"SKIP","floor":41},{"not_picked":["Cold Snap+1"],"picked":"Hologram+1","floor":45},{"not_picked":["Cold Snap+1"],"picked":"Gash+1","floor":46}],"player_experience":152339,"relics_obtained":[{"floor":5,"key":"Dream Catcher"},{"floor":9,"key":"Symbiotic Virus"},{"floor":11,"key":"Cables"},{"floor":26,"key":"Question Card"},{"floor":27,"key":"Pear"},{"floor":41,"key":"Kunai"},{"floor":43,"key":"Molten Egg 2"},{"floor":44,"key":"Juzu Bracelet"}],"event_choices":[{"event_name":"The Cleric","player_choice":"Card Removal","floor":3,"damage_taken":0},{"event_name":"Wheel of Change","player_choice":"Card Removal","floor":4,"damage_taken":0},{"event_name":"Living Wall","player_choice":"Forget","floor":12,"damage_taken":0},{"event_name":"Addict","player_choice":"Obtained Relic","floor":22,"damage_taken":0},{"event_name":"The Joust","player_choice":"Bet on Murderer","floor":29,"damage_taken":0},{"event_name":"Winding Halls","player_choice":"Embrace Madness","floor":39,"damage_taken":0},{"event_name":"Falling","player_choice":"Removed Skill","floor":48,"damage_taken":0}],"is_beta":false,"boss_relics":[{"not_picked":["White Beast Statue","Nuclear Battery"],"picked":"Lizard Tail"},{"not_picked":["Snecko Eye","Velvet Choker"],"picked":"Busted Crown"}],"items_purged_floors":[19,37],"is_endless":false,"potions_floor_spawned":[1,10,16,27,30,33,35,41,46],"ascension_level":6}