{"gold_per_floor":[111,61,26,26,26,26,41,41,65,88,88,88,107,182,182,313,313,301,60,60,73,86,86,86,109,132,132],"floor_reached":27,"playtime":981,"items_purged":[],"score":306,"play_id":"a91632e9-c9f0-4e55-a3ae-b994707e5d94","local_time":"20180808222408","is_ascension_mode":true,"campfire_choices":[{"data":"Self Repair","floor":6,"key":"SMITH"},{"floor":8,"key":"REST"},{"data":"Capacitor","floor":12,"key":"SMITH"},{"floor":15,"key":"REST"},{"floor":23,"key":"REST"}],"neow_cost":"NONE","seed_source_timestamp":11924310981482,"circlet_count":0,"master_deck":["Defend_B","Defend_B","Defend_B","Defend_B","Zap+1","Dualcast","Defragment+1","Self Repair+1","Sweeping Beam","Capacitor+1","Cold Snap","Thunder Strike","Ball Lightning","Conserve Battery","Defragment","Hologram","Barrage","Bite","Bite","Bite","Bite","Bite","Glacier"],"relics":["Cracked Core","Golden Idol","Whetstone","Juzu Bracelet","White Beast Statue","Happy Flower","Orichalcum"],"potions_floor_usage":[13,21,22,22,25],"damage_taken":[{"damage":7,"enemies":"Jaw Worm","floor":1,"turns":3},{"damage":11,"enemies":"2 Louse","floor":7,"turns":3},{"damage":10,"enemies":"Small Slimes","floor":10,"turns":3},{"damage":12,"enemies":"Exordium Wildlife","floor":13,"turns":5},{"damage":34,"enemies":"Slime Boss","floor":16,"turns":8},{"damage":23,"enemies":"2 Thieves","floor":18,"turns":4},{"damage":34,"enemies":"Chosen","floor":21,"turns":5},{"damage":29,"enemies":"Snake Plant","floor":22,"turns":4},{"damage":30,"enemies":"3 Cultists","floor":25,"turns":5},{"damage":35,"enemies":"Book of Stabbing","floor":27,"turns":7}],"seed_played":"-748429013853736077","potions_obtained":[{"floor":1,"key":"EssenceOfSteel"},{"floor":16,"key":"Poison Potion"},{"floor":18,"key":"EssenceOfSteel"},{"floor":21,"key":"AttackPotion"},{"floor":22,"key":"PowerPotion"},{"floor":25,"key":"Fire Potion"}],"is_trial":false,"path_per_floor":["M","?","$","?","?","R","M","R","T","M","?","R","M","?","R","B",null,"M","$","?","M","M","R","?","M","T"],"character_chosen":"DEFECT","items_purchased":["Self Repair","Conserve Battery","Defragment","Happy Flower"],"campfire_rested":3,"item_purchase_floors":[3,19,19,19],"current_hp_per_floor":[61,61,61,61,43,43,42,64,64,64,52,52,50,43,65,41,67,54,54,54,30,11,33,33,25,25,0],"gold":132,"neow_bonus":"UPGRADE_CARD","is_prod":false,"is_daily":false,"chose_seed":false,"campfire_upgraded":2,"win_rate":0,"timestamp":1533734648,"path_taken":["M","?","$","?","?","R","M","R","T","M","?","R","M","?","R","BOSS","M","$","?","M","M","R","?","M","T","E"],"build_version":"2018-08-02","purchased_purges":0,"victory":false,"max_hp_per_floor":[75,75,75,75,75,75,75,75,75,75,75,75,75,75,75,75,75,75,75,75,75,75,75,52,52,52,52],"card_choices":[{"not_picked":["Reprogram","Barrage"],"picked":"Defragment","floor":1},{"not_picked":["Rip and Tear","Storm"],"picked":"Sweeping Beam","floor":7},{"not_picked":["Leap","Turbo"],"picked":"Capacitor","floor":10},{"not_picked":["Rebound","Reinforced Body"],"picked":"Cold Snap","floor":13},{"not_picked":["Seek","Rainbow"],"picked":"Thunder Strike","floor":16},{"not_picked":["Leap","Gash"],"picked":"Ball Lightning","floor":18},{"not_picked":["Stack","Sweeping Beam"],"picked":"Hologram","floor":21},{"not_picked":["White Noise","Beam Cell+1"],"picked":"Barrage","floor":22},{"not_picked":["Ball Lightning+1","Beam Cell"],"picked":"Glacier","floor":25}],"player_experience":181471,"relics_obtained":[{"floor":9,"key":"Whetstone"},{"floor":26,"key":"Orichalcum"}],"event_choices":[{"event_name":"The Cleric","player_choice":"Card Removal","floor":2,"damage_taken":0},{"event_name":"Living Wall","player_choice":"Grow","floor":4,"damage_taken":0},{"event_name":"Golden Idol","player_choice":"Take Damage","floor":5,"damage_taken":0},{"event_name":"Scrap Ooze","player_choice":"success","floor":11,"damage_taken":12},{"event_name":"FaceTrader","player_choice":"Touch","floor":14,"damage_taken":0},{"event_name":"Ghosts","player_choice":"Ignored","floor":20,"damage_taken":0},{"event_name":"Vampires","player_choice":"Became a vampire","floor":24,"damage_taken":0}],"is_beta":false,"boss_relics":[{"not_picked":["Fusion Hammer","Astrolabe"],"picked":"White Beast Statue"}],"items_purged_floors":[],"is_endless":false,"potions_floor_spawned":[1,16,18,21,22,25],"killed_by":"Book of Stabbing","ascension_level":8}