{"gold_per_floor":[123,149,177,189,214,226,270,282,318,345,357,24,34,34,34,129,129,147,147,22,47,47,81,81,81,81,104,104,148,148,63,63,63],"floor_reached":33,"playtime":2205,"items_purged":["Strike_B","Strike_B"],"score":552,"play_id":"c89017f7-12ff-4a5c-b582-0dc35752afa3","local_time":"20190414110809","is_ascension_mode":true,"campfire_choices":[{"data":"Dualcast","floor":6,"key":"SMITH"},{"data":"Lockon","floor":8,"key":"SMITH"},{"data":"Doom and Gloom","floor":11,"key":"SMITH"},{"data":"Apotheosis","floor":15,"key":"SMITH"},{"data":"Buffer","floor":25,"key":"SMITH"},{"floor":28,"key":"REST"},{"floor":30,"key":"REST"},{"floor":32,"key":"REST"}],"neow_cost":"NONE","seed_source_timestamp":532132742665600,"circlet_count":0,"master_deck":["AscendersBane","Strike_B","Strike_B","Defend_B","Defend_B","Defend_B","Defend_B","Zap+1","Dualcast+1","Conserve Battery","Lockon+1","Ball Lightning","Reinforced Body","Doom and Gloom","Doom and Gloom+1","Capacitor","Apotheosis+1","Buffer+1","Ball Lightning","Ghostly","Ghostly","Ghostly","Ball Lightning","RitualDagger","Sunder","Hologram"],"relics":["Cracked Core","MawBank","Strawberry","Golden Idol","Runic Dome","Potion Belt","WingedGreaves","Bag of Marbles","Toxic Egg 2"],"potions_floor_usage":[33],"damage_taken":[{"damage":1,"enemies":"Cultist","floor":1,"turns":3},{"damage":2,"enemies":"Small Slimes","floor":2,"turns":3},{"damage":6,"enemies":"2 Louse","floor":3,"turns":3},{"damage":4,"enemies":"Blue Slaver","floor":5,"turns":4},{"damage":15,"enemies":"Lagavulin","floor":7,"turns":6},{"damage":0,"enemies":"3 Louse","floor":10,"turns":2},{"damage":0,"enemies":"Exordium Wildlife","floor":13,"turns":3},{"damage":22,"enemies":"Slime Boss","floor":16,"turns":6},{"damage":26,"enemies":"2 Thieves","floor":18,"turns":4},{"damage":0,"enemies":"Chosen","floor":21,"turns":5},{"damage":13,"enemies":"Book of Stabbing","floor":23,"turns":6},{"damage":0,"enemies":"Snake Plant","floor":27,"turns":5},{"damage":24,"enemies":"Slavers","floor":29,"turns":5},{"damage":23,"enemies":"Collector","floor":33,"turns":2}],"seed_played":"-5965410687610866865","potions_obtained":[{"floor":5,"key":"SteroidPotion"},{"floor":13,"key":"FairyPotion"},{"floor":29,"key":"Weak Potion"}],"is_trial":false,"path_per_floor":["M","M","M","?","M","R","E","R","T","M","R","$","M","?","R","B",null,"M","?","$","M","?","E","$","R","T","M","R","E","R","?","R","B"],"character_chosen":"DEFECT","items_purchased":["Capacitor","Apotheosis","Ball Lightning"],"campfire_rested":3,"item_purchase_floors":[12,12,20],"current_hp_per_floor":[63,61,55,55,51,51,43,43,43,43,43,43,43,43,43,21,59,33,33,33,33,27,14,14,14,14,14,24,3,13,13,23,0],"gold":63,"neow_bonus":"RANDOM_COMMON_RELIC","is_prod":false,"is_daily":false,"chose_seed":false,"campfire_upgraded":5,"win_rate":0,"timestamp":1555229289,"path_taken":["M","?","M","?","M","R","E","R","T","M","R","$","M","?","R","BOSS","M","?","$","M","?","E","?","R","T","?","R","E","R","?","R","BOSS"],"build_version":"2019-01-23","purchased_purges":2,"victory":false,"max_hp_per_floor":[71,71,71,71,71,71,78,78,78,78,78,78,78,71,71,71,71,71,35,35,35,35,35,35,35,35,35,35,35,35,35,35,35],"card_choices":[{"not_picked":["Redo","Stack"],"picked":"Conserve Battery","floor":1},{"not_picked":["Gash","Rebound"],"picked":"Lockon","floor":2},{"not_picked":["Fusion","Amplify"],"picked":"Ball Lightning","floor":3},{"not_picked":["Redo","Compile Driver"],"picked":"Reinforced Body","floor":5},{"not_picked":["Streamline","Go for the Eyes"],"picked":"Doom and Gloom","floor":7},{"not_picked":["Leap","Steam"],"picked":"Doom and Gloom","floor":10},{"not_picked":["Creative AI","Leap","Scrape"],"picked":"SKIP","floor":13},{"not_picked":["Creative AI","Leap","Scrape"],"picked":"SKIP","floor":13},{"not_picked":["Thunder Strike","All For One"],"picked":"Buffer","floor":16},{"not_picked":["Beam Cell","BootSequence"],"picked":"Ball Lightning","floor":18},{"not_picked":["Barrage","Turbo","Conserve Battery"],"picked":"SKIP","floor":21},{"not_picked":["Storm","Auto Shields"],"picked":"Sunder","floor":23},{"not_picked":["FTL","Glacier","Turbo"],"picked":"SKIP","floor":27},{"not_picked":["Static Discharge","Go for the Eyes"],"picked":"Hologram","floor":29}],"player_experience":1162530,"relics_obtained":[{"floor":7,"key":"Strawberry"},{"floor":23,"key":"Potion Belt"},{"floor":26,"key":"WingedGreaves"},{"floor":29,"key":"Bag of Marbles"}],"event_choices":[{"damage_healed":0,"gold_gain":0,"player_choice":"Grow","damage_taken":0,"max_hp_gain":0,"max_hp_loss":0,"event_name":"Living Wall","floor":4,"gold_loss":0,"cards_upgraded":["Zap"]},{"damage_healed":0,"gold_gain":0,"player_choice":"Lose Max HP","damage_taken":0,"relics_obtained":["Golden Idol"],"max_hp_gain":0,"max_hp_loss":7,"event_name":"Golden Idol","floor":14,"gold_loss":0},{"damage_healed":0,"gold_gain":0,"player_choice":"Became a Ghost","damage_taken":0,"max_hp_gain":0,"max_hp_loss":36,"event_name":"Ghosts","floor":19,"gold_loss":0,"cards_obtained":["Ghostly","Ghostly","Ghostly"]},{"damage_healed":0,"gold_gain":0,"player_choice":"Joined the Cult","damage_taken":6,"max_hp_gain":0,"max_hp_loss":0,"event_name":"Nest","floor":22,"gold_loss":0,"cards_obtained":["RitualDagger"]},{"damage_healed":0,"gold_gain":0,"player_choice":"Obtained Relic","damage_taken":0,"relics_obtained":["Toxic Egg 2"],"max_hp_gain":0,"max_hp_loss":0,"event_name":"Addict","floor":31,"gold_loss":85}],"is_beta":false,"boss_relics":[{"not_picked":["Black Star","Calling Bell"],"picked":"Runic Dome"}],"items_purged_floors":[12,20],"is_endless":false,"potions_floor_spawned":[5,13,29],"killed_by":"Collector","ascension_level":19}