{"gold_per_floor":[113,63,75,92,92,92,105,105,105,121,121,121,138,152,152,253,253,264,264,274,288,299,299,299],"floor_reached":24,"playtime":1216,"items_purged":[],"score":202,"play_id":"e60a9990-635b-489d-b9db-3d697416e79f","local_time":"20180807213245","is_ascension_mode":true,"campfire_choices":[{"data":"Dagger Spray","floor":6,"key":"SMITH"},{"data":"Blade Dance","floor":11,"key":"SMITH"},{"data":"Dagger Spray","floor":15,"key":"SMITH"},{"floor":23,"key":"REST"}],"neow_cost":"NONE","seed_source_timestamp":213932192029068,"circlet_count":0,"master_deck":["Defend_G","Defend_G+1","Defend_G","Defend_G","Defend_G","Strike_G","Survivor","Neutralize+1","Blade Dance+1","Dagger Spray+1","Well Laid Plans+1","Dagger Spray+1","A Thousand Cuts","Choke+1","Bouncing Flask+1","Choke+1","Cloak And Dagger","Writhe","Infinite Blades","Poisoned Stab+1","Dagger Throw+1"],"relics":["Ring of the Snake","StoneCalendar","Astrolabe","Sundial"],"potions_floor_usage":[16,16],"damage_taken":[{"damage":0,"enemies":"Jaw Worm","floor":1,"turns":4},{"damage":0,"enemies":"Small Slimes","floor":3,"turns":4},{"damage":1,"enemies":"Cultist","floor":4,"turns":4},{"damage":0,"enemies":"Exordium Wildlife","floor":7,"turns":4},{"damage":0,"enemies":"Looter","floor":10,"turns":3},{"damage":1,"enemies":"Red Slaver","floor":13,"turns":3},{"damage":0,"enemies":"Exordium Wildlife","floor":14,"turns":4},{"damage":30,"enemies":"Hexaghost","floor":16,"turns":10},{"damage":2,"enemies":"Chosen","floor":18,"turns":4},{"damage":3,"enemies":"3 Byrds","floor":20,"turns":4},{"damage":27,"enemies":"3 Cultists","floor":21,"turns":4},{"damage":5,"enemies":"Chosen and Byrds","floor":22,"turns":4},{"damage":67,"enemies":"Book of Stabbing","floor":24,"turns":6}],"seed_played":"-6435294148418272897","potions_obtained":[{"floor":1,"key":"Poison Potion"},{"floor":10,"key":"AttackPotion"},{"floor":13,"key":"SkillPotion"},{"floor":16,"key":"SteroidPotion"},{"floor":18,"key":"Swift Potion"}],"is_trial":false,"path_per_floor":["M","?","M","M","?","R","M","$","T","M","R","?","M","M","R","B",null,"M","?","M","M","M","R"],"character_chosen":"THE_SILENT","items_purchased":[],"campfire_rested":1,"item_purchase_floors":[],"current_hp_per_floor":[70,70,70,69,69,69,69,69,69,69,69,55,54,54,54,24,70,68,68,65,38,33,54,0],"gold":299,"neow_bonus":"UPGRADE_CARD","is_prod":false,"is_daily":false,"chose_seed":false,"campfire_upgraded":3,"win_rate":0,"timestamp":1533645165,"path_taken":["M","?","?","M","?","R","M","?","T","?","R","?","M","M","R","BOSS","M","?","M","M","M","R","E"],"build_version":"2018-08-02","purchased_purges":0,"victory":false,"max_hp_per_floor":[70,70,70,70,70,70,70,70,70,70,70,70,70,70,70,70,70,70,70,70,70,70,70,70],"card_choices":[{"not_picked":["Expertise","Underhanded Strike","Deadly Poison"],"picked":"SKIP","floor":1},{"not_picked":["Backflip","Acrobatics"],"picked":"Blade Dance","floor":3},{"not_picked":["Terror","Underhanded Strike"],"picked":"Dagger Spray","floor":4},{"not_picked":["Sucker Punch","Flechettes","Catalyst"],"picked":"SKIP","floor":7},{"not_picked":["Slice","Crippling Poison"],"picked":"Well Laid Plans","floor":10},{"not_picked":["Riddle With Holes","Bane","Blade Dance"],"picked":"SKIP","floor":13},{"not_picked":["Slice","Underhanded Strike"],"picked":"Dagger Spray","floor":14},{"not_picked":["Doppelganger","Venomology"],"picked":"A Thousand Cuts","floor":16},{"not_picked":["Escape Plan","Backflip"],"picked":"Cloak And Dagger","floor":18},{"not_picked":["Dodge and Roll+1","Outmaneuver+1"],"picked":"Infinite Blades","floor":20},{"not_picked":["Noxious Fumes+1","Bane"],"picked":"Poisoned Stab+1","floor":21},{"not_picked":["Crippling Poison","Underhanded Strike"],"picked":"Dagger Throw+1","floor":22}],"player_experience":154951,"relics_obtained":[{"floor":9,"key":"StoneCalendar"}],"event_choices":[{"event_name":"The Cleric","player_choice":"Card Removal","floor":2,"damage_taken":0},{"event_name":"Liars Game","player_choice":"disagreed","floor":5,"damage_taken":0},{"event_name":"Shining Light","player_choice":"Entered Light","floor":12,"damage_taken":0},{"event_name":"The Mausoleum","player_choice":"Yes","floor":19,"damage_taken":0}],"is_beta":false,"boss_relics":[{"not_picked":["Runic Pyramid","White Beast Statue"],"picked":"Astrolabe"}],"items_purged_floors":[],"is_endless":false,"potions_floor_spawned":[1,10,13,16,18,22],"killed_by":"Book of Stabbing","ascension_level":1}