{"gold_per_floor":[118,88,100,120,138,138,63,83,134,134,134,34,34,53,53,183,221,246,246,258,271,370,370,370,388,415,415,435,435,453,470,470,567,567,579,6,26,37,37,37,37,37,64,84,116,136,136,136,136,136],"floor_reached":50,"playtime":3332,"items_purged":["Strike_B","Strike_B","Streamline"],"score":691,"play_id":"5a27d73f-1d19-4531-ac4b-30c9ca80049c","local_time":"20180624221209","is_ascension_mode":false,"campfire_choices":[{"data":"Strike_B","floor":6,"key":"PURGE"},{"data":"Clumsy","floor":10,"key":"PURGE"},{"data":"Strike_B","floor":13,"key":"PURGE"},{"data":"Zap","floor":15,"key":"SMITH"},{"data":"Capacitor","floor":23,"key":"SMITH"},{"data":"Consume","floor":27,"key":"SMITH"},{"data":"Dualcast","floor":29,"key":"SMITH"},{"floor":32,"key":"REST"},{"data":"Redo","floor":40,"key":"PURGE"},{"data":"Electrodynamics","floor":42,"key":"SMITH"},{"floor":47,"key":"REST"},{"floor":49,"key":"REST"}],"neow_cost":"CURSE","seed_source_timestamp":50380832184742,"circlet_count":0,"master_deck":["Zap+1","Dualcast+1","Capacitor+1","Hologram","Ball Lightning+1","Consume+1","Electrodynamics+1","Fusion+1","Auto Shields+1","Reboot","Barrage+1","Redo+1","Madness","Madness"],"relics":["Cracked Core","Peace Pipe","Oddly Smooth Stone","Bloody Idol","Tiny House","Strawberry","Pandora\u0027s Box","Whetstone","Thread and Needle","DataDisk","Mercury Hourglass","Mango"],"potions_floor_usage":[8,14,16,31,44,45,45,48,50],"damage_taken":[{"damage":3,"enemies":"Jaw Worm","floor":1,"turns":3},{"damage":1,"enemies":"Cultist","floor":3,"turns":3},{"damage":0,"enemies":"2 Louse","floor":4,"turns":4},{"damage":5,"enemies":"Looter","floor":5,"turns":3},{"damage":9,"enemies":"Blue Slaver","floor":8,"turns":3},{"damage":0,"enemies":"Exordium Wildlife","floor":14,"turns":4},{"damage":11,"enemies":"Slime Boss","floor":16,"turns":7},{"damage":6,"enemies":"Spheric Guardian","floor":18,"turns":4},{"damage":13,"enemies":"3 Byrds","floor":20,"turns":3},{"damage":22,"enemies":"Snecko","floor":21,"turns":6},{"damage":6,"enemies":"3 Cultists","floor":25,"turns":4},{"damage":16,"enemies":"Sentry and Sphere","floor":28,"turns":5},{"damage":22,"enemies":"Chosen and Byrds","floor":30,"turns":5},{"damage":16,"enemies":"Centurion and Healer","floor":31,"turns":4},{"damage":33,"enemies":"Automaton","floor":33,"turns":7},{"damage":0,"enemies":"3 Shapes","floor":35,"turns":4},{"damage":19,"enemies":"3 Darklings","floor":37,"turns":3},{"damage":0,"enemies":"4 Shapes","floor":38,"turns":3},{"damage":24,"enemies":"Maw","floor":44,"turns":6},{"damage":24,"enemies":"Nemesis","floor":45,"turns":5},{"damage":7,"enemies":"Sphere and 2 Shapes","floor":46,"turns":2},{"damage":0,"floor":48,"turns":5},{"damage":107,"enemies":"Awakened One","floor":50,"turns":7}],"seed_played":"-3765285740712155795","potions_obtained":[{"floor":1,"key":"FocusPotion"},{"floor":2,"key":"SneckoOil"},{"floor":2,"key":"SpeedPotion"},{"floor":4,"key":"Explosive Potion"},{"floor":17,"key":"Swift Potion"},{"floor":25,"key":"Regen Potion"},{"floor":28,"key":"FearPotion"},{"floor":30,"key":"Regen Potion"},{"floor":31,"key":"SpeedPotion"},{"floor":37,"key":"Dexterity Potion"},{"floor":44,"key":"Fire Potion"},{"floor":46,"key":"GamblersBrew"}],"is_trial":false,"path_per_floor":["M","?","M","M","M","R","$","M","T","R","?","$","R","M","R","B",null,"M","?","M","M","?","R","?","M","T","R","M","R","M","M","R","B",null,"M","$","M","M","?","R","?","R","T","M","E","M","R","?","R"],"character_chosen":"DEFECT","items_purchased":["Whetstone","Thread and Needle"],"campfire_rested":3,"item_purchase_floors":[36,36],"current_hp_per_floor":[72,72,71,71,66,66,66,57,57,57,39,39,39,39,39,28,80,74,74,66,49,54,54,54,53,65,65,54,54,37,38,64,36,87,87,87,73,78,67,67,67,67,72,67,48,46,72,86,101,0],"gold":136,"neow_bonus":"ONE_RARE_RELIC","is_prod":false,"is_daily":false,"chose_seed":false,"campfire_upgraded":5,"win_rate":0,"timestamp":1529871129,"path_taken":["M","?","M","?","M","R","$","M","T","R","?","$","R","M","R","BOSS","M","?","?","?","?","R","?","?","T","R","M","R","M","M","R","BOSS","M","$","M","M","?","R","?","R","T","M","E","M","R","?","R","BOSS"],"build_version":"2018-06-21v2","purchased_purges":3,"victory":false,"max_hp_per_floor":[75,75,75,75,75,75,75,75,75,75,75,75,75,75,75,75,80,80,80,80,80,80,80,80,80,87,87,87,87,87,87,87,87,87,87,87,87,87,87,87,87,87,87,87,87,87,87,101,101,101],"card_choices":[{"not_picked":["Static Discharge","Redo"],"picked":"Capacitor","floor":1},{"not_picked":["Rip and Tear","Tempest","Go for the Eyes"],"picked":"SKIP","floor":3},{"not_picked":["Scrape","Steam Power"],"picked":"Hologram","floor":4},{"not_picked":["Conserve Battery","Cold Snap"],"picked":"Ball Lightning","floor":5},{"not_picked":["Barrage","Turbo","Rebound"],"picked":"SKIP","floor":8},{"not_picked":["Hologram","Ball Lightning"],"picked":"Consume","floor":14},{"not_picked":["Hyperbeam","Thunder Strike"],"picked":"Electrodynamics","floor":16},{"not_picked":["Streamline","FTL+1","Hologram"],"picked":"SKIP","floor":18},{"not_picked":["Sweeping Beam+1","Rip and Tear","Genetic Algorithm"],"picked":"SKIP","floor":20},{"not_picked":["FTL+1","Chaos+1"],"picked":"Fusion+1","floor":21},{"not_picked":["Glacier","BootSequence+1","Barrage"],"picked":"SKIP","floor":25},{"not_picked":["Scrape","Sweeping Beam","Barrage"],"picked":"SKIP","floor":28},{"not_picked":["Ball Lightning","Turbo","Steam"],"picked":"SKIP","floor":30},{"not_picked":["Go for the Eyes","Turbo"],"picked":"Auto Shields+1","floor":31},{"not_picked":["Seek","Electrodynamics"],"picked":"Reboot","floor":33},{"not_picked":["Stack+1","Auto Shields+1","Beam Cell"],"picked":"SKIP","floor":35},{"not_picked":["Turbo","Sweeping Beam+1"],"picked":"Redo+1","floor":37},{"not_picked":["Doom and Gloom","Compile Driver","Scrape"],"picked":"SKIP","floor":38},{"not_picked":["Ball Lightning","Stack","Redo"],"picked":"SKIP","floor":44},{"not_picked":["Coolheaded+1","Beam Cell","Steam+1"],"picked":"SKIP","floor":45},{"not_picked":["Cold Snap","Stack+1","Steam Power"],"picked":"SKIP","floor":46}],"player_experience":263037,"relics_obtained":[{"floor":9,"key":"Oddly Smooth Stone"},{"floor":26,"key":"Strawberry"},{"floor":43,"key":"DataDisk"},{"floor":45,"key":"Mercury Hourglass"},{"floor":48,"key":"Mango"}],"event_choices":[{"event_name":"The Woman in Blue","player_choice":"Bought 2 Potions","floor":2,"damage_taken":0},{"event_name":"Golden Idol","player_choice":"Take Damage","floor":11,"damage_taken":0},{"event_name":"Forgotten Altar","player_choice":"Gave Idol","floor":19,"damage_taken":0},{"event_name":"Nest","player_choice":"Stole From Cult","floor":22,"damage_taken":0},{"event_name":"The Mausoleum","player_choice":"No","floor":24,"damage_taken":0},{"event_name":"Winding Halls","player_choice":"Embrace Madness","floor":39,"damage_taken":0},{"event_name":"Falling","player_choice":"Removed Skill","floor":41,"damage_taken":0},{"event_name":"MindBloom","player_choice":"Fight","floor":48,"damage_taken":0}],"boss_relics":[{"not_picked":["Calling Bell","Ectoplasm"],"picked":"Tiny House"},{"not_picked":["Eternal Feather","Lizard Tail"],"picked":"Pandora\u0027s Box"}],"items_purged_floors":[7,12,36],"is_endless":false,"potions_floor_spawned":[1,4,25,28,30,31,37,44,46],"killed_by":"Awakened One","ascension_level":0}