{"gold_per_floor":[113,113,127,51,69,94,94,169,222,222,248,248,20,20,20,91,91,105,105,105,117,135,163,163,188,214,1,1,26,26,38,38,116,116,127,127,1126,1126,573,573],"floor_reached":40,"playtime":2097,"items_purged":["Strike_R","Normality"],"score":917,"play_id":"49e6f2a4-13af-4c87-8b8a-8c90f0b29cda","local_time":"20190330104114","is_ascension_mode":true,"campfire_choices":[{"data":"Spot Weakness","floor":7,"key":"SMITH"},{"data":"Bash","floor":10,"key":"SMITH"},{"data":"Uppercut","floor":15,"key":"SMITH"},{"floor":24,"key":"REST"},{"floor":28,"key":"REST"},{"floor":30,"key":"REST"},{"floor":32,"key":"RECALL"}],"neow_cost":"NONE","seed_source_timestamp":1035745667594700,"circlet_count":0,"master_deck":["AscendersBane","Strike_R+1","Strike_R","Strike_R","Defend_R","Defend_R","Defend_R","Defend_R","Bash+1","Combust","Spot Weakness+1","Reaper","Double Tap","Clothesline","Spot Weakness","Uppercut+1","Immolate","Seeing Red","RitualDagger","Rupture","Headbutt+1","Thunderclap","Blood for Blood","Dual Wield+1","True Grit","Disarm","Iron Wave+1","Exhume","Normality","Reaper","Shrug It Off","Inflame"],"relics":["Burning Blood","Art of War","Juzu Bracelet","Dream Catcher","FossilizedHelix","Fusion Hammer","Anchor","PreservedInsect","Bronze Scales","Bag of Preparation","Strawberry","Velvet Choker","Whetstone"],"potions_floor_usage":[6,22,23,29,33,40],"damage_taken":[{"damage":0,"enemies":"Jaw Worm","floor":1,"turns":3},{"damage":4,"enemies":"Cultist","floor":3,"turns":3},{"damage":0,"enemies":"2 Louse","floor":5,"turns":2},{"damage":14,"enemies":"Gremlin Nob","floor":6,"turns":3},{"damage":40,"enemies":"3 Sentries","floor":11,"turns":6},{"damage":56,"enemies":"The Guardian","floor":16,"turns":9},{"damage":23,"enemies":"Shell Parasite","floor":18,"turns":5},{"damage":0,"enemies":"Chosen","floor":21,"turns":3},{"damage":10,"enemies":"Snecko","floor":22,"turns":5},{"damage":66,"enemies":"Slavers","floor":23,"turns":4},{"damage":31,"enemies":"Book of Stabbing","floor":25,"turns":4},{"damage":30,"enemies":"Gremlin Leader","floor":29,"turns":3},{"damage":33,"enemies":"Shelled Parasite and Fungi","floor":31,"turns":6},{"damage":79,"enemies":"Champ","floor":33,"turns":13},{"damage":0,"enemies":"3 Shapes","floor":35,"turns":2},{"damage":86,"enemies":"Giant Head","floor":40,"turns":7}],"seed_played":"6622340708971844015","potions_obtained":[{"floor":1,"key":"SpeedPotion"},{"floor":2,"key":"Block Potion"},{"floor":2,"key":"BloodPotion"},{"floor":3,"key":"LiquidBronze"},{"floor":5,"key":"FearPotion"},{"floor":18,"key":"Swift Potion"},{"floor":25,"key":"SteroidPotion"},{"floor":29,"key":"SkillPotion"},{"floor":31,"key":"SteroidPotion"},{"floor":33,"key":"Poison Potion"},{"floor":35,"key":"Regen Potion"}],"is_trial":false,"path_per_floor":["M","?","M","$","M","E","R","?","T","R","E","?","$","?","R","B",null,"M","?","?","M","M","E","R","E","T","$","R","E","R","M","R","B",null,"M","?","?","?","$","E"],"character_chosen":"IRONCLAD","items_purchased":["Reaper","Spot Weakness","Uppercut","Bag of Preparation","True Grit","Reaper","Shrug It Off","Inflame","Whetstone"],"campfire_rested":3,"item_purchase_floors":[4,13,13,27,27,39,39,39,39],"current_hp_per_floor":[74,74,75,75,75,67,67,56,56,56,38,63,63,63,63,45,68,58,63,57,63,59,13,35,10,10,10,32,58,82,73,73,24,68,74,74,74,74,74,0],"gold":573,"neow_bonus":"RANDOM_COMMON_RELIC","is_prod":false,"is_daily":false,"chose_seed":false,"campfire_upgraded":3,"win_rate":0,"timestamp":1553931674,"path_taken":["M","?","?","$","M","E","R","?","T","R","E","?","?","?","R","BOSS","M","?","?","M","M","E","R","E","T","$","R","E","R","M","R","BOSS","M","?","?","?","$","E"],"build_version":"2019-01-23","purchased_purges":2,"victory":false,"max_hp_per_floor":[75,75,75,75,75,75,75,75,75,75,75,75,75,75,75,75,75,75,75,75,75,75,75,75,75,75,75,75,82,82,82,82,82,82,82,82,82,82,82,82],"card_choices":[{"not_picked":["Heavy Blade","Anger"],"picked":"Combust","floor":1},{"not_picked":["Flex","Sentinel"],"picked":"Spot Weakness","floor":3},{"not_picked":["Wild Strike","Intimidate"],"picked":"Perfected Strike","floor":5},{"not_picked":["Twin Strike","Heavy Blade"],"picked":"Double Tap","floor":6},{"not_picked":["Second Wind","Feel No Pain"],"picked":"Clothesline","floor":11},{"not_picked":["Exhume","Bludgeon"],"picked":"Immolate","floor":16},{"not_picked":["Wild Strike","Clothesline+1"],"picked":"Seeing Red","floor":18},{"not_picked":["Body Slam","Searing Blow"],"picked":"Rupture","floor":21},{"not_picked":["Sever Soul","Cleave"],"picked":"Headbutt+1","floor":22},{"not_picked":["Dark Embrace","Pommel Strike"],"picked":"Thunderclap","floor":23},{"not_picked":["Hemokinesis","Heavy Blade"],"picked":"Blood for Blood","floor":24},{"not_picked":["Body Slam","Clothesline"],"picked":"Dual Wield","floor":25},{"not_picked":["Blood for Blood","Clash+1","Wild Strike"],"picked":"SKIP","floor":29},{"not_picked":["Corruption","Flex"],"picked":"Disarm","floor":30},{"not_picked":["Havoc","Flex"],"picked":"Iron Wave","floor":31},{"not_picked":["Offering","Berserk"],"picked":"Exhume","floor":33},{"not_picked":["Perfected Strike","Sentinel+1","Whirlwind"],"picked":"SKIP","floor":35}],"player_experience":1061743,"relics_obtained":[{"floor":6,"key":"Juzu Bracelet"},{"floor":9,"key":"Dream Catcher"},{"floor":11,"key":"FossilizedHelix"},{"floor":23,"key":"Anchor"},{"floor":25,"key":"PreservedInsect"},{"floor":26,"key":"Bronze Scales"},{"floor":29,"key":"Strawberry"}],"event_choices":[{"damage_healed":0,"gold_gain":0,"player_choice":"Got Potions","damage_taken":0,"max_hp_gain":0,"max_hp_loss":0,"event_name":"Lab","floor":2,"gold_loss":0},{"damage_healed":0,"gold_gain":75,"player_choice":"Gather Gold","damage_taken":11,"max_hp_gain":0,"max_hp_loss":0,"event_name":"World of Goop","floor":8,"gold_loss":0},{"damage_healed":25,"gold_gain":0,"player_choice":"Banana","damage_taken":0,"max_hp_gain":0,"max_hp_loss":0,"event_name":"Big Fish","floor":12,"gold_loss":0},{"cards_removed":["Strike_R"],"damage_healed":0,"gold_gain":0,"player_choice":"Forget","damage_taken":0,"max_hp_gain":0,"max_hp_loss":0,"event_name":"Living Wall","floor":14,"gold_loss":0},{"cards_removed":["Perfected Strike"],"damage_healed":5,"gold_gain":0,"player_choice":"Offered Common","damage_taken":0,"max_hp_gain":0,"max_hp_loss":0,"event_name":"Bonfire Elementals","floor":19,"gold_loss":0},{"cards_removed":["Perfected Strike"],"damage_healed":5,"gold_gain":0,"player_choice":"Offered Special","damage_taken":0,"max_hp_gain":0,"max_hp_loss":0,"event_name":"Bonfire Elementals","floor":19,"gold_loss":0},{"damage_healed":0,"gold_gain":0,"player_choice":"Joined the Cult","damage_taken":6,"max_hp_gain":0,"max_hp_loss":0,"event_name":"Nest","floor":20,"gold_loss":0,"cards_obtained":["RitualDagger"]},{"damage_healed":0,"gold_gain":0,"player_choice":"Upgraded","damage_taken":0,"max_hp_gain":0,"max_hp_loss":0,"event_name":"Upgrade Shrine","floor":36,"gold_loss":0,"cards_upgraded":["Dual Wield"]},{"damage_healed":0,"gold_gain":999,"player_choice":"Gold","damage_taken":0,"max_hp_gain":0,"max_hp_loss":0,"event_name":"MindBloom","floor":37,"gold_loss":0,"cards_obtained":["Normality","Normality"]},{"damage_healed":0,"gold_gain":0,"player_choice":"Ignored","damage_taken":0,"max_hp_gain":0,"max_hp_loss":0,"event_name":"Tomb of Lord Red Mask","floor":38,"gold_loss":0}],"is_beta":false,"boss_relics":[{"not_picked":["Orrery","Tiny House"],"picked":"Fusion Hammer"},{"not_picked":["Runic Dome","Sozu"],"picked":"Velvet Choker"}],"items_purged_floors":[13,39],"is_endless":false,"potions_floor_spawned":[1,3,5,18,25,29,31,33,35],"killed_by":"Giant Head","ascension_level":20}