{"gold_per_floor":[16,16,32,51,68,68,78,78,158,490,510,510,510,526,526,647,647,671,696,696,196,196,196,231,231,231,131,144,160,160,183,183,311,311,331,331,346,111,0,0,19,19,19,39,59,95,46,62,62,62],"floor_reached":50,"playtime":4259,"items_purged":["Injury","Pain","Normality"],"score":844,"play_id":"bb3c8801-fb7d-4242-9230-41fb81d85ba3","local_time":"20180813164207","is_ascension_mode":true,"campfire_choices":[{"data":"Zap","floor":6,"key":"SMITH"},{"floor":13,"key":"REST"},{"floor":15,"key":"REST"},{"data":"Apotheosis","floor":23,"key":"SMITH"},{"floor":30,"key":"REST"},{"data":"Machine Learning","floor":32,"key":"SMITH"},{"floor":40,"key":"REST"},{"data":"Steam Power","floor":49,"key":"SMITH"}],"neow_cost":"NO_GOLD","seed_source_timestamp":420120353485481,"circlet_count":0,"master_deck":["Defend_B","Defend_B","Defend_B","Defend_B","Zap+1","Dualcast","AscendersBane","Aggregate","Hologram","Melter","Sweeping Beam","Rebound","Sunder","Machine Learning+1","Steam","Go for the Eyes","Streamline","Electrodynamics","Conserve Battery+1","Reinforced Body","Conserve Battery+1","Apotheosis+1","BootSequence","Bite","Bite","Bite","Bite","Bite","Go for the Eyes+1","FTL","Reboot","Dark Shackles","Steam Power+1","Self Repair","Steam+1","Coolheaded+1","Rebound","Stack","Storm+1"],"relics":["Cracked Core","Letter Opener","Old Coin","Golden Idol","Cursed Key","Bag of Preparation","Regal Pillow","Mercury Hourglass","Dodecahedron","Busted Crown","Red Mask","StoneCalendar","Ginger"],"potions_floor_usage":[16,50],"damage_taken":[{"damage":0,"enemies":"Cultist","floor":1,"turns":4},{"damage":0,"enemies":"2 Louse","floor":3,"turns":4},{"damage":4,"enemies":"Jaw Worm","floor":4,"turns":3},{"damage":2,"enemies":"2 Fungi Beasts","floor":5,"turns":3},{"damage":0,"enemies":"Large Slime","floor":7,"turns":3},{"damage":33,"enemies":"Lagavulin","floor":10,"turns":6},{"damage":16,"enemies":"Exordium Wildlife","floor":11,"turns":4},{"damage":2,"enemies":"3 Louse","floor":14,"turns":2},{"damage":43,"enemies":"Hexaghost","floor":16,"turns":9},{"damage":13,"enemies":"Shell Parasite","floor":18,"turns":4},{"damage":21,"enemies":"3 Byrds","floor":19,"turns":4},{"damage":8,"enemies":"Slavers","floor":24,"turns":4},{"damage":7,"enemies":"Centurion and Healer","floor":28,"turns":7},{"damage":18,"enemies":"Cultist and Chosen","floor":29,"turns":6},{"damage":0,"enemies":"Sentry and Sphere","floor":31,"turns":3},{"damage":61,"enemies":"Automaton","floor":33,"turns":10},{"damage":7,"enemies":"3 Darklings","floor":35,"turns":3},{"damage":47,"enemies":"Flame Bruiser 1 Orb","floor":37,"turns":6},{"damage":24,"enemies":"Maw","floor":41,"turns":7},{"damage":4,"floor":42,"turns":9},{"damage":1,"enemies":"Flame Bruiser 2 Orb","floor":44,"turns":6},{"damage":4,"enemies":"3 Darklings","floor":45,"turns":3},{"damage":42,"enemies":"Giant Head","floor":46,"turns":8},{"damage":0,"enemies":"4 Shapes","floor":48,"turns":3},{"damage":83,"enemies":"Time Eater","floor":50,"turns":12}],"seed_played":"-4418012109651364323","potions_obtained":[{"floor":1,"key":"SpeedPotion"},{"floor":5,"key":"LiquidBronze"},{"floor":7,"key":"SmokeBomb"},{"floor":16,"key":"Ancient Potion"},{"floor":29,"key":"Fire Potion"},{"floor":42,"key":"SkillPotion"}],"is_trial":false,"path_per_floor":["M","$","M","M","M","R","M","?","T","E","M","?","R","M","R","B",null,"M","M","?","$","?","R","E","T","T","$","M","M","R","M","R","B",null,"M","?","M","$","?","R","M","?","T","M","M","E","$","M","R"],"character_chosen":"DEFECT","items_purchased":["Apotheosis","BootSequence","Bag of Preparation","Steam Power","Self Repair","Stack"],"campfire_rested":4,"item_purchase_floors":[21,21,21,38,38,47],"current_hp_per_floor":[68,68,68,64,62,62,62,62,62,29,13,13,35,33,55,12,59,46,25,25,25,25,25,23,23,23,23,32,29,52,52,52,9,41,40,40,12,12,12,42,45,52,52,52,51,36,36,44,44,0],"gold":62,"neow_bonus":"TRANSFORM_TWO_CARDS","is_prod":false,"is_daily":false,"chose_seed":false,"campfire_upgraded":4,"win_rate":0,"timestamp":1534146127,"path_taken":["M","$","?","M","M","R","M","?","T","E","M","?","R","M","R","BOSS","M","M","?","$","?","R","E","?","T","$","M","M","R","M","R","BOSS","M","?","M","$","?","R","?","?","T","M","M","E","$","?","R","BOSS"],"build_version":"2018-08-09","purchased_purges":3,"victory":false,"max_hp_per_floor":[75,75,75,75,75,75,75,75,75,75,75,75,75,75,75,75,75,75,75,75,75,52,52,52,52,52,52,52,52,52,52,52,52,52,52,52,52,52,52,52,52,52,52,52,52,52,52,52,52,52],"card_choices":[{"not_picked":["Tempest","Loop"],"picked":"Melter","floor":1},{"not_picked":["Storm","Rip and Tear","Aggregate"],"picked":"SKIP","floor":3},{"not_picked":["Steam Power","Chaos"],"picked":"Sweeping Beam","floor":4},{"not_picked":["Hologram","Undo"],"picked":"Rebound","floor":5},{"not_picked":["Darkness","Force Field"],"picked":"Sunder","floor":7},{"not_picked":["Leap","Chaos"],"picked":"Steam","floor":10},{"not_picked":["Lockon","Cold Snap"],"picked":"Go for the Eyes","floor":11},{"not_picked":["Compile Driver","Gash"],"picked":"Streamline","floor":14},{"not_picked":["Creative AI","Echo Form"],"picked":"Electrodynamics","floor":16},{"not_picked":["Gash+1","Hello World"],"picked":"Conserve Battery+1","floor":18},{"not_picked":["Gash","Barrage"],"picked":"Reinforced Body","floor":19},{"not_picked":["Steam","Cold Snap+1","Compile Driver+1"],"picked":"SKIP","floor":24},{"not_picked":["Turbo","Compile Driver"],"picked":"Go for the Eyes+1","floor":28},{"not_picked":["Gash","Electrodynamics"],"picked":"FTL","floor":29},{"not_picked":["Tempest","Turbo+1","Barrage"],"picked":"SKIP","floor":31},{"not_picked":["Rainbow","Buffer"],"picked":"Reboot","floor":33},{"not_picked":["Cold Snap"],"picked":"SKIP","floor":35},{"not_picked":[],"picked":"Dark Shackles","floor":36},{"not_picked":["Beam Cell+1"],"picked":"SKIP","floor":37},{"not_picked":["Loop+1"],"picked":"SKIP","floor":41},{"not_picked":[],"picked":"Steam+1","floor":42},{"not_picked":["Barrage+1"],"picked":"SKIP","floor":44},{"not_picked":[],"picked":"Coolheaded+1","floor":45},{"not_picked":[],"picked":"Rebound","floor":46},{"not_picked":[],"picked":"Storm+1","floor":48}],"player_experience":207311,"relics_obtained":[{"floor":9,"key":"Letter Opener"},{"floor":10,"key":"Old Coin"},{"floor":24,"key":"Regal Pillow"},{"floor":25,"key":"Mercury Hourglass"},{"floor":26,"key":"Dodecahedron"},{"floor":42,"key":"StoneCalendar"},{"floor":46,"key":"Ginger"}],"event_choices":[{"event_name":"Living Wall","player_choice":"Change","floor":8,"damage_taken":0},{"event_name":"Golden Idol","player_choice":"Take Wound","floor":12,"damage_taken":0},{"event_name":"Duplicator","player_choice":"One dupe","floor":20,"damage_taken":0},{"event_name":"Vampires","player_choice":"Became a vampire","floor":22,"damage_taken":0},{"event_name":"SensoryStone","player_choice":"Memory 1","floor":36,"damage_taken":0},{"event_name":"Tomb of Lord Red Mask","player_choice":"Paid","floor":39,"damage_taken":0},{"event_name":"MindBloom","player_choice":"Fight","floor":42,"damage_taken":0}],"is_beta":false,"boss_relics":[{"not_picked":["Fusion Hammer","Calling Bell"],"picked":"Cursed Key"},{"not_picked":["FrozenCore","Eternal Feather"],"picked":"Busted Crown"}],"items_purged_floors":[21,27,38],"is_endless":false,"potions_floor_spawned":[1,5,7,11,16,24,28,29,31,41,42,44,46],"killed_by":"Time Eater","ascension_level":11}