{"gold_per_floor":[119,135,109,109,59,59,76,76,76,76,91,91,115,115,115,244,244,264,264,118,149,35,35,35,50,50,68,91,125,125,149,149,272,272,296,17,350,368,83,83,108,108,108,119,149,24,24,246,246,246],"floor_reached":51,"playtime":3323,"items_purged":["Strike_B","Strike_B","Strike_B"],"score":770,"play_id":"bf5b56fd-bdcf-416d-a453-2d055c0a2d98","local_time":"20180805140821","is_ascension_mode":true,"campfire_choices":[{"data":"Zap","floor":6,"key":"SMITH"},{"data":"Capacitor","floor":8,"key":"SMITH"},{"floor":15,"key":"REST"},{"data":"Capacitor","floor":23,"key":"SMITH"},{"floor":30,"key":"REST"},{"floor":32,"key":"REST"},{"data":"Apotheosis","floor":40,"key":"SMITH"},{"floor":42,"key":"REST"},{"floor":49,"key":"REST"}],"neow_cost":"NONE","seed_source_timestamp":12333741742454,"circlet_count":0,"master_deck":["Defend_B","Defend_B","Defend_B+1","Zap+1","Dualcast","Consume","Leap","Hello World+1","Steam","Capacitor+1","Sweeping Beam","Injury","Capacitor+1","Electrodynamics","Sweeping Beam+1","Rebound+1","Panacea","Consume+1","Defragment","Loop+1","Coolheaded+1","Force Field+1","Buffer","Chill","Creative AI","Hologram+1","Static Discharge","Force Field+1","Apotheosis+1","Leap+1","Streamline","Skim+1"],"relics":["Cracked Core","Du-Vu Doll","Juzu Bracelet","Velvet Choker","Symbiotic Virus","Red Mask","Bottled Lightning","Mercury Hourglass","Orichalcum","Inserter","DollysMirror","Dodecahedron","Whetstone","Darkstone Periapt"],"potions_floor_usage":[29,33,41],"damage_taken":[{"damage":1,"enemies":"Jaw Worm","floor":1,"turns":3},{"damage":0,"enemies":"2 Louse","floor":2,"turns":3},{"damage":7,"enemies":"Small Slimes","floor":7,"turns":3},{"damage":1,"enemies":"3 Louse","floor":11,"turns":4},{"damage":7,"enemies":"2 Fungi Beasts","floor":13,"turns":3},{"damage":25,"enemies":"Slime Boss","floor":16,"turns":10},{"damage":10,"enemies":"Chosen","floor":18,"turns":4},{"damage":20,"floor":21,"turns":4},{"damage":4,"enemies":"Shell Parasite","floor":25,"turns":4},{"damage":2,"enemies":"Chosen and Byrds","floor":27,"turns":6},{"damage":9,"enemies":"Snake Plant","floor":28,"turns":4},{"damage":23,"enemies":"Slavers","floor":29,"turns":2},{"damage":9,"enemies":"Centurion and Healer","floor":31,"turns":6},{"damage":41,"enemies":"Automaton","floor":33,"turns":7},{"damage":14,"enemies":"3 Darklings","floor":35,"turns":5},{"damage":7,"enemies":"Orb Walker","floor":38,"turns":4},{"damage":0,"enemies":"Nemesis","floor":41,"turns":7},{"damage":17,"enemies":"Maw","floor":44,"turns":6},{"damage":23,"enemies":"Giant Head","floor":45,"turns":8},{"damage":14,"enemies":"Donu and Deca","floor":50,"turns":9}],"seed_played":"-5701894102709874592","potions_obtained":[{"floor":7,"key":"Explosive Potion"},{"floor":11,"key":"Strength Potion"},{"floor":16,"key":"AttackPotion"},{"floor":28,"key":"EssenceOfSteel"},{"floor":33,"key":"Weak Potion"},{"floor":35,"key":"Fruit Juice"}],"is_trial":false,"path_per_floor":["M","M","$","?","?","R","M","R","T","$","M","?","M","?","R","B",null,"M","?","$","?","$","R","T","M","T","M","M","E","R","M","R","B",null,"M","$","?","M","$","R","E","R","T","M","E","$","?","?","R","B"],"character_chosen":"DEFECT","items_purchased":["Steam","Rebound","Panacea","Defragment","Static Discharge","DollysMirror","Apotheosis"],"campfire_rested":5,"item_purchase_floors":[3,20,20,22,36,36,39],"current_hp_per_floor":[74,74,74,59,59,59,52,52,52,52,51,51,44,41,63,38,75,65,65,65,45,45,45,45,41,41,39,30,7,29,20,42,1,75,61,61,61,54,54,54,59,80,80,63,40,40,40,40,64,50],"gold":246,"neow_bonus":"THREE_CARDS","is_prod":false,"is_daily":false,"chose_seed":false,"campfire_upgraded":4,"win_rate":0,"timestamp":1533445701,"path_taken":["M","M","$","?","?","R","M","R","T","$","M","?","?","?","R","BOSS","M","?","$","?","$","R","?","M","T","M","M","E","R","M","R","BOSS","M","$","?","M","$","R","E","R","T","M","E","$","?","?","R","BOSS"],"build_version":"2018-08-02","purchased_purges":3,"victory":true,"max_hp_per_floor":[75,75,75,75,75,75,75,75,75,75,75,75,75,75,75,75,75,75,75,75,75,75,75,75,75,75,75,75,75,75,75,75,75,75,75,75,75,75,75,75,80,80,80,80,80,80,80,80,80,80],"card_choices":[{"not_picked":["Chill","Melter"],"picked":"Consume","floor":0},{"not_picked":["Turbo","Redo"],"picked":"Leap","floor":1},{"not_picked":["Stack","All For One"],"picked":"Hello World","floor":2},{"not_picked":["Redo","Blizzard"],"picked":"Capacitor","floor":7},{"not_picked":["Barrage","Coolheaded"],"picked":"Sweeping Beam","floor":11},{"not_picked":["Stack","White Noise"],"picked":"Capacitor","floor":13},{"not_picked":["Meteor Strike","All For One"],"picked":"Electrodynamics","floor":16},{"not_picked":["Coolheaded","Reprogram+1"],"picked":"Sweeping Beam+1","floor":18},{"not_picked":["Go for the Eyes","Steam"],"picked":"Consume+1","floor":21},{"not_picked":["Lockon+1","Streamline"],"picked":"Loop+1","floor":25},{"not_picked":["Reinforced Body","Reprogram+1"],"picked":"Coolheaded+1","floor":27},{"not_picked":["Coolheaded","Conserve Battery"],"picked":"Force Field+1","floor":28},{"not_picked":["Aggregate","Blizzard+1"],"picked":"Buffer","floor":29},{"not_picked":["Barrage+1","Hologram"],"picked":"Chill","floor":31},{"not_picked":["Fission","Reboot"],"picked":"Creative AI","floor":33},{"not_picked":["Beam Cell+1","Rebound"],"picked":"Hologram+1","floor":35},{"not_picked":["Sweeping Beam","Genetic Algorithm","Compile Driver+1"],"picked":"SKIP","floor":38},{"not_picked":["Cold Snap","Beam Cell"],"picked":"Leap+1","floor":41},{"not_picked":["Beam Cell+1","Coolheaded+1"],"picked":"Streamline","floor":44},{"not_picked":["Scrape","Leap+1"],"picked":"Skim+1","floor":45}],"player_experience":114597,"relics_obtained":[{"floor":9,"key":"Du-Vu Doll"},{"floor":21,"key":"Red Mask"},{"floor":24,"key":"Bottled Lightning"},{"floor":26,"key":"Mercury Hourglass"},{"floor":29,"key":"Orichalcum"},{"floor":41,"key":"Dodecahedron"},{"floor":43,"key":"Whetstone"},{"floor":45,"key":"Darkstone Periapt"}],"event_choices":[{"event_name":"Shining Light","player_choice":"Entered Light","floor":4,"damage_taken":0},{"event_name":"The Cleric","player_choice":"Card Removal","floor":5,"damage_taken":0},{"event_name":"Golden Idol","player_choice":"Take Wound","floor":12,"damage_taken":0},{"event_name":"Scrap Ooze","player_choice":"success","floor":14,"damage_taken":3},{"event_name":"WeMeetAgain","player_choice":"Potion","floor":19,"damage_taken":0},{"event_name":"Masked Bandits","player_choice":"Fought over 118 gold","floor":21,"damage_taken":0},{"event_name":"The Moai Head","player_choice":"Gave Idol","floor":37,"damage_taken":0},{"event_name":"Falling","player_choice":"Removed Attack","floor":47,"damage_taken":0},{"event_name":"Tomb of Lord Red Mask","player_choice":"Wore Mask","floor":48,"damage_taken":0}],"is_beta":false,"boss_relics":[{"not_picked":["FrozenCore","White Beast Statue"],"picked":"Velvet Choker"},{"not_picked":["Nuclear Battery","Astrolabe"],"picked":"Inserter"}],"items_purged_floors":[22,39,46],"is_endless":false,"potions_floor_spawned":[7,11,16,18,28,33,35,38],"ascension_level":1}