{"gold_per_floor":[119,119,119,144,157,157,201,13,13,13,29,29],"floor_reached":12,"playtime":495,"items_purged":[],"score":121,"play_id":"14811382-f029-4982-af35-526408ab653c","local_time":"20190813205914","is_ascension_mode":true,"campfire_choices":[{"data":"Bash","floor":6,"key":"SMITH"},{"data":"Clothesline","floor":10,"key":"SMITH"}],"neow_cost":"NONE","seed_source_timestamp":42717480828275,"circlet_count":0,"master_deck":["AscendersBane","Strike_R","Strike_R","Strike_R","Strike_R","Strike_R","Defend_R","Defend_R","Defend_R","Defend_R","Bash+1","Pommel Strike","Iron Wave","Clothesline+1","Battle Trance+1","Intimidate+1"],"relics":["Burning Blood","Golden Idol","Toxic Egg 2","Oddly Smooth Stone","Mummified Hand"],"potions_floor_usage":[11],"damage_taken":[{"damage":20,"enemies":"Cultist","floor":1,"turns":5},{"damage":5,"enemies":"2 Louse","floor":4,"turns":4},{"damage":13,"enemies":"Jaw Worm","floor":5,"turns":4},{"damage":30,"enemies":"Lagavulin","floor":7,"turns":5},{"damage":26,"enemies":"Exordium Wildlife","floor":11,"turns":5},{"damage":26,"enemies":"3 Sentries","floor":12,"turns":7}],"seed_played":"1083726975306719576","potions_obtained":[{"floor":4,"key":"Explosive Potion"}],"is_trial":false,"path_per_floor":["M","?","?","M","M","R","E","$","T","R","M","E"],"character_chosen":"IRONCLAD","items_purchased":["Oddly Smooth Stone","Battle Trance+1"],"campfire_rested":0,"item_purchase_floors":[8,8],"current_hp_per_floor":[66,71,71,72,65,65,41,41,41,41,21,0],"gold":29,"neow_bonus":"TEN_PERCENT_HP_BONUS","is_prod":false,"is_daily":false,"chose_seed":false,"campfire_upgraded":2,"win_rate":0,"timestamp":1565722754,"path_taken":["M","?","?","M","M","R","E","$","T","R","M","E"],"build_version":"2019-07-17","purchased_purges":0,"victory":false,"max_hp_per_floor":[88,93,86,86,86,86,86,86,86,86,86,86],"card_choices":[{"not_picked":["Heavy Blade","Reckless Charge"],"picked":"Pommel Strike","floor":1},{"not_picked":["Cleave","Heavy Blade","Body Slam"],"picked":"SKIP","floor":4},{"not_picked":["Infernal Blade","Heavy Blade"],"picked":"Iron Wave","floor":5},{"not_picked":["Dark Embrace","Heavy Blade"],"picked":"Clothesline","floor":7},{"not_picked":["Sentinel+1","Dropkick"],"picked":"Intimidate+1","floor":11}],"player_experience":870314,"relics_obtained":[{"floor":7,"key":"Toxic Egg 2"},{"floor":9,"key":"Mummified Hand"}],"event_choices":[{"damage_healed":0,"gold_gain":0,"player_choice":"Donut","damage_taken":0,"max_hp_gain":5,"max_hp_loss":0,"event_name":"Big Fish","floor":2,"gold_loss":0},{"damage_healed":0,"gold_gain":0,"player_choice":"Lose Max HP","damage_taken":0,"relics_obtained":["Golden Idol"],"max_hp_gain":0,"max_hp_loss":7,"event_name":"Golden Idol","floor":3,"gold_loss":0}],"is_beta":false,"boss_relics":[],"items_purged_floors":[],"is_endless":false,"potions_floor_spawned":[4],"killed_by":"3 Sentries","ascension_level":11}