{"gold_per_floor":[116,116,116,116,137,137,176,176,176,176,216,25,48,62,62,158,158,171,171,171,191,45,85,85,119,172,216,216,231,141,155,155,254,254,269,269,269,269,21,62,62,87,87,112,130,169,26,44,44,44],"floor_reached":51,"playtime":2515,"items_purged":["Strike_B"],"score":1361,"play_id":"e0f25f11-f5a1-49cf-9505-12cdcfdf6d3e","local_time":"20190403122936","is_ascension_mode":true,"campfire_choices":[{"data":"Zap","floor":6,"key":"SMITH"},{"data":"Dualcast","floor":8,"key":"SMITH"},{"data":"Go for the Eyes","floor":10,"key":"SMITH"},{"data":"Gash","floor":15,"key":"SMITH"},{"data":"Reinforced Body","floor":24,"key":"SMITH"},{"data":"J.A.X.","floor":32,"key":"SMITH"},{"floor":41,"key":"REST"},{"floor":49,"key":"REST"}],"neow_cost":"NONE","seed_source_timestamp":1387445698938800,"circlet_count":0,"master_deck":["AscendersBane","Defend_B","Defend_B","Defend_B","Zap+1","Dualcast+1","Sweeping Beam+1","Go for the Eyes+1","Gash+1","FTL","Steam","Core Surge","Reinforced Body+1","Hologram","Gash+1","Steam","Streamline+1","J.A.X.+1","FTL+1","Machine Learning","Tempest+1","Go for the Eyes+1","Loop+1","Madness","Madness","Gash","Beam Cell+1"],"relics":["FrozenCore","Centennial Puzzle","Golden Idol","Meat on the Bone","Potion Belt","Shuriken","Torii","Sling","Thread and Needle","Regal Pillow","Tiny Chest","Happy Flower","Astrolabe","Unceasing Top","Singing Bowl","Sundial","Whetstone","Dodecahedron","Juzu Bracelet","DataDisk"],"potions_floor_usage":[7,16,29,33,40,50,50,50,50,50,50,50,50],"damage_taken":[{"damage":0,"enemies":"2 Louse","floor":1,"turns":3},{"damage":5,"enemies":"Small Slimes","floor":5,"turns":3},{"damage":20,"enemies":"Lagavulin","floor":7,"turns":5},{"damage":15,"enemies":"3 Sentries","floor":11,"turns":5},{"damage":0,"enemies":"Cultist","floor":13,"turns":3},{"damage":14,"enemies":"Exordium Thugs","floor":14,"turns":3},{"damage":37,"enemies":"Slime Boss","floor":16,"turns":9},{"damage":11,"enemies":"Spheric Guardian","floor":18,"turns":4},{"damage":7,"enemies":"Chosen","floor":21,"turns":5},{"damage":9,"enemies":"Book of Stabbing","floor":23,"turns":5},{"damage":26,"enemies":"Gremlin Leader","floor":25,"turns":7},{"damage":4,"enemies":"Book of Stabbing","floor":27,"turns":6},{"damage":4,"enemies":"3 Cultists","floor":29,"turns":7},{"damage":3,"enemies":"Snake Plant","floor":31,"turns":5},{"damage":33,"enemies":"Collector","floor":33,"turns":10},{"damage":13,"enemies":"3 Darklings","floor":35,"turns":5},{"damage":26,"enemies":"Nemesis","floor":40,"turns":7},{"damage":4,"enemies":"Orb Walker","floor":42,"turns":3},{"damage":22,"enemies":"3 Darklings","floor":44,"turns":7},{"damage":18,"enemies":"Spire Growth","floor":45,"turns":5},{"damage":11,"enemies":"Reptomancer","floor":46,"turns":4},{"damage":7,"enemies":"Transient","floor":48,"turns":5},{"damage":9,"enemies":"Donu and Deca","floor":50,"turns":7}],"seed_played":"7897678358402976515","potions_obtained":[{"floor":1,"key":"FearPotion"},{"floor":11,"key":"Ancient Potion"},{"floor":13,"key":"Regen Potion"},{"floor":25,"key":"SpeedPotion"},{"floor":27,"key":"GamblersBrew"},{"floor":31,"key":"Dexterity Potion"},{"floor":33,"key":"FocusPotion"},{"floor":40,"key":"EntropicBrew"}],"is_trial":false,"path_per_floor":["M","?","?","?","M","R","E","R","T","R","E","$","M","M","R","B",null,"M","$","?","M","$","E","R","E","T","E","?","M","?","M","R","B",null,"M","T","?","T","$","E","R","M","T","M","M","E","$","M","R","B",null],"character_chosen":"DEFECT","items_purchased":["Sling","Gash","Block Potion","Sundial","DataDisk"],"campfire_rested":2,"item_purchase_floors":[12,22,22,39,47],"current_hp_per_floor":[64,64,69,51,46,46,38,38,38,38,35,35,47,45,45,35,62,51,51,51,44,44,47,47,33,33,41,41,37,37,46,46,25,60,47,47,38,38,38,26,62,58,58,48,44,47,47,42,79,70],"gold":44,"neow_bonus":"RANDOM_COMMON_RELIC","is_prod":false,"is_daily":false,"chose_seed":false,"campfire_upgraded":6,"win_rate":0,"timestamp":1554283776,"path_taken":["M","?","?","?","M","R","E","R","T","R","E","$","M","M","R","BOSS","M","$","?","M","$","E","R","E","T","E","?","M","?","?","R","BOSS","M","?","?","?","$","E","R","M","T","?","M","E","$","M","R","BOSS"],"build_version":"2019-01-23","purchased_purges":1,"victory":true,"max_hp_per_floor":[71,66,71,71,71,71,71,71,71,71,71,71,71,71,71,71,71,71,71,71,71,71,71,71,71,71,71,71,71,71,71,71,71,71,71,71,71,71,71,73,73,73,73,73,75,77,77,79,79,79],"card_choices":[{"not_picked":["Stack","Compile Driver"],"picked":"Sweeping Beam","floor":1},{"not_picked":["White Noise","Skim"],"picked":"Go for the Eyes","floor":5},{"not_picked":["Sweeping Beam","Reinforced Body"],"picked":"Gash","floor":7},{"not_picked":["Sweeping Beam","Redo","Consume"],"picked":"SKIP","floor":11},{"not_picked":["Defragment","Rebound"],"picked":"FTL","floor":13},{"not_picked":["Heatsinks","Buffer"],"picked":"Steam","floor":14},{"not_picked":["Creative AI","Fission"],"picked":"Core Surge","floor":16},{"not_picked":["Blizzard","Hello World"],"picked":"Reinforced Body","floor":18},{"not_picked":["Redo","Turbo"],"picked":"Hologram","floor":21},{"not_picked":["Turbo","Rip and Tear"],"picked":"Steam","floor":23},{"not_picked":["Hologram","Rebound"],"picked":"Streamline","floor":25},{"not_picked":["Multi-Cast","Turbo","Force Field"],"picked":"SKIP","floor":27},{"not_picked":["Hello World","Sweeping Beam","Ball Lightning"],"picked":"SKIP","floor":29},{"not_picked":["Gash","Turbo"],"picked":"FTL+1","floor":31},{"not_picked":["Reboot","Amplify"],"picked":"Machine Learning","floor":33},{"not_picked":["Streamline","Blizzard","Hello World"],"picked":"SKIP","floor":35},{"not_picked":["Compile Driver","Rebound","Undo"],"picked":"Singing Bowl","floor":40},{"not_picked":["Leap","Turbo"],"picked":"Gash","floor":42},{"not_picked":["Rebound","Sweeping Beam"],"picked":"Beam Cell+1","floor":44},{"not_picked":["Blizzard","Stack","Consume"],"picked":"Singing Bowl","floor":45},{"not_picked":["Glacier","Go for the Eyes","Chill"],"picked":"Singing Bowl","floor":46},{"not_picked":["Barrage+1","Stack","Leap"],"picked":"Singing Bowl","floor":48}],"player_experience":1103638,"relics_obtained":[{"floor":7,"key":"Potion Belt"},{"floor":9,"key":"Shuriken"},{"floor":11,"key":"Torii"},{"floor":23,"key":"Thread and Needle"},{"floor":25,"key":"Regal Pillow"},{"floor":26,"key":"Tiny Chest"},{"floor":27,"key":"Happy Flower"},{"floor":36,"key":"Unceasing Top"},{"floor":38,"key":"Singing Bowl"},{"floor":40,"key":"Whetstone"},{"floor":43,"key":"Dodecahedron"},{"floor":46,"key":"Juzu Bracelet"}],"event_choices":[{"damage_healed":0,"gold_gain":0,"player_choice":"Lose Max HP","damage_taken":0,"relics_obtained":["Golden Idol"],"max_hp_gain":0,"max_hp_loss":5,"event_name":"Golden Idol","floor":2,"gold_loss":0},{"damage_healed":0,"gold_gain":0,"player_choice":"Donut","damage_taken":0,"max_hp_gain":5,"max_hp_loss":0,"event_name":"Big Fish","floor":3,"gold_loss":0},{"damage_healed":0,"gold_gain":0,"player_choice":"Success","damage_taken":18,"relics_obtained":["Meat on the Bone"],"max_hp_gain":0,"max_hp_loss":0,"event_name":"Scrap Ooze","floor":4,"gold_loss":0},{"damage_healed":0,"gold_gain":0,"player_choice":"Ignored","damage_taken":0,"max_hp_gain":0,"max_hp_loss":0,"event_name":"Vampires","floor":20,"gold_loss":0},{"damage_healed":0,"gold_gain":0,"player_choice":"Obtain J.A.X.","damage_taken":0,"max_hp_gain":0,"max_hp_loss":0,"event_name":"Drug Dealer","floor":28,"gold_loss":0,"cards_obtained":["J.A.X."]},{"cards_removed":["Strike_B"],"damage_healed":0,"gold_gain":0,"player_choice":"Upgrade and Remove","damage_taken":0,"max_hp_gain":0,"max_hp_loss":0,"event_name":"Designer","floor":30,"gold_loss":90,"cards_upgraded":["Streamline"]},{"damage_healed":0,"gold_gain":0,"player_choice":"Embrace Madness","damage_taken":9,"max_hp_gain":0,"max_hp_loss":0,"event_name":"Winding Halls","floor":37,"gold_loss":0,"cards_obtained":["Madness","Madness"]}],"is_beta":false,"boss_relics":[{"not_picked":["Empty Cage","Cursed Key"],"picked":"FrozenCore"},{"not_picked":["Fusion Hammer","Runic Dome"],"picked":"Astrolabe"}],"items_purged_floors":[22],"is_endless":false,"potions_floor_spawned":[1,11,13,25,27,31,33,35,40,44],"ascension_level":14}