{"gold_per_floor":[114,126,136,57,57,57,100,100,100,100,100,120,120,153,153,153],"floor_reached":16,"playtime":762,"items_purged":[],"score":184,"play_id":"b376bf28-9138-467c-8764-8b6d95cfda57","local_time":"20190920120218","is_ascension_mode":true,"campfire_choices":[{"data":"Bash","floor":6,"key":"SMITH"},{"floor":8,"key":"REST"},{"data":"Combust","floor":10,"key":"SMITH"},{"floor":13,"key":"REST"},{"data":"Clothesline","floor":15,"key":"SMITH"}],"neow_cost":"PERCENT_DAMAGE","seed_source_timestamp":10656595191190,"circlet_count":0,"master_deck":["AscendersBane","Strike_R","Strike_R","Strike_R","Strike_R","Strike_R","Defend_R","Defend_R+1","Defend_R","Defend_R","Bash+1","Pommel Strike","Intimidate+1","Iron Wave","Combust+1","Clothesline+1"],"relics":["Burning Blood","Golden Idol","Gremlin Horn","Bottled Tornado","Omamori"],"potions_floor_usage":[7,16],"damage_taken":[{"damage":2,"enemies":"2 Louse","floor":1,"turns":3},{"damage":7,"enemies":"Jaw Worm","floor":2,"turns":3},{"damage":5,"enemies":"Small Slimes","floor":3,"turns":4},{"damage":51,"enemies":"Lagavulin","floor":7,"turns":7},{"damage":11,"enemies":"Blue Slaver","floor":12,"turns":3},{"damage":17,"enemies":"Gremlin Nob","floor":14,"turns":4},{"damage":45,"enemies":"The Guardian","floor":16,"turns":12}],"seed_played":"-2514627360525535486","potions_obtained":[{"floor":2,"key":"BloodPotion"},{"floor":3,"key":"PowerPotion"}],"is_trial":false,"path_per_floor":["M","M","M","$","?","R","E","R","T","R","?","M","R","E","R","B"],"character_chosen":"IRONCLAD","items_purchased":["Combust"],"campfire_rested":2,"item_purchase_floors":[4],"current_hp_per_floor":[68,67,68,68,46,46,23,49,49,49,31,26,52,41,41,0],"gold":153,"neow_bonus":"TWENTY_PERCENT_HP_BONUS","is_prod":false,"is_daily":false,"chose_seed":false,"campfire_upgraded":3,"win_rate":0,"timestamp":1568973738,"path_taken":["M","M","M","$","?","R","E","R","T","R","?","M","R","E","R","BOSS"],"build_version":"2019-07-17","purchased_purges":0,"victory":false,"max_hp_per_floor":[89,89,89,89,89,89,89,89,89,89,89,89,89,89,89,89],"card_choices":[{"not_picked":["Body Slam","Thunderclap"],"picked":"Pommel Strike","floor":1},{"not_picked":["Power Through","Second Wind"],"picked":"Intimidate","floor":2},{"not_picked":["Body Slam","Blood for Blood"],"picked":"Iron Wave","floor":3},{"not_picked":["Thunderclap","Bloodletting"],"picked":"Clothesline","floor":7},{"not_picked":["Body Slam","Barricade","Bloodletting"],"picked":"SKIP","floor":12},{"not_picked":["Clash","Power Through","Searing Blow"],"picked":"SKIP","floor":14}],"player_experience":1076909,"relics_obtained":[{"floor":7,"key":"Gremlin Horn"},{"floor":9,"key":"Bottled Tornado"},{"floor":14,"key":"Omamori"}],"event_choices":[{"damage_healed":0,"gold_gain":0,"player_choice":"Take Damage","damage_taken":22,"relics_obtained":["Golden Idol"],"max_hp_gain":0,"max_hp_loss":0,"event_name":"Golden Idol","floor":5,"gold_loss":0},{"damage_healed":0,"gold_gain":0,"player_choice":"Entered Light","damage_taken":18,"max_hp_gain":0,"max_hp_loss":0,"event_name":"Shining Light","floor":11,"gold_loss":0,"cards_upgraded":["Intimidate","Defend_R"]}],"is_beta":false,"boss_relics":[],"items_purged_floors":[],"is_endless":false,"potions_floor_spawned":[2,3],"killed_by":"The Guardian","ascension_level":14}