{"gold_per_floor":[116,128,145,163,163,163,190,190,190,190,251,266,296,309,309,386,386,306,341,170,187,187,187,219,235,292,123,6,6,21,36,36,108,108,124,136,31,41,51,51],"floor_reached":40,"playtime":4705,"items_purged":["Strike_R"],"score":861,"play_id":"67f1bd9a-9c62-4dca-a036-94db28bbc658","local_time":"20190320163131","is_ascension_mode":true,"campfire_choices":[{"data":"Clothesline","floor":6.0,"key":"SMITH"},{"data":"Fiend Fire","floor":8.0,"key":"SMITH"},{"data":"Juggernaut","floor":10.0,"key":"SMITH"},{"data":"Bash","floor":15.0,"key":"SMITH"},{"floor":23.0,"key":"REST"},{"data":"Metallicize","floor":29,"key":"SMITH"},{"data":"Body Slam","floor":32,"key":"SMITH"}],"neow_cost":"NONE","seed_source_timestamp":0,"circlet_count":0,"master_deck":["AscendersBane","Strike_R+1","Strike_R+1","Strike_R+1","Defend_R+1","Defend_R+1","Defend_R+1","Defend_R+1","Bash+1","Juggernaut+1","Clothesline+1","Anger","Iron Wave","Fiend Fire+1","True Grit+1","Thunderclap","Spot Weakness+1","Rage+1","Impervious+1","Pommel Strike+1","Warcry+1","Good Instincts+1","Iron Wave","Disarm+1","Double Tap+1","Metallicize+1","Warcry+1","Body Slam+1","Juggernaut","Burning Pact+1","Dual Wield+1","Shrug It Off+1","Metallicize","Evolve","Second Wind+1"],"special_seed":0,"relics":["Burning Blood","Pantograph","Toxic Egg 2","Paper Frog","Question Card","White Beast Statue","Red Mask","Ginger","Tiny Chest","Happy Flower","Mark of Pain"],"potions_floor_usage":[31,33,39,39,40],"damage_taken":[{"damage":6.0,"enemies":"Jaw Worm","floor":1.0,"turns":5.0},{"damage":9.0,"enemies":"2 Louse","floor":2.0,"turns":3.0},{"damage":10.0,"enemies":"Small Slimes","floor":3.0,"turns":4.0},{"damage":7.0,"enemies":"Exordium Wildlife","floor":4.0,"turns":3.0},{"damage":5.0,"enemies":"Lagavulin","floor":7.0,"turns":7.0},{"damage":25.0,"enemies":"3 Sentries","floor":11.0,"turns":8.0},{"damage":4.0,"enemies":"Blue Slaver","floor":12.0,"turns":4.0},{"damage":20.0,"enemies":"3 Sentries","floor":13.0,"turns":5.0},{"damage":5.0,"enemies":"Gremlin Gang","floor":14.0,"turns":2.0},{"damage":40.0,"enemies":"Hexaghost","floor":16.0,"turns":8.0},{"damage":17.0,"enemies":"2 Thieves","floor":18.0,"turns":4.0},{"damage":35.0,"enemies":"Masked Bandits","floor":19.0,"turns":4.0},{"damage":12.0,"enemies":"Shell Parasite","floor":21.0,"turns":4.0},{"damage":4.0,"enemies":"Gremlin Leader","floor":24.0,"turns":4.0},{"damage":5.0,"enemies":"Centurion and Healer","floor":25.0,"turns":6.0},{"damage":2,"enemies":"Snecko","floor":30,"turns":5},{"damage":10,"enemies":"3 Cultists","floor":31,"turns":5},{"damage":28,"enemies":"Champ","floor":33,"turns":12},{"damage":0,"enemies":"Orb Walker","floor":35,"turns":4},{"damage":0,"enemies":"3 Darklings","floor":36,"turns":3},{"damage":25,"enemies":"Transient","floor":38,"turns":6},{"damage":55,"enemies":"Spire Growth","floor":39,"turns":5},{"damage":32,"enemies":"Giant Head","floor":40,"turns":5}],"seed_played":"-3382711506141064017","potions_obtained":[{"floor":1.0,"key":"Poison Potion"},{"floor":12.0,"key":"Explosive Potion"},{"floor":13.0,"key":"Fire Potion"},{"floor":14.0,"key":"Dexterity Potion"},{"floor":18.0,"key":"Regen Potion"},{"floor":19.0,"key":"FearPotion"},{"floor":21.0,"key":"SkillPotion"},{"floor":24.0,"key":"Dexterity Potion"},{"floor":25.0,"key":"SteroidPotion"},{"floor":31,"key":"Explosive Potion"},{"floor":33,"key":"FairyPotion"},{"floor":35,"key":"FearPotion"},{"floor":36,"key":"FearPotion"},{"floor":38,"key":"SpeedPotion"},{"floor":39,"key":"EssenceOfSteel"}],"is_trial":false,"path_per_floor":["M","M","M","M","?","R","E","R","T","R","?","M","E","M","R","B",null,"M","?","$","M","?","R","E","M","T","$","$","R","M","M","R","B",null,"M","M","$","M","M","E"],"character_chosen":"IRONCLAD","items_purchased":["Good Instincts+1","Happy Flower","Metallicize","Warcry+1","Shrug It Off+1","Metallicize"],"campfire_rested":1,"item_purchase_floors":[20,27,28,28,37,37],"current_hp_per_floor":[68,65,61,60,53,53,54,54,54,54,35,37,23,24,24,15,60,49,32,32,26,26,48,50,51,51,51,51,51,55,51,51,53,70,75,75,75,56,7,0],"gold":51,"neow_bonus":"ONE_RANDOM_RARE_CARD","is_prod":false,"is_daily":false,"chose_seed":false,"campfire_upgraded":6,"win_rate":0,"timestamp":1553088691,"path_taken":["M","M","M","M","?","R","E","R","T","R","?","M","E","M","R","BOSS","M","?","$","M","?","R","E","M","T","?","$","R","M","?","R","BOSS","M","?","$","M","M","E"],"build_version":"2019-01-23","purchased_purges":1,"victory":false,"max_hp_per_floor":[75,75,75,75,75,75,75,75,75,75,75,75,75,75,75,75,75,75,75,75,75,75,75,75,75,75,75,75,75,75,75,75,75,75,75,75,75,75,75,75],"card_choices":[{"not_picked":["Whirlwind","Armaments"],"picked":"Clothesline","floor":1.0},{"not_picked":["Cleave","Fire Breathing","Dropkick"],"picked":"SKIP","floor":2.0},{"not_picked":["Havoc","Warcry"],"picked":"Anger","floor":3.0},{"not_picked":["Wild Strike","Dropkick"],"picked":"Iron Wave","floor":4.0},{"not_picked":["Dark Embrace","Uppercut"],"picked":"Fiend Fire","floor":7.0},{"not_picked":["Pommel Strike","Ghostly Armor+1"],"picked":"True Grit+1","floor":11.0},{"not_picked":["Anger","Whirlwind"],"picked":"Thunderclap","floor":12.0},{"not_picked":["True Grit+1","Carnage"],"picked":"Spot Weakness+1","floor":13.0},{"not_picked":["Wild Strike","Rupture","Perfected Strike"],"picked":"Rage+1","floor":14.0},{"not_picked":["Fiend Fire","Brutality","Berserk"],"picked":"Impervious+1","floor":16.0},{"not_picked":["True Grit+1","Headbutt","Armaments+1"],"picked":"Pommel Strike+1","floor":18.0},{"not_picked":["Spot Weakness+1","Flex+1","Uppercut"],"picked":"Warcry+1","floor":19.0},{"not_picked":["Carnage","Pummel","Havoc+1"],"picked":"Iron Wave","floor":21.0},{"not_picked":["Shockwave+1","Dual Wield+1","Wild Strike"],"picked":"Disarm+1","floor":24.0},{"not_picked":["Rampage","Heavy Blade+1","Clash"],"picked":"Double Tap+1","floor":25.0},{"not_picked":["Havoc+1","Carnage","Power Through+1"],"picked":"Body Slam","floor":30},{"not_picked":["Sword Boomerang","Fire Breathing","Clash","Inflame"],"picked":"SKIP","floor":31},{"not_picked":["Double Tap+1","Fiend Fire","Reaper"],"picked":"Juggernaut","floor":33},{"not_picked":["Iron Wave","Sentinel+1","Perfected Strike+1"],"picked":"Burning Pact+1","floor":35},{"not_picked":["Sword Boomerang","Uppercut+1","Sentinel+1"],"picked":"Dual Wield+1","floor":36},{"not_picked":["Thunderclap+1","Clothesline","Power Through+1"],"picked":"Evolve","floor":38},{"not_picked":["Wild Strike","Blood for Blood","Body Slam"],"picked":"Second Wind+1","floor":39}],"player_experience":955615,"relics_obtained":[{"floor":7.0,"key":"Pantograph"},{"floor":9.0,"key":"Toxic Egg 2"},{"floor":11.0,"key":"Paper Frog"},{"floor":13.0,"key":"Question Card"},{"floor":19.0,"key":"Red Mask"},{"floor":24.0,"key":"Ginger"},{"floor":26.0,"key":"Tiny Chest"}],"event_choices":[{"cards_removed":["Strike_R"],"damage_healed":0.0,"max_hp_gain":0.0,"max_hp_loss":0.0,"gold_gain":0.0,"event_name":"Golden Wing","player_choice":"Card Removal","floor":5.0,"gold_loss":0.0,"damage_taken":7.0},{"damage_healed":0.0,"max_hp_gain":0.0,"max_hp_loss":0.0,"gold_gain":0.0,"event_name":"Dead Adventurer","player_choice":"Searched \u00271\u0027 times","floor":11.0,"gold_loss":0.0,"damage_taken":0.0},{"damage_healed":0.0,"max_hp_gain":0.0,"max_hp_loss":0.0,"gold_gain":0.0,"event_name":"Masked Bandits","player_choice":"Fought Bandits","floor":19.0,"gold_loss":0.0,"damage_taken":0.0},{"damage_healed":0.0,"max_hp_gain":0.0,"max_hp_loss":0.0,"gold_gain":0.0,"event_name":"Back to Basics","player_choice":"Simplicity","floor":22.0,"gold_loss":0.0,"damage_taken":0.0,"cards_upgraded":["Strike_R","Strike_R","Strike_R","Defend_R","Defend_R","Defend_R","Defend_R"]}],"is_beta":false,"boss_relics":[{"not_picked":["Lizard Tail","Ectoplasm"],"picked":"White Beast Statue"},{"not_picked":["Black Star","Velvet Choker"],"picked":"Mark of Pain"}],"items_purged_floors":[20],"is_endless":false,"potions_floor_spawned":[1,12,13,14,18,19,21,24,25,30,31,33,35,36,38,39],"killed_by":"Giant Head","ascension_level":20}