{"gold_per_floor":[361,341,352,352,51,80,80,100,100,129,20,20,40,58,58,131,131,150,250,264,282,282],"floor_reached":22,"playtime":1509,"items_purged":[],"score":413,"play_id":"97dbc127-bc41-445c-89d2-65725ee2ec2b","local_time":"20190321121534","is_ascension_mode":true,"campfire_choices":[{"data":"Feed","floor":7,"key":"SMITH"},{"data":"Immolate","floor":12,"key":"SMITH"},{"data":"Armaments","floor":15,"key":"SMITH"}],"neow_cost":"CURSE","seed_source_timestamp":264335800048100,"circlet_count":0,"master_deck":["AscendersBane","Strike_R","Strike_R","Strike_R","Strike_R","Strike_R","Defend_R","Defend_R","Defend_R+1","Defend_R","Bash","Parasite","Armaments+1","Body Slam+1","Feed+1","Immolate+1","Headbutt","Shockwave","Inflame","Anger","Ghostly Armor","Berserk","Twin Strike"],"relics":["Burning Blood","Sling","PreservedInsect","Paper Frog","Bag of Marbles","Odd Mushroom","Philosopher\u0027s Stone","Turnip","Pantograph"],"potions_floor_usage":[6,6,16,18,19],"damage_taken":[{"damage":7,"enemies":"Small Slimes","floor":1,"turns":4},{"damage":2,"enemies":"Cultist","floor":3,"turns":4},{"damage":3,"enemies":"Gremlin Nob","floor":6,"turns":3},{"damage":8,"enemies":"2 Louse","floor":8,"turns":3},{"damage":7,"enemies":"3 Sentries","floor":10,"turns":3},{"damage":9,"enemies":"The Mushroom Lair","floor":13,"turns":2},{"damage":0,"enemies":"2 Fungi Beasts","floor":14,"turns":6},{"damage":10,"enemies":"Slime Boss","floor":16,"turns":7},{"damage":18,"enemies":"3 Byrds","floor":18,"turns":3},{"damage":39,"enemies":"Colosseum Slavers","floor":19,"turns":4},{"damage":0,"enemies":"Colosseum Nobs","floor":19,"turns":1},{"damage":31,"enemies":"Spheric Guardian","floor":20,"turns":4},{"damage":0,"enemies":"Snecko","floor":21,"turns":2},{"damage":42,"enemies":"Shelled Parasite and Fungi","floor":22,"turns":2}],"seed_played":"-7583633164147315679","potions_obtained":[{"floor":1,"key":"AttackPotion"},{"floor":2,"key":"GamblersBrew"},{"floor":13,"key":"FearPotion"},{"floor":14,"key":"EssenceOfSteel"},{"floor":16,"key":"AttackPotion"},{"floor":18,"key":"SteroidPotion"},{"floor":19,"key":"Dexterity Potion"}],"is_trial":false,"path_per_floor":["M","?","M","?","$","E","R","M","T","E","$","R","?","M","R","B",null,"M","?","M","M","M"],"character_chosen":"IRONCLAD","items_purchased":["Sling","Feed","Inflame","Anger"],"campfire_rested":0,"item_purchase_floors":[5,5,11,11],"current_hp_per_floor":[67,67,71,48,48,51,51,53,53,56,56,56,57,67,67,67,88,76,53,28,34,0],"gold":282,"neow_bonus":"TWO_FIFTY_GOLD","is_prod":false,"is_daily":false,"chose_seed":false,"campfire_upgraded":3,"win_rate":0,"timestamp":1553159734,"path_taken":["M","?","?","?","$","E","R","M","T","E","$","R","?","M","R","BOSS","M","?","M","M","M"],"build_version":"2019-01-23","purchased_purges":0,"victory":false,"max_hp_per_floor":[75,75,75,75,75,75,75,79,79,83,83,83,87,91,91,95,95,95,99,99,99,99],"card_choices":[{"not_picked":["Power Through","Sword Boomerang"],"picked":"Armaments","floor":1},{"not_picked":["Pommel Strike","Seeing Red"],"picked":"Body Slam","floor":3},{"not_picked":["Warcry","Blood for Blood"],"picked":"Immolate","floor":6},{"not_picked":["Armaments","Body Slam"],"picked":"Headbutt","floor":8},{"not_picked":["Warcry","Second Wind"],"picked":"Shockwave","floor":10},{"not_picked":["Bloodletting","Thunderclap"],"picked":"Ghostly Armor","floor":13},{"not_picked":["Disarm","Rampage","Burning Pact"],"picked":"SKIP","floor":14},{"not_picked":["Bludgeon","Exhume"],"picked":"Berserk","floor":16},{"not_picked":["Clash","Feel No Pain+1"],"picked":"Twin Strike","floor":18},{"not_picked":["Barricade","Rampage","Corruption"],"picked":"SKIP","floor":20},{"not_picked":["Anger","Heavy Blade","Sever Soul"],"picked":"SKIP","floor":21}],"player_experience":977817,"relics_obtained":[{"floor":6,"key":"PreservedInsect"},{"floor":9,"key":"Paper Frog"},{"floor":10,"key":"Bag of Marbles"},{"floor":13,"key":"Odd Mushroom"},{"floor":19,"key":"Turnip"},{"floor":19,"key":"Pantograph"}],"event_choices":[{"damage_healed":0,"gold_gain":0,"player_choice":"Bought 1 Potion","damage_taken":0,"max_hp_gain":0,"max_hp_loss":0,"event_name":"The Woman in Blue","floor":2,"gold_loss":0},{"damage_healed":0,"gold_gain":0,"player_choice":"Entered Light","damage_taken":23,"max_hp_gain":0,"max_hp_loss":0,"event_name":"Shining Light","floor":4,"gold_loss":0,"cards_upgraded":["Defend_R","Body Slam"]},{"damage_healed":0,"gold_gain":0,"player_choice":"Fought Mushrooms","damage_taken":0,"max_hp_gain":0,"max_hp_loss":0,"event_name":"Mushrooms","floor":13,"gold_loss":0},{"damage_healed":0,"gold_gain":0,"player_choice":"Fight","damage_taken":0,"max_hp_gain":0,"max_hp_loss":0,"event_name":"Colosseum","floor":19,"gold_loss":0},{"damage_healed":0,"gold_gain":0,"player_choice":"Fought Nobs","damage_taken":0,"max_hp_gain":0,"max_hp_loss":0,"event_name":"Colosseum","floor":19,"gold_loss":0}],"is_beta":false,"boss_relics":[{"not_picked":["Ectoplasm","Pandora\u0027s Box"],"picked":"Philosopher\u0027s Stone"}],"items_purged_floors":[],"is_endless":false,"potions_floor_spawned":[1,13,14,16,18,19,19],"killed_by":"Shelled Parasite and Fungi","ascension_level":20}