{"gold_per_floor":[118,268,268,280,280,308,325,9,33,33,58,58,89,99,99,175,175,190,190,190,204,204,204,221,253,253,279,295,295,312,327,327,402,402,420,420,520,537,553,553,588,603,673,673,725,752,764,781,781,781],"floor_reached":50,"playtime":2283,"items_purged":[],"score":1274,"play_id":"7542743c-b54b-403e-887d-fa876725df05","local_time":"20190409161007","is_ascension_mode":true,"campfire_choices":[{"data":"Carnage","floor":10,"key":"SMITH"},{"data":"Blind","floor":15,"key":"SMITH"},{"floor":23,"key":"REST"},{"data":"Bludgeon","floor":29,"key":"SMITH"},{"data":"Body Slam","floor":32,"key":"SMITH"},{"floor":40,"key":"RECALL"},{"data":"Uppercut","floor":49,"key":"SMITH"}],"neow_cost":"NONE","seed_source_timestamp":118147488853100,"circlet_count":0,"master_deck":["AscendersBane","Strike_R","Strike_R","Strike_R+1","Strike_R","Defend_R","Defend_R","Defend_R","Defend_R","Bash","Twin Strike","Offering","Body Slam+1","Pommel Strike+1","Feed","Carnage+1","Blind+1","Shockwave","Shrug It Off","Uppercut+1","Bludgeon+1","Ghostly","Ghostly","Ghostly","Necronomicurse","Iron Wave"],"relics":["Burning Blood","NeowsBlessing","Whetstone","Tiny Chest","Dream Catcher","Centennial Puzzle","Potion Belt","Nunchaku","Busted Crown","Necronomicon","Red Skull","Mercury Hourglass","Pantograph","Coffee Dripper","StoneCalendar","Happy Flower","PreservedInsect","Regal Pillow"],"potions_floor_usage":[11,13,16,25,27,33,33,39,42,48,48],"damage_taken":[{"damage":0,"enemies":"2 Louse","floor":1,"turns":1},{"damage":0,"enemies":"Cultist","floor":4,"turns":1},{"damage":0,"enemies":"Gremlin Nob","floor":6,"turns":1},{"damage":13,"enemies":"Small Slimes","floor":7,"turns":2},{"damage":21,"enemies":"Lagavulin","floor":11,"turns":6},{"damage":12,"enemies":"Gremlin Nob","floor":13,"turns":3},{"damage":3,"enemies":"Looter","floor":14,"turns":3},{"damage":44,"enemies":"Slime Boss","floor":16,"turns":10},{"damage":9,"enemies":"2 Thieves","floor":18,"turns":3},{"damage":8,"enemies":"3 Byrds","floor":21,"turns":5},{"damage":3,"enemies":"Shelled Parasite and Fungi","floor":24,"turns":2},{"damage":12,"enemies":"Slavers","floor":25,"turns":3},{"damage":6,"enemies":"Gremlin Leader","floor":27,"turns":4},{"damage":8,"enemies":"Snecko","floor":28,"turns":3},{"damage":0,"enemies":"Chosen and Byrds","floor":30,"turns":3},{"damage":4,"enemies":"Centurion and Healer","floor":31,"turns":2},{"damage":3,"enemies":"Collector","floor":33,"turns":4},{"damage":6,"enemies":"3 Shapes","floor":35,"turns":2},{"damage":9,"enemies":"Mind Bloom Boss Battle","floor":37,"turns":8},{"damage":0,"enemies":"Orb Walker","floor":38,"turns":2},{"damage":4,"enemies":"Maw","floor":39,"turns":7},{"damage":29,"enemies":"Giant Head","floor":41,"turns":6},{"damage":2,"enemies":"Sphere and 2 Shapes","floor":42,"turns":4},{"damage":25,"enemies":"Nemesis","floor":46,"turns":5},{"damage":1,"enemies":"3 Darklings","floor":47,"turns":7},{"damage":1,"enemies":"Jaw Worm Horde","floor":48,"turns":4},{"damage":67,"enemies":"Awakened One","floor":50,"turns":10}],"seed_played":"3878226267584569477","potions_obtained":[{"floor":1,"key":"FearPotion"},{"floor":7,"key":"Swift Potion"},{"floor":11,"key":"SneckoOil"},{"floor":13,"key":"PowerPotion"},{"floor":14,"key":"SkillPotion"},{"floor":24,"key":"SkillPotion"},{"floor":25,"key":"Strength Potion"},{"floor":30,"key":"Ancient Potion"},{"floor":33,"key":"Block Potion"},{"floor":37,"key":"Regen Potion"},{"floor":41,"key":"BloodPotion"},{"floor":46,"key":"Explosive Potion"},{"floor":47,"key":"Energy Potion"}],"is_trial":false,"path_per_floor":["M","?","?","M","?","E","M","$","T","R","E","?","E","M","R","B",null,"M","?","?","M","?","R","M","E","T","E","M","R","M","M","R","B",null,"M","?","?","M","M","R","E","M","T","?","T","E","M","M","R","B"],"character_chosen":"IRONCLAD","items_purchased":["Tiny Chest","Carnage","Blind"],"campfire_rested":1,"item_purchase_floors":[8,8,8],"current_hp_per_floor":[74,74,74,75,68,74,67,67,67,67,55,50,44,50,50,15,67,67,43,22,23,12,27,33,27,27,27,25,25,31,33,33,54,54,57,47,57,60,60,60,37,56,56,56,56,37,42,53,53,0],"gold":781,"neow_bonus":"THREE_ENEMY_KILL","is_prod":false,"is_daily":false,"chose_seed":false,"campfire_upgraded":5,"win_rate":0,"timestamp":1554815407,"path_taken":["M","?","?","?","?","E","M","$","T","R","E","?","E","?","R","BOSS","M","?","?","M","?","R","M","E","T","E","?","R","M","M","R","BOSS","M","?","?","M","M","R","E","M","T","?","?","E","M","?","R","BOSS"],"build_version":"2019-01-23","purchased_purges":0,"victory":false,"max_hp_per_floor":[75,75,75,75,75,75,75,75,75,75,78,78,78,81,81,84,84,87,43,43,46,51,51,54,54,54,54,54,54,54,54,54,54,54,57,57,60,60,60,60,60,63,63,63,63,63,63,63,63,66],"card_choices":[{"not_picked":["Sentinel","Flex"],"picked":"Twin Strike","floor":1},{"not_picked":["Reckless Charge","Flex"],"picked":"Body Slam","floor":4},{"not_picked":["Heavy Blade","Disarm"],"picked":"Pommel Strike","floor":6},{"not_picked":["Hemokinesis","Ghostly Armor"],"picked":"Feed","floor":7},{"not_picked":["Heavy Blade","Headbutt"],"picked":"Shockwave","floor":11},{"not_picked":["Iron Wave","Wild Strike"],"picked":"Shrug It Off","floor":13},{"not_picked":["Berserk","Headbutt"],"picked":"Uppercut","floor":14},{"not_picked":["Berserk","Juggernaut"],"picked":"Bludgeon","floor":16},{"not_picked":["Seeing Red"],"picked":"SKIP","floor":18},{"not_picked":["Carnage"],"picked":"SKIP","floor":21},{"not_picked":["Carnage"],"picked":"SKIP","floor":21},{"not_picked":[],"picked":"Iron Wave","floor":23},{"not_picked":["Havoc"],"picked":"SKIP","floor":24},{"not_picked":["Sword Boomerang+1"],"picked":"SKIP","floor":25},{"not_picked":["Bloodletting"],"picked":"SKIP","floor":27},{"not_picked":["Pommel Strike"],"picked":"SKIP","floor":28},{"not_picked":["Combust+1"],"picked":"SKIP","floor":30},{"not_picked":["Heavy Blade"],"picked":"SKIP","floor":31},{"not_picked":["Anger"],"picked":"SKIP","floor":35},{"not_picked":["Wild Strike"],"picked":"SKIP","floor":38},{"not_picked":["Flex"],"picked":"SKIP","floor":39},{"not_picked":["Fire Breathing+1"],"picked":"SKIP","floor":41},{"not_picked":["Perfected Strike"],"picked":"SKIP","floor":42},{"not_picked":["Anger"],"picked":"SKIP","floor":46},{"not_picked":["Wild Strike"],"picked":"SKIP","floor":47},{"not_picked":["Sever Soul+1"],"picked":"SKIP","floor":48}],"player_experience":1139418,"relics_obtained":[{"floor":6,"key":"Whetstone"},{"floor":9,"key":"Dream Catcher"},{"floor":11,"key":"Centennial Puzzle"},{"floor":13,"key":"Nunchaku"},{"floor":20,"key":"Necronomicon"},{"floor":25,"key":"Red Skull"},{"floor":26,"key":"Mercury Hourglass"},{"floor":27,"key":"Pantograph"},{"floor":37,"key":"StoneCalendar"},{"floor":41,"key":"Happy Flower"},{"floor":45,"key":"PreservedInsect"},{"floor":46,"key":"Regal Pillow"}],"event_choices":[{"damage_healed":0,"gold_gain":150,"player_choice":"AGREE","damage_taken":0,"max_hp_gain":0,"max_hp_loss":0,"event_name":"Liars Game","floor":2,"gold_loss":0,"cards_obtained":["Doubt"]},{"damage_healed":0,"gold_gain":0,"cards_transformed":["Strike_R"],"player_choice":"Transformed","damage_taken":0,"max_hp_gain":0,"max_hp_loss":0,"event_name":"Transmorgrifier","floor":3,"gold_loss":0,"cards_obtained":["Offering"]},{"cards_removed":["Doubt"],"damage_healed":0,"gold_gain":0,"player_choice":"Card Removal","damage_taken":7,"max_hp_gain":0,"max_hp_loss":0,"event_name":"Golden Wing","floor":5,"gold_loss":0},{"damage_healed":0,"gold_gain":0,"player_choice":"Success","damage_taken":5,"relics_obtained":["Potion Belt"],"max_hp_gain":0,"max_hp_loss":0,"event_name":"Scrap Ooze","floor":12,"gold_loss":0},{"damage_healed":0,"gold_gain":0,"player_choice":"Became a Ghost","damage_taken":0,"max_hp_gain":0,"max_hp_loss":44,"event_name":"Ghosts","floor":19,"gold_loss":0,"cards_obtained":["Ghostly","Ghostly","Ghostly"]},{"damage_healed":0,"gold_gain":0,"player_choice":"Obtained Book","damage_taken":21,"max_hp_gain":0,"max_hp_loss":0,"event_name":"Cursed Tome","floor":20,"gold_loss":0},{"damage_healed":0,"gold_gain":0,"player_choice":"Shed Blood","damage_taken":16,"max_hp_gain":5,"max_hp_loss":0,"event_name":"Forgotten Altar","floor":22,"gold_loss":0},{"damage_healed":0,"gold_gain":0,"player_choice":"Memory 3","damage_taken":10,"max_hp_gain":0,"max_hp_loss":0,"event_name":"SensoryStone","floor":36,"gold_loss":0},{"damage_healed":0,"gold_gain":0,"player_choice":"Fight","damage_taken":0,"max_hp_gain":0,"max_hp_loss":0,"event_name":"MindBloom","floor":37,"gold_loss":0},{"damage_healed":0,"gold_gain":0,"player_choice":"Ignored","damage_taken":0,"max_hp_gain":0,"max_hp_loss":0,"event_name":"Mysterious Sphere","floor":44,"gold_loss":0}],"is_beta":false,"boss_relics":[{"not_picked":["Empty Cage","Mark of Pain"],"picked":"Busted Crown"},{"not_picked":["Calling Bell","Black Star"],"picked":"Coffee Dripper"}],"items_purged_floors":[],"is_endless":false,"potions_floor_spawned":[1,7,11,13,14,24,25,30,33,37,41,46,47],"killed_by":"Awakened One","ascension_level":20}