{"gold_per_floor":[115,131,2,2,32,32,58,58,82,99,99,134,94,107,107,184,184,202,202,252,252],"floor_reached":21,"playtime":859,"items_purged":[],"score":470,"play_id":"ba46afbc-37b3-4484-aa15-5e1e6a1592a5","local_time":"20190511130834","is_ascension_mode":true,"campfire_choices":[{"data":"Caltrops","floor":6,"key":"SMITH"},{"floor":8,"key":"REST"},{"data":"Noxious Fumes","floor":11,"key":"SMITH"},{"data":"Footwork","floor":15,"key":"SMITH"}],"neow_cost":"NONE","seed_source_timestamp":240524188973200,"circlet_count":0,"master_deck":["AscendersBane","Defend_G","Defend_G","Defend_G","Defend_G","Defend_G","Strike_G","Strike_G","Strike_G","Strike_G","Strike_G","Survivor","Neutralize+1","Dagger Spray","Caltrops+1","Footwork","Footwork+1","Noxious Fumes+1","Backflip","Deflect","Burst","Footwork","Backflip","Catalyst","All Out Attack","Decay"],"relics":["Ring of the Snake","Tiny Chest","Pen Nib","Blood Vial","Oddly Smooth Stone","Orrery"],"potions_floor_usage":[7,12],"damage_taken":[{"damage":1,"enemies":"2 Louse","floor":1,"turns":3},{"damage":0,"enemies":"Small Slimes","floor":2,"turns":3},{"damage":44,"enemies":"Gremlin Nob","floor":7,"turns":5},{"damage":5,"enemies":"Jaw Worm","floor":10,"turns":5},{"damage":8,"enemies":"Lagavulin","floor":12,"turns":8},{"damage":0,"enemies":"Looter","floor":13,"turns":4},{"damage":3,"enemies":"Red Slaver","floor":14,"turns":4},{"damage":0,"enemies":"Hexaghost","floor":16,"turns":10},{"damage":38,"enemies":"3 Byrds","floor":18,"turns":6},{"damage":31,"enemies":"Spheric Guardian","floor":21,"turns":5}],"seed_played":"6696313277247980944","potions_obtained":[{"floor":7,"key":"PowerPotion"},{"floor":10,"key":"LiquidBronze"},{"floor":14,"key":"Ancient Potion"}],"is_trial":false,"path_per_floor":["M","M","$","?","?","R","E","R","T","M","R","E","M","M","R","B",null,"M","?","?","M"],"character_chosen":"THE_SILENT","items_purchased":["Footwork","SkillPotion"],"campfire_rested":1,"item_purchase_floors":[3,3],"current_hp_per_floor":[58,58,58,58,53,53,9,28,28,25,25,19,21,20,20,22,55,19,19,19,0],"gold":252,"neow_bonus":"UPGRADE_CARD","is_prod":false,"is_daily":false,"chose_seed":false,"campfire_upgraded":3,"win_rate":0,"timestamp":1557569314,"path_taken":["M","M","$","?","?","R","E","R","T","M","R","E","M","M","R","BOSS","M","?","?","M"],"build_version":"2019-01-23","purchased_purges":0,"victory":false,"max_hp_per_floor":[66,66,66,66,66,66,66,66,66,66,66,66,66,66,66,66,66,66,66,66,66],"card_choices":[{"not_picked":["Bane","Acrobatics"],"picked":"Dagger Spray","floor":1},{"not_picked":["Calculated Gamble","Leg Sweep"],"picked":"Caltrops","floor":2},{"not_picked":["Blade Dance","Dagger Throw"],"picked":"Footwork","floor":7},{"not_picked":["Dagger Spray","Deadly Poison"],"picked":"Noxious Fumes","floor":10},{"not_picked":["Flying Knee","Prepared"],"picked":"Backflip","floor":12},{"not_picked":["Setup","Flying Knee","Expertise"],"picked":"SKIP","floor":13},{"not_picked":["Predator","Flying Knee"],"picked":"Deflect","floor":14},{"not_picked":["Unload","Glass Knife"],"picked":"Burst","floor":16},{"not_picked":["Leg Sweep","Backflip"],"picked":"Footwork","floor":17},{"not_picked":["Blade Dance","Cloak And Dagger"],"picked":"Backflip","floor":17},{"not_picked":["Acrobatics","Sucker Punch"],"picked":"Catalyst","floor":17},{"not_picked":["Prepared","Skewer"],"picked":"All Out Attack","floor":17},{"not_picked":["Underhanded Strike","Choke","Skewer"],"picked":"SKIP","floor":18}],"player_experience":1309989,"relics_obtained":[{"floor":7,"key":"Pen Nib"},{"floor":9,"key":"Blood Vial"},{"floor":12,"key":"Oddly Smooth Stone"}],"event_choices":[{"damage_healed":0,"gold_gain":0,"player_choice":"Ignored","damage_taken":0,"max_hp_gain":0,"max_hp_loss":0,"event_name":"Liars Game","floor":4,"gold_loss":0},{"damage_healed":0,"gold_gain":0,"player_choice":"Success","damage_taken":5,"relics_obtained":["Tiny Chest"],"max_hp_gain":0,"max_hp_loss":0,"event_name":"Scrap Ooze","floor":5,"gold_loss":0},{"damage_healed":0,"gold_gain":0,"player_choice":"Smashed Altar","damage_taken":0,"max_hp_gain":0,"max_hp_loss":0,"event_name":"Forgotten Altar","floor":19,"gold_loss":0,"cards_obtained":["Decay"]},{"damage_healed":0,"gold_gain":50,"player_choice":"Pray","damage_taken":0,"max_hp_gain":0,"max_hp_loss":0,"event_name":"Golden Shrine","floor":20,"gold_loss":0}],"is_beta":false,"boss_relics":[{"not_picked":["Runic Dome","Lizard Tail"],"picked":"Orrery"}],"items_purged_floors":[],"is_endless":false,"potions_floor_spawned":[7,10,14],"killed_by":"Spheric Guardian","ascension_level":20}