{"gold_per_floor":[118,43,43,43,61,61,84,84,84,100,100,118,118,132,132,232,232,251,265,265,141,240,240,253,253,305,180,198,198,211,222,222,327,327,337,337,347,197,197,197,212,212,212,231,231,32,32,43,43,43],"floor_reached":51,"playtime":2762,"items_purged":["Strike_B","Strike_B","Strike_B","Strike_B","Defend_B"],"score":762,"play_id":"8ac0ae46-da3b-44e8-88ef-4463bcc26871","local_time":"20180625005320","is_ascension_mode":false,"campfire_choices":[{"data":"Zap","floor":6,"key":"SMITH"},{"data":"Scrape","floor":11,"key":"SMITH"},{"data":"Dualcast","floor":13,"key":"SMITH"},{"data":"Go for the Eyes","floor":15,"key":"SMITH"},{"data":"Steam","floor":23,"key":"SMITH"},{"data":"Go for the Eyes","floor":29,"key":"SMITH"},{"data":"Auto Shields","floor":32,"key":"SMITH"},{"data":"Madness","floor":40,"key":"SMITH"},{"data":"Madness","floor":42,"key":"SMITH"},{"data":"Core Surge","floor":45,"key":"SMITH"},{"data":"Steam","floor":49,"key":"SMITH"}],"neow_cost":"NONE","seed_source_timestamp":60613944270763,"circlet_count":0,"master_deck":["Defend_B","Defend_B","Defend_B","Zap+1","Dualcast+1","Core Surge+1","Auto Shields+1","Go for the Eyes+1","Scrape+1","Gash","Gash","Gash+1","Steam+1","Go for the Eyes+1","Madness+1","Madness+1","Gash+1","Steam+1","Beam Cell+1"],"relics":["Cracked Core","Mango","Boot","Unceasing Top","Anchor","Sozu","Potion Belt","Mercury Hourglass"],"potions_floor_usage":[12,14,18,33,50],"damage_taken":[{"damage":1,"enemies":"Jaw Worm","floor":1,"turns":2},{"damage":2,"enemies":"2 Louse","floor":5,"turns":2},{"damage":0,"enemies":"Cultist","floor":10,"turns":2},{"damage":0,"enemies":"Lots of Slimes","floor":12,"turns":3},{"damage":5,"enemies":"Exordium Thugs","floor":14,"turns":3},{"damage":30,"enemies":"Hexaghost","floor":16,"turns":10},{"damage":1,"enemies":"Chosen","floor":18,"turns":4},{"damage":8,"enemies":"Shell Parasite","floor":19,"turns":3},{"damage":2,"enemies":"Cultist and Chosen","floor":24,"turns":5},{"damage":3,"enemies":"Chosen and Byrds","floor":28,"turns":6},{"damage":0,"enemies":"Centurion and Healer","floor":30,"turns":5},{"damage":13,"enemies":"Snake Plant","floor":31,"turns":5},{"damage":42,"enemies":"Automaton","floor":33,"turns":9},{"damage":1,"enemies":"3 Darklings","floor":35,"turns":4},{"damage":3,"enemies":"3 Shapes","floor":37,"turns":5},{"damage":0,"enemies":"Maw","floor":41,"turns":5},{"damage":17,"enemies":"4 Shapes","floor":44,"turns":3},{"damage":0,"enemies":"3 Darklings","floor":48,"turns":2},{"damage":0,"enemies":"Donu and Deca","floor":50,"turns":3}],"seed_played":"5644913693536789567","potions_obtained":[{"floor":4,"key":"LiquidBronze"},{"floor":4,"key":"Ancient Potion"},{"floor":4,"key":"SneckoOil"},{"floor":5,"key":"Block Potion"},{"floor":10,"key":"SteroidPotion"},{"floor":12,"key":"SpeedPotion"},{"floor":19,"key":"Explosive Potion"},{"floor":28,"key":"Regen Potion"},{"floor":31,"key":"Block Potion"}],"is_trial":false,"path_per_floor":["M","$","?","?","M","R","T","?","T","M","R","M","R","M","R","B",null,"M","M","?","$","?","R","M","?","T","$","M","R","M","M","R","B",null,"M","?","M","$","?","R","M","R","T","M","R","$","T","M","R","B"],"character_chosen":"DEFECT","items_purchased":["Steam","Steam"],"campfire_rested":0,"item_purchase_floors":[21,46],"current_hp_per_floor":[74,74,63,63,61,61,61,66,66,66,66,66,66,61,61,31,94,93,85,85,85,85,85,83,83,83,83,80,80,80,67,67,25,94,93,81,78,78,94,94,94,94,94,77,77,77,77,77,77,86],"gold":43,"neow_bonus":"ONE_RANDOM_RARE_CARD","is_prod":false,"is_daily":false,"chose_seed":false,"campfire_upgraded":11,"win_rate":0,"timestamp":1529880800,"path_taken":["M","$","?","?","?","R","?","?","T","M","R","M","R","M","R","BOSS","M","M","?","$","?","R","?","?","T","$","M","R","?","M","R","BOSS","M","?","M","$","?","R","?","R","T","M","R","?","?","?","R","BOSS"],"build_version":"2018-06-21v2","purchased_purges":5,"victory":true,"max_hp_per_floor":[75,75,89,89,89,89,89,94,94,94,94,94,94,94,94,94,94,94,94,94,94,94,94,94,94,94,94,94,94,94,94,94,94,94,94,94,94,94,94,94,94,94,94,94,94,94,94,94,94,94],"card_choices":[{"not_picked":["Turbo","Genetic Algorithm"],"picked":"Auto Shields","floor":1},{"not_picked":["Storm","Barrage"],"picked":"Go for the Eyes","floor":5},{"not_picked":["Coolheaded","Defragment"],"picked":"Scrape","floor":10},{"not_picked":["Heatsinks","Sweeping Beam"],"picked":"Gash","floor":12},{"not_picked":["Capacitor","Cold Snap"],"picked":"Gash","floor":14},{"not_picked":["Loop","Melter"],"picked":"Gash+1","floor":18},{"not_picked":["Self Repair","Leap+1","Loop"],"picked":"SKIP","floor":19},{"not_picked":["Turbo","Streamline"],"picked":"Go for the Eyes","floor":24},{"not_picked":["Leap","Turbo","Meteor Strike"],"picked":"SKIP","floor":28},{"not_picked":["Sweeping Beam","Stack","Barrage"],"picked":"SKIP","floor":30},{"not_picked":["Ball Lightning","Rebound","Hologram"],"picked":"SKIP","floor":31},{"not_picked":["Heatsinks+1","Sweeping Beam+1","Defragment+1"],"picked":"SKIP","floor":35},{"not_picked":["Cold Snap","Self Repair+1","Sweeping Beam"],"picked":"SKIP","floor":37},{"not_picked":["Steam+1","Loop"],"picked":"Gash+1","floor":41},{"not_picked":["Aggregate","Leap","Sweeping Beam"],"picked":"SKIP","floor":44},{"not_picked":["Buffer","Leap"],"picked":"Beam Cell+1","floor":48}],"player_experience":272289,"relics_obtained":[{"floor":7,"key":"Boot"},{"floor":9,"key":"Unceasing Top"},{"floor":26,"key":"Anchor"},{"floor":43,"key":"Potion Belt"},{"floor":47,"key":"Mercury Hourglass"}],"event_choices":[{"event_name":"Scrap Ooze","player_choice":"success","floor":3,"damage_taken":25},{"event_name":"The Lab","player_choice":"Got Potions","floor":4,"damage_taken":0},{"event_name":"Big Fish","player_choice":"Donut","floor":8,"damage_taken":0},{"event_name":"Vampires","player_choice":"Ignored","floor":20,"damage_taken":0},{"event_name":"Nest","player_choice":"Stole From Cult","floor":22,"damage_taken":0},{"event_name":"Drug Dealer","player_choice":"Ignored","floor":25,"damage_taken":0},{"event_name":"Winding Halls","player_choice":"Embrace Madness","floor":36,"damage_taken":0},{"event_name":"Wheel of Change","player_choice":"Full Heal","floor":39,"damage_taken":0}],"boss_relics":[{"not_picked":["Runic Dome","Velvet Choker","Busted Crown"]},{"not_picked":["Cursed Key","Lizard Tail"],"picked":"Sozu"}],"items_purged_floors":[2,21,27,38,46],"is_endless":false,"potions_floor_spawned":[5,10,12,19,28,30,31,41,44,48],"ascension_level":0}