{"gold_per_floor":[109,109,120,120,120,149,161,161,191,64,64,74,74,93,93,165,165,183,183,183,183,233,233,262,262,262,148,148,175,3,33,33,110,110,126,126,126,51,64,64,83,83,83,83],"floor_reached":44,"playtime":3081,"items_purged":["Strike_G+1"],"score":870,"play_id":"66c7f951-5916-4964-bb06-ecd57770548c","local_time":"20190822223420","is_ascension_mode":true,"campfire_choices":[{"data":"Doppelganger","floor":8,"key":"SMITH"},{"data":"Dagger Spray","floor":13,"key":"SMITH"},{"floor":15,"key":"REST"},{"data":"A Thousand Cuts","floor":23,"key":"SMITH"},{"data":"Glass Knife","floor":25,"key":"SMITH"},{"data":"Footwork","floor":28,"key":"SMITH"},{"floor":32,"key":"REST"},{"data":"Footwork","floor":40,"key":"SMITH"},{"data":"Cloak And Dagger","floor":42,"key":"SMITH"}],"neow_cost":"NONE","seed_source_timestamp":45126630695099,"circlet_count":0,"master_deck":["AscendersBane","Strike_G+1","Strike_G+1","Strike_G+1","Defend_G+1","Defend_G+1","Defend_G+1","Defend_G+1","Defend_G+1","Survivor","Neutralize+1","Deflect","Sucker Punch","Doppelganger+1","Dash","Dagger Spray+1","Footwork+1","A Thousand Cuts+1","Blade Dance","Footwork+1","Glass Knife+1","Deadly Poison","PiercingWail","Well Laid Plans+1","Endless Agony","Acrobatics","Malaise+1","Glass Knife","Cloak And Dagger+1","Dodge and Roll"],"relics":["Ring of the Serpent","Letter Opener","Tiny Chest","Sozu","Gambling Chip","Dream Catcher","Frozen Egg 2","Bird Faced Urn","Bag of Preparation","Ancient Tea Set","Prayer Wheel"],"potions_floor_usage":[6,7,16,24],"damage_taken":[{"damage":4,"enemies":"Cultist","floor":1,"turns":5},{"damage":0,"enemies":"Small Slimes","floor":3,"turns":5},{"damage":47,"enemies":"3 Sentries","floor":6,"turns":14},{"damage":0,"enemies":"2 Louse","floor":7,"turns":6},{"damage":1,"enemies":"2 Fungi Beasts","floor":12,"turns":3},{"damage":0,"enemies":"Lots of Slimes","floor":14,"turns":1},{"damage":34,"enemies":"Slime Boss","floor":16,"turns":12},{"damage":3,"enemies":"3 Byrds","floor":18,"turns":6},{"damage":16,"enemies":"Slavers","floor":24,"turns":4},{"damage":10,"enemies":"Gremlin Leader","floor":29,"turns":7},{"damage":12,"enemies":"Slavers","floor":31,"turns":9},{"damage":3,"enemies":"Collector","floor":33,"turns":11},{"damage":8,"enemies":"3 Darklings","floor":35,"turns":6},{"damage":0,"enemies":"Orb Walker","floor":39,"turns":5},{"damage":28,"enemies":"Transient","floor":41,"turns":6},{"damage":69,"enemies":"Giant Head","floor":44,"turns":12}],"seed_played":"-9023235230221006955","potions_obtained":[{"floor":3,"key":"Dexterity Potion"},{"floor":7,"key":"Fruit Juice"},{"floor":12,"key":"SkillPotion"},{"floor":16,"key":"Explosive Potion"}],"is_trial":false,"path_per_floor":["M","?","M","?","?","E","M","R","T","$","?","M","R","M","R","B",null,"M","?","T","$","?","R","E","R","T","$","R","E","$","E","R","B",null,"M","?","?","$","M","R","M","R","T","E"],"character_chosen":"THE_SILENT","items_purchased":["Dagger Spray","Footwork","Well Laid Plans+1","Endless Agony","Bag of Preparation"],"campfire_rested":2,"item_purchase_floors":[10,10,27,27,30],"current_hp_per_floor":[61,61,61,61,61,14,19,19,19,19,19,18,18,18,41,7,60,57,57,57,57,57,57,41,41,41,41,41,31,31,27,50,55,72,69,69,69,69,77,77,51,51,51,0],"gold":83,"neow_bonus":"TEN_PERCENT_HP_BONUS","is_prod":false,"is_daily":false,"chose_seed":false,"campfire_upgraded":7,"win_rate":0,"timestamp":1566506060,"path_taken":["M","?","M","?","?","E","M","R","T","$","?","?","R","M","R","BOSS","M","?","?","?","?","R","E","R","T","$","R","E","?","E","R","BOSS","M","?","?","$","M","R","?","R","T","E"],"build_version":"2019-07-17","purchased_purges":1,"victory":false,"max_hp_per_floor":[72,72,72,72,72,72,77,77,77,77,77,77,77,77,77,77,77,77,77,77,77,77,77,77,77,77,77,77,77,77,77,77,77,77,77,77,77,77,77,77,77,77,77,77],"card_choices":[{"not_picked":["Backflip","Setup"],"picked":"Deflect","floor":1},{"not_picked":["Acrobatics","Flying Knee"],"picked":"Sucker Punch","floor":3},{"not_picked":["Dagger Throw","Caltrops"],"picked":"Doppelganger","floor":6},{"not_picked":["Sucker Punch","Quick Slash"],"picked":"Dash","floor":7},{"not_picked":["Sucker Punch","Catalyst"],"picked":"Blade Dance","floor":12},{"not_picked":["Reflex","Deflect"],"picked":"Footwork","floor":14},{"not_picked":["Phantasmal Killer","Die Die Die"],"picked":"Glass Knife","floor":16},{"not_picked":["Prepared","Accuracy"],"picked":"Deadly Poison","floor":18},{"not_picked":["Finisher+1","Infinite Blades"],"picked":"PiercingWail","floor":24},{"not_picked":["Riddle With Holes","Deadly Poison"],"picked":"Acrobatics","floor":29},{"not_picked":["Blade Dance","Doppelganger"],"picked":"Malaise","floor":31},{"not_picked":["Venomology","Unload"],"picked":"Glass Knife","floor":33},{"not_picked":["Poisoned Stab+1","Eviscerate","Terror"],"picked":"SKIP","floor":35},{"not_picked":["Calculated Gamble","Deadly Poison"],"picked":"Cloak And Dagger","floor":39},{"not_picked":["Deflect","Dash"],"picked":"Dodge and Roll","floor":41}],"player_experience":1011184,"relics_obtained":[{"floor":6,"key":"Letter Opener"},{"floor":9,"key":"Tiny Chest"},{"floor":20,"key":"Gambling Chip"},{"floor":24,"key":"Dream Catcher"},{"floor":26,"key":"Frozen Egg 2"},{"floor":29,"key":"Bird Faced Urn"},{"floor":31,"key":"Ancient Tea Set"},{"floor":43,"key":"Prayer Wheel"}],"event_choices":[{"damage_healed":0,"gold_gain":0,"player_choice":"Ignored","damage_taken":0,"max_hp_gain":0,"max_hp_loss":0,"event_name":"Golden Wing","floor":2,"gold_loss":0},{"damage_healed":0,"gold_gain":0,"player_choice":"Ignored","damage_taken":0,"max_hp_gain":0,"max_hp_loss":0,"event_name":"Golden Idol","floor":4,"gold_loss":0},{"damage_healed":0,"gold_gain":0,"player_choice":"Grow","damage_taken":0,"max_hp_gain":0,"max_hp_loss":0,"event_name":"Living Wall","floor":5,"gold_loss":0,"cards_upgraded":["Neutralize"]},{"damage_healed":0,"gold_gain":0,"cards_transformed":["Strike_G"],"player_choice":"Transformed","damage_taken":0,"max_hp_gain":0,"max_hp_loss":0,"event_name":"Transmorgrifier","floor":11,"gold_loss":0,"cards_obtained":["A Thousand Cuts"]},{"damage_healed":0,"gold_gain":0,"player_choice":"Simplicity","damage_taken":0,"max_hp_gain":0,"max_hp_loss":0,"event_name":"Back to Basics","floor":19,"gold_loss":0,"cards_upgraded":["Strike_G","Strike_G","Strike_G","Strike_G","Defend_G","Defend_G","Defend_G","Defend_G","Defend_G"]},{"damage_healed":0,"gold_gain":50,"player_choice":"Stole From Cult","damage_taken":0,"max_hp_gain":0,"max_hp_loss":0,"event_name":"Nest","floor":22,"gold_loss":0},{"damage_healed":0,"gold_gain":0,"player_choice":"Ignored","damage_taken":0,"max_hp_gain":0,"max_hp_loss":0,"event_name":"Tomb of Lord Red Mask","floor":36,"gold_loss":0},{"damage_healed":0,"gold_gain":0,"player_choice":"Upgraded","damage_taken":0,"max_hp_gain":0,"max_hp_loss":0,"event_name":"Upgrade Shrine","floor":37,"gold_loss":0,"cards_upgraded":["Malaise"]}],"is_beta":false,"boss_relics":[{"not_picked":["Astrolabe","White Beast Statue"],"picked":"Sozu"},{"not_picked":["Runic Dome","Orrery"],"picked":"Ring of the Serpent"}],"items_purged_floors":[38],"is_endless":false,"potions_floor_spawned":[3,7,12,16,18,31,39],"killed_by":"Giant Head","ascension_level":18}