{"gold_per_floor":[110,123,123,11,22,53,53,79,79,79,93,107,121,152,152,152],"floor_reached":16,"playtime":648,"items_purged":[],"score":159,"play_id":"61bfca1c-f49e-4aeb-a1ec-e49a10308d54","local_time":"20190331004021","is_ascension_mode":true,"campfire_choices":[{"data":"Whirlwind","floor":7,"key":"SMITH"},{"data":"Bash","floor":10,"key":"SMITH"},{"data":"True Grit","floor":15,"key":"SMITH"}],"neow_cost":"NONE","seed_source_timestamp":33067674620348,"circlet_count":0,"master_deck":["Strike_R","Strike_R","Strike_R","Strike_R","Defend_R","Defend_R","Defend_R","Defend_R","Bash+1","Whirlwind+1","Metallicize","Disarm","Pummel","Iron Wave","Ghostly Armor","Pummel","Sword Boomerang","True Grit+1"],"relics":["Burning Blood","PreservedInsect","Darkstone Periapt","Red Skull","Potion Belt"],"potions_floor_usage":[16],"damage_taken":[{"damage":2,"enemies":"2 Louse","floor":1,"turns":4},{"damage":6,"enemies":"Cultist","floor":2,"turns":4},{"damage":10,"enemies":"Jaw Worm","floor":5,"turns":4},{"damage":37,"enemies":"Lagavulin","floor":6,"turns":10},{"damage":21,"enemies":"Gremlin Nob","floor":8,"turns":4},{"damage":6,"enemies":"Red Slaver","floor":11,"turns":3},{"damage":2,"enemies":"Large Slime","floor":12,"turns":4},{"damage":0,"enemies":"2 Fungi Beasts","floor":13,"turns":1},{"damage":5,"enemies":"3 Sentries","floor":14,"turns":4},{"damage":61,"enemies":"Hexaghost","floor":16,"turns":14}],"seed_played":"-5163019296271791359","potions_obtained":[{"floor":1,"key":"Energy Potion"},{"floor":5,"key":"Regen Potion"},{"floor":11,"key":"FearPotion"},{"floor":14,"key":"SteroidPotion"}],"is_trial":false,"path_per_floor":["M","M","?","$","M","E","R","E","T","R","M","M","M","E","R","B"],"character_chosen":"IRONCLAD","items_purchased":["Disarm","Pummel"],"campfire_rested":0,"item_purchase_floors":[4,4],"current_hp_per_floor":[84,84,84,84,80,49,49,34,34,34,34,38,44,45,45,0],"gold":152,"neow_bonus":"TEN_PERCENT_HP_BONUS","is_prod":false,"is_daily":false,"chose_seed":false,"campfire_upgraded":3,"win_rate":0,"timestamp":1554003621,"path_taken":["M","M","?","$","M","E","R","E","T","R","?","M","M","E","R","BOSS"],"build_version":"2019-01-23","purchased_purges":0,"victory":false,"max_hp_per_floor":[88,88,88,88,88,88,88,88,88,88,88,88,88,88,88,88],"card_choices":[{"not_picked":["Evolve","Heavy Blade"],"picked":"Whirlwind","floor":1},{"not_picked":["Havoc","Cleave"],"picked":"Metallicize","floor":2},{"not_picked":["Dual Wield","Infernal Blade"],"picked":"Iron Wave","floor":5},{"not_picked":["Warcry","Dark Embrace","Heavy Blade"],"picked":"SKIP","floor":6},{"not_picked":["Searing Blow","Wild Strike"],"picked":"Ghostly Armor","floor":8},{"not_picked":["Warcry","Perfected Strike"],"picked":"Pummel","floor":11},{"not_picked":["Wild Strike","Flex"],"picked":"Sword Boomerang","floor":12},{"not_picked":["Sentinel","Sword Boomerang"],"picked":"True Grit","floor":13},{"not_picked":["Bludgeon","Thunderclap","Whirlwind"],"picked":"SKIP","floor":14}],"player_experience":429578,"relics_obtained":[{"floor":6,"key":"PreservedInsect"},{"floor":8,"key":"Darkstone Periapt"},{"floor":9,"key":"Red Skull"},{"floor":14,"key":"Potion Belt"}],"event_choices":[{"cards_removed":["Strike_R"],"damage_healed":0,"gold_gain":0,"player_choice":"Purged","damage_taken":0,"max_hp_gain":0,"max_hp_loss":0,"event_name":"Purifier","floor":3,"gold_loss":0}],"is_beta":false,"boss_relics":[],"items_purged_floors":[],"is_endless":false,"potions_floor_spawned":[1,5,11,12,14],"killed_by":"Hexaghost","ascension_level":6}