{"gold_per_floor":[114,132,152,152,152,181,181,201,273,291,291,69,144,157,157,255,255,271,282,298,102,102,102,132,56,81,96,96,115,115,132,132,228,228,245,245,256,0,0,0,20,20,100,50,70,90,40,40,40,40],"floor_reached":50,"playtime":2456,"items_purged":["Regret","Doubt","Strike_B"],"score":639,"play_id":"49226439-385e-4dcb-b7b5-ea886278713e","local_time":"20180717132930","is_ascension_mode":false,"campfire_choices":[{"data":"Zap","floor":7.0,"key":"SMITH"},{"data":"Beam Cell","floor":11.0,"key":"SMITH"},{"data":"Gash","floor":15.0,"key":"SMITH"},{"data":"Gash","floor":23.0,"key":"SMITH"},{"data":"Ball Lightning","floor":28.0,"key":"SMITH"},{"data":"Rainbow","floor":32.0,"key":"SMITH"},{"data":"Electrodynamics","floor":40,"key":"SMITH"},{"data":"Defragment","floor":42,"key":"SMITH"},{"data":"Thunder Strike","floor":49,"key":"SMITH"}],"neow_cost":"TEN_PERCENT_HP_LOSS","seed_source_timestamp":0,"circlet_count":0,"master_deck":["Strike_B","Strike_B","Defend_B","Defend_B","Defend_B","Zap+1","Dualcast","Rainbow+1","Hyperbeam","Gash+1","Self Repair+1","Steam","Leap","Beam Cell+1","Gash+1","Thunder Strike+1","Gash","Conserve Battery","Stack","Leap","Sunder","Turbo","Ball Lightning+1","Defragment+1","Rip and Tear","Hologram+1","Electrodynamics+1","Leap+1","Cold Snap+1","Ball Lightning","Tempest+1","Streamline+1","Self Repair+1","Writhe"],"special_seed":0,"relics":["Cracked Core","Mango","Bag of Preparation","Kunai","Blood Vial","Orrery","Runic Capacitor","Smiling Mask","Shuriken","Potion Belt","Cursed Key","Red Mask","Du-Vu Doll","Mummified Hand"],"potions_floor_usage":[39,41,50,50],"damage_taken":[{"damage":3.0,"enemies":"Jaw Worm","floor":1.0,"turns":3.0},{"damage":5.0,"enemies":"2 Louse","floor":2.0,"turns":2.0},{"damage":2.0,"enemies":"Small Slimes","floor":3.0,"turns":3.0},{"damage":19.0,"enemies":"Gremlin Nob","floor":6.0,"turns":4.0},{"damage":0.0,"enemies":"Blue Slaver","floor":8.0,"turns":3.0},{"damage":11.0,"enemies":"Large Slime","floor":10.0,"turns":4.0},{"damage":13.0,"enemies":"Gremlin Gang","floor":14.0,"turns":3.0},{"damage":34.0,"enemies":"Hexaghost","floor":16.0,"turns":7.0},{"damage":6.0,"enemies":"2 Thieves","floor":18.0,"turns":4.0},{"damage":9.0,"enemies":"3 Byrds","floor":19.0,"turns":5.0},{"damage":7.0,"enemies":"Snecko","floor":20.0,"turns":6.0},{"damage":19.0,"enemies":"Slavers","floor":24.0,"turns":5.0},{"damage":27.0,"enemies":"Centurion and Healer","floor":27.0,"turns":8.0},{"damage":4.0,"enemies":"Snake Plant","floor":29.0,"turns":4.0},{"damage":33.0,"enemies":"Cultist and Chosen","floor":31.0,"turns":6.0},{"damage":19.0,"enemies":"Champ","floor":33.0,"turns":11.0},{"damage":16,"enemies":"3 Shapes","floor":35,"turns":3},{"damage":18,"enemies":"Orb Walker","floor":37,"turns":4},{"damage":42,"floor":39,"turns":6},{"damage":0,"enemies":"Sphere and 2 Shapes","floor":41,"turns":5},{"damage":20,"enemies":"3 Darklings","floor":45,"turns":4},{"damage":13,"enemies":"Spire Growth","floor":46,"turns":4},{"damage":82,"enemies":"Time Eater","floor":50,"turns":8}],"seed_played":"-6698166461062946522","potions_obtained":[{"floor":2.0,"key":"GamblersBrew"},{"floor":10.0,"key":"AttackPotion"},{"floor":14.0,"key":"LiquidBronze"},{"floor":16.0,"key":"Energy Potion"},{"floor":19.0,"key":"Strength Potion"},{"floor":20.0,"key":"Weak Potion"},{"floor":27.0,"key":"Block Potion"},{"floor":35,"key":"PowerPotion"},{"floor":37,"key":"SpeedPotion"},{"floor":41,"key":"Dexterity Potion"}],"is_trial":false,"path_per_floor":["M","M","M","?","?","E","R","M","T","M","R","$","?","M","R","B",null,"M","M","M","$","?","R","E","$","T","M","R","M","?","M","R","B",null,"M","?","M","?","?","R","M","R","T","$","M","M","$","?","R"],"character_chosen":"DEFECT","items_purchased":["Blood Vial","Runic Capacitor","Defragment"],"campfire_rested":0,"item_purchase_floors":[12,21,25],"current_hp_per_floor":[65,60,58,72,72,63,63,73,73,72,72,72,61,60,60,38,82,82,82,82,82,82,82,73,73,73,58,58,66,66,45,45,38,82,76,76,70,70,47,47,59,59,59,59,51,50,50,71,71,0],"gold":40,"neow_bonus":"TRANSFORM_TWO_CARDS","is_prod":false,"is_daily":false,"chose_seed":false,"campfire_upgraded":9,"win_rate":0,"timestamp":1531826970,"path_taken":["M","M","M","?","?","E","R","?","T","M","R","$","?","M","R","BOSS","M","?","M","$","?","R","E","$","T","?","R","M","?","?","R","BOSS","M","?","?","?","?","R","M","R","T","$","M","?","$","?","R","BOSS"],"build_version":"2018-07-12","purchased_purges":3,"victory":false,"max_hp_per_floor":[68,68,68,82,82,82,82,82,82,82,82,82,82,82,82,82,82,82,82,82,82,82,82,82,82,82,82,82,82,82,82,82,82,82,82,82,82,82,82,82,82,82,82,82,82,82,82,82,82,82],"card_choices":[{"not_picked":["Steam","Reinforced Body"],"picked":"Gash","floor":1.0},{"not_picked":["Sweeping Beam","Melter"],"picked":"Streamline","floor":2.0},{"not_picked":["Coolheaded","Chill"],"picked":"Self Repair","floor":3.0},{"not_picked":["Biased Cognition","Aggregate"],"picked":"Steam","floor":6.0},{"not_picked":["Heatsinks","Barrage"],"picked":"Leap","floor":8.0},{"not_picked":["Hologram","Cold Snap"],"picked":"Beam Cell","floor":10.0},{"not_picked":["Cold Snap","Defragment"],"picked":"Gash","floor":14.0},{"not_picked":["Multi-Cast","Reboot"],"picked":"Thunder Strike","floor":16.0},{"not_picked":["Beam Cell","Aggregate"],"picked":"Gash","floor":17.0},{"not_picked":["Rebound","Undo"],"picked":"Conserve Battery","floor":17.0},{"not_picked":["Reprogram","Capacitor"],"picked":"Stack","floor":17.0},{"not_picked":["Conserve Battery","Scrape"],"picked":"Leap","floor":17.0},{"not_picked":["Stack","Melter"],"picked":"Sunder","floor":17.0},{"not_picked":["Capacitor","Streamline"],"picked":"Turbo","floor":18.0},{"not_picked":["Recycle","Cold Snap","Steam"],"picked":"SKIP","floor":19.0},{"not_picked":["Redo","Coolheaded+1","Barrage"],"picked":"SKIP","floor":20.0},{"not_picked":["Fusion","Buffer"],"picked":"Ball Lightning","floor":24.0},{"not_picked":["Stack","Recycle","Streamline"],"picked":"SKIP","floor":27.0},{"not_picked":["Skim","Lockon","Stack"],"picked":"SKIP","floor":29.0},{"not_picked":["Fission","Tempest"],"picked":"Hologram+1","floor":31.0},{"not_picked":["Multi-Cast","Fission"],"picked":"Electrodynamics","floor":33.0},{"not_picked":["Consume","Barrage+1"],"picked":"Leap+1","floor":35},{"not_picked":["Rebound+1","Leap"],"picked":"Cold Snap+1","floor":37},{"not_picked":["Hologram","Steam+1"],"picked":"Ball Lightning","floor":39},{"not_picked":["Aggregate","Rebound"],"picked":"Tempest+1","floor":41},{"not_picked":["Rebound","Gash"],"picked":"Streamline+1","floor":45},{"not_picked":["Doom and Gloom","Compile Driver"],"picked":"Self Repair+1","floor":46}],"player_experience":111331,"relics_obtained":[{"floor":6.0,"key":"Bag of Preparation"},{"floor":9.0,"key":"Kunai"},{"floor":24.0,"key":"Shuriken"},{"floor":26.0,"key":"Potion Belt"},{"floor":39,"key":"Du-Vu Doll"},{"floor":43,"key":"Mummified Hand"}],"event_choices":[{"event_name":"Big Fish","player_choice":"Box","floor":4.0,"damage_taken":0.0},{"event_name":"Living Wall","player_choice":"Grow","floor":5.0,"damage_taken":0.0},{"event_name":"World of Goop","player_choice":"Gather Gold","floor":13.0,"damage_taken":0.0},{"event_name":"The Mausoleum","player_choice":"Yes","floor":22.0,"damage_taken":0.0},{"event_name":"The Library","player_choice":"Read","floor":30.0,"damage_taken":0.0},{"event_name":"Falling","player_choice":"Removed Attack","floor":36,"damage_taken":0},{"event_name":"Tomb of Lord Red Mask","player_choice":"Paid","floor":38,"damage_taken":0},{"event_name":"MindBloom","player_choice":"Fight","floor":39,"damage_taken":0},{"event_name":"Winding Halls","player_choice":"Writhe","floor":48,"damage_taken":0}],"boss_relics":[{"not_picked":["Astrolabe","Eternal Feather"],"picked":"Orrery"},{"not_picked":["Philosopher\u0027s Stone","Runic Dome"],"picked":"Cursed Key"}],"items_purged_floors":[12,44,47],"is_endless":false,"potions_floor_spawned":[2,10,14,16,19,20,27,35,37,41],"killed_by":"Time Eater","ascension_level":0}