{"gold_per_floor":[110,126,136,147,172,172,198,198,251,278,293,12,12,12,12,12],"floor_reached":16,"playtime":476,"items_purged":[],"score":220,"play_id":"4ed98264-adcd-43dc-bc25-f6a8daefa8d7","local_time":"20190208135454","is_ascension_mode":true,"campfire_choices":[{"data":"Sunder","floor":6,"key":"SMITH"},{"data":"Genetic Algorithm","floor":8,"key":"SMITH"},{"data":"Zap","floor":13,"key":"SMITH"},{"data":"Streamline","floor":15,"key":"SMITH"}],"neow_cost":"NONE","seed_source_timestamp":873340428793661,"circlet_count":0,"master_deck":["AscendersBane","Strike_B","Strike_B","Strike_B","Strike_B","Defend_B","Defend_B","Defend_B","Defend_B","Zap+1","Dualcast","Cold Snap","Streamline+1","Sunder+1","Genetic Algorithm+1","Capacitor","Coolheaded+1"],"relics":["Cracked Core","Dream Catcher","Potion Belt","Toxic Egg 2","Pantograph"],"potions_floor_usage":[4,7,11,16],"damage_taken":[{"damage":2,"enemies":"Cultist","floor":1,"turns":4},{"damage":3,"enemies":"2 Louse","floor":2,"turns":3},{"damage":7,"enemies":"Small Slimes","floor":3,"turns":3},{"damage":8,"enemies":"Exordium Thugs","floor":4,"turns":4},{"damage":28,"enemies":"Gremlin Nob","floor":7,"turns":4},{"damage":32,"enemies":"3 Sentries","floor":10,"turns":9},{"damage":3,"enemies":"Looter","floor":11,"turns":3},{"damage":35,"enemies":"Hexaghost","floor":16,"turns":9}],"seed_played":"-7330242870284719910","potions_obtained":[{"floor":2,"key":"FearPotion"},{"floor":4,"key":"Regen Potion"},{"floor":10,"key":"Regen Potion"},{"floor":11,"key":"AttackPotion"}],"is_trial":false,"path_per_floor":["M","M","M","M","T","R","E","R","T","E","M","$","R","?","R","B"],"character_chosen":"DEFECT","items_purchased":["Pantograph"],"campfire_rested":0,"item_purchase_floors":[12],"current_hp_per_floor":[69,66,59,51,51,51,35,35,35,3,5,5,5,5,5,0],"gold":12,"neow_bonus":"TEN_PERCENT_HP_BONUS","is_prod":false,"is_daily":false,"chose_seed":false,"campfire_upgraded":4,"win_rate":0,"timestamp":1549630494,"path_taken":["M","?","M","M","?","R","E","R","T","E","M","$","R","?","R","BOSS"],"build_version":"2019-01-23","purchased_purges":0,"victory":false,"max_hp_per_floor":[78,78,78,78,78,78,78,78,78,78,78,78,78,78,78,78],"card_choices":[{"not_picked":["Barrage","Compile Driver"],"picked":"Cold Snap","floor":1},{"not_picked":["Skim","Steam Power"],"picked":"Streamline","floor":2},{"not_picked":["Scrape","Cold Snap"],"picked":"Sunder","floor":3},{"not_picked":["Turbo","Auto Shields"],"picked":"Genetic Algorithm","floor":4},{"not_picked":["Auto Shields","Rebound","Go for the Eyes"],"picked":"SKIP","floor":7},{"not_picked":["Steam","Sunder"],"picked":"Capacitor","floor":10},{"not_picked":["Stack+1","Amplify+1"],"picked":"Coolheaded+1","floor":11}],"player_experience":1314621,"relics_obtained":[{"floor":5,"key":"Dream Catcher"},{"floor":7,"key":"Potion Belt"},{"floor":10,"key":"Toxic Egg 2"}],"event_choices":[{"damage_healed":0,"gold_gain":0,"player_choice":"Fled","damage_taken":0,"max_hp_gain":0,"max_hp_loss":0,"event_name":"Scrap Ooze","floor":14,"gold_loss":0}],"is_beta":false,"boss_relics":[],"items_purged_floors":[],"is_endless":false,"potions_floor_spawned":[2,4,10,11],"killed_by":"Hexaghost","ascension_level":20}