{"gold_per_floor":[117,192,203,221,146,146,181,195,195,214,245,245,260,273,273,375,375,364,381,409,409,82,82],"floor_reached":23,"playtime":1315,"items_purged":["Strike_G","Decay"],"score":254,"play_id":"8fdea835-57f9-464a-842f-0d26fdc81770","local_time":"20180917142021","is_ascension_mode":true,"campfire_choices":[{"data":"Underhanded Strike","floor":6,"key":"SMITH"},{"floor":15,"key":"REST"}],"neow_cost":"NONE","seed_source_timestamp":1105646969159214,"circlet_count":0,"master_deck":["Defend_G","Defend_G","Defend_G","Defend_G","Defend_G+1","Strike_G","Strike_G","Strike_G","Strike_G","Survivor","Neutralize","Underhanded Strike","Underhanded Strike+1","Backflip+1","Dash","Dash","Choke+1","A Thousand Cuts","Eviscerate"],"relics":["HoveringKite","War Paint","Lantern","Blue Candle","Sozu","Red Mask","Pen Nib"],"potions_floor_usage":[11,16,20,20],"damage_taken":[{"damage":1,"enemies":"Small Slimes","floor":1,"turns":5},{"damage":5,"enemies":"Jaw Worm","floor":3,"turns":6},{"damage":0,"enemies":"Cultist","floor":4,"turns":4},{"damage":31,"enemies":"Gremlin Nob","floor":7,"turns":5},{"damage":0,"enemies":"Gremlin Gang","floor":8,"turns":4},{"damage":1,"enemies":"Exordium Wildlife","floor":10,"turns":4},{"damage":5,"enemies":"3 Sentries","floor":11,"turns":8},{"damage":0,"enemies":"2 Fungi Beasts","floor":13,"turns":3},{"damage":2,"enemies":"Large Slime","floor":14,"turns":4},{"damage":19,"enemies":"Slime Boss","floor":16,"turns":11},{"damage":10,"enemies":"2 Thieves","floor":18,"turns":4},{"damage":9,"enemies":"Spheric Guardian","floor":19,"turns":4},{"damage":32,"enemies":"Masked Bandits","floor":20,"turns":4},{"damage":9,"enemies":"Gremlin Leader","floor":23,"turns":2}],"seed_played":"-6976068895197232637","potions_obtained":[{"floor":4,"key":"Poison Potion"},{"floor":7,"key":"Regen Potion"},{"floor":11,"key":"Dexterity Potion"},{"floor":13,"key":"SteroidPotion"}],"is_trial":false,"path_per_floor":["M","?","M","M","$","R","E","M","T","M","E","?","M","M","R","B",null,"M","M","?","?","$"],"character_chosen":"THE_SILENT","items_purchased":["Eviscerate","Pen Nib"],"campfire_rested":1,"item_purchase_floors":[22,22],"current_hp_per_floor":[69,58,53,53,53,53,22,22,22,21,31,31,31,29,50,31,60,50,41,9,9,9,0],"gold":82,"neow_bonus":"BOSS_RELIC","is_prod":false,"is_daily":false,"chose_seed":false,"campfire_upgraded":1,"win_rate":0,"timestamp":1537186821,"path_taken":["M","?","M","M","$","R","E","M","T","?","E","?","M","M","R","BOSS","M","M","?","?","$","E"],"build_version":"2018-09-06","purchased_purges":2,"victory":false,"max_hp_per_floor":[70,70,70,70,70,70,70,70,70,70,70,70,70,70,70,70,70,70,70,70,70,70,70],"card_choices":[{"not_picked":["Deflect","Outmaneuver"],"picked":"Underhanded Strike","floor":1},{"not_picked":["Acrobatics","Poisoned Stab"],"picked":"Underhanded Strike","floor":3},{"not_picked":["Reflex","PiercingWail"],"picked":"Backflip","floor":4},{"not_picked":["Grand Finale","Sucker Punch"],"picked":"Dash","floor":7},{"not_picked":["Prepared","Backflip"],"picked":"Dash","floor":8},{"not_picked":["Caltrops","Infinite Blades","Poisoned Stab"],"picked":"SKIP","floor":10},{"not_picked":["Bane","Endless Agony"],"picked":"Choke","floor":11},{"not_picked":["Slice","Sucker Punch","Flying Knee"],"picked":"SKIP","floor":13},{"not_picked":["Escape Plan","Infinite Blades","Glass Knife"],"picked":"SKIP","floor":14},{"not_picked":["Storm of Steel","Tools of the Trade"],"picked":"A Thousand Cuts","floor":16},{"not_picked":["Dagger Spray","Endless Agony+1","Quick Slash"],"picked":"SKIP","floor":18},{"not_picked":["Slice","Backflip","Poisoned Stab+1"],"picked":"SKIP","floor":19}],"player_experience":357950,"relics_obtained":[{"floor":7,"key":"War Paint"},{"floor":9,"key":"Lantern"},{"floor":11,"key":"Blue Candle"},{"floor":20,"key":"Red Mask"}],"event_choices":[{"event_name":"World of Goop","player_choice":"Gather Gold","floor":2,"damage_taken":0},{"event_name":"Living Wall","player_choice":"Grow","floor":12,"damage_taken":0},{"event_name":"Masked Bandits","player_choice":"Fought Bandits","floor":20,"damage_taken":0},{"event_name":"Forgotten Altar","player_choice":"Smashed Altar","floor":21,"damage_taken":0}],"is_beta":false,"boss_relics":[{"not_picked":["White Beast Statue","Ectoplasm"],"picked":"Sozu"}],"items_purged_floors":[5,22],"is_endless":false,"potions_floor_spawned":[4,7,11,13],"killed_by":"Gremlin Leader","ascension_level":5}