{"gold_per_floor":[113,113,130,130,130,130,159,159,185,215,235,14,14,45,45,144,144,156,173,188,188,188,216,216,20,20,20,20,51,51,61,61,165,165,183,197,197,197,51,51,79,79,103,127,227,262,278,304,304,304],"floor_reached":50,"playtime":2431,"items_purged":["Strike_B"],"score":696,"play_id":"98136b08-47f1-47c3-a2ca-6b7621292f87","local_time":"20190410164925","is_ascension_mode":true,"campfire_choices":[{"data":"Zap","floor":6,"key":"SMITH"},{"floor":8,"key":"REST"},{"data":"Reinforced Body","floor":13,"key":"SMITH"},{"data":"Glacier","floor":15,"key":"SMITH"},{"data":"Rainbow","floor":24,"key":"SMITH"},{"data":"Doom and Gloom","floor":27,"key":"SMITH"},{"floor":32,"key":"REST"},{"floor":40,"key":"RECALL"},{"floor":42,"key":"REST"},{"floor":49,"key":"REST"}],"neow_cost":"NONE","seed_source_timestamp":3556931651494,"circlet_count":0,"master_deck":["Strike_B","Strike_B","Defend_B","Defend_B","Defend_B","Zap+1","Dualcast+1","Reinforced Body+1","Doom and Gloom+1","Self Repair+1","Biased Cognition+1","Self Repair+1","Glacier+1","Creative AI+1","Rainbow+1","White Noise+1","Loop+1","Ball Lightning","Melter","Buffer+1","Loop+1","White Noise+1","Electrodynamics+1","Conserve Battery"],"relics":["Cracked Core","Frozen Egg 2","Singing Bowl","PreservedInsect","Vajra","Oddly Smooth Stone","Art of War","Philosopher\u0027s Stone","Bag of Preparation","Bottled Lightning","Dream Catcher","Fusion Hammer","Lantern","Cables","Omamori","Calipers","Mercury Hourglass","Boot"],"potions_floor_usage":[16,18,19,23,31,48],"damage_taken":[{"damage":0,"enemies":"2 Louse","floor":1,"turns":2},{"damage":2,"enemies":"Jaw Worm","floor":3,"turns":3},{"damage":29,"enemies":"Gremlin Nob","floor":7,"turns":6},{"damage":14,"enemies":"Lagavulin","floor":10,"turns":8},{"damage":0,"enemies":"Cultist","floor":11,"turns":2},{"damage":16,"enemies":"Gremlin Nob","floor":14,"turns":3},{"damage":17,"enemies":"Slime Boss","floor":16,"turns":8},{"damage":0,"enemies":"3 Byrds","floor":18,"turns":5},{"damage":10,"enemies":"Chosen","floor":19,"turns":5},{"damage":21,"enemies":"Centurion and Healer","floor":20,"turns":6},{"damage":22,"enemies":"Book of Stabbing","floor":23,"turns":5},{"damage":26,"enemies":"Gremlin Leader","floor":29,"turns":6},{"damage":24,"enemies":"Shelled Parasite and Fungi","floor":31,"turns":4},{"damage":14,"enemies":"Champ","floor":33,"turns":10},{"damage":0,"enemies":"Orb Walker","floor":35,"turns":3},{"damage":0,"enemies":"3 Shapes","floor":36,"turns":3},{"damage":7,"enemies":"Nemesis","floor":41,"turns":7},{"damage":0,"enemies":"Mind Bloom Boss Battle","floor":45,"turns":5},{"damage":3,"enemies":"Giant Head","floor":46,"turns":6},{"damage":0,"enemies":"Sphere and 2 Shapes","floor":47,"turns":4},{"damage":55,"enemies":"Reptomancer","floor":48,"turns":4},{"damage":97,"enemies":"Awakened One","floor":50,"turns":5}],"seed_played":"3598276230535928709","potions_obtained":[{"floor":10,"key":"Block Potion"},{"floor":11,"key":"Weak Potion"},{"floor":14,"key":"FocusPotion"},{"floor":16,"key":"PowerPotion"},{"floor":18,"key":"FairyPotion"},{"floor":23,"key":"SkillPotion"},{"floor":36,"key":"Block Potion"},{"floor":45,"key":"FocusPotion"}],"is_trial":false,"path_per_floor":["?","?","?","M","?","?","$","?","?","?","T","?"],"character_chosen":"DEFECT","items_purchased":["Oddly Smooth Stone","Self Repair+1","Loop+1","Ball Lightning","Lantern"],"campfire_rested":4,"item_purchase_floors":[12,12,25,25,39],"current_hp_per_floor":[75,75,73,61,61,61,32,54,54,40,40,40,40,44,44,47,75,77,79,78,69,69,67,67,67,67,67,67,53,53,39,65,61,83,83,85,81,81,81,81,83,85,85,85,87,87,89,54,80,0],"gold":304,"neow_bonus":"UPGRADE_CARD","is_prod":false,"is_daily":false,"chose_seed":false,"campfire_upgraded":5,"win_rate":0,"timestamp":1554889765,"path_taken":["M","?","M","?","?","R","E","R","T","E","M","$","R","E","R","BOSS","M","?","M","?","?","E","R","$","T","R","?","E","?","M","R","BOSS","M","M","?","?","$","R","E","R","T","?","?","E","M","E","R","BOSS"],"build_version":"2019-01-23","purchased_purges":1,"victory":false,"max_hp_per_floor":[75,75,75,75,75,75,75,75,75,75,75,75,75,75,75,75,75,77,79,79,79,79,79,79,79,79,79,79,81,81,81,83,83,83,83,85,81,81,81,81,83,85,85,85,87,87,89,89,89,89],"card_choices":[{"not_picked":["Hologram","Stack"],"picked":"Reinforced Body","floor":1},{"not_picked":["Redo","Undo"],"picked":"Doom and Gloom","floor":3},{"not_picked":["Compile Driver","Hello World+1"],"picked":"Hologram","floor":7},{"not_picked":["Stack","Consume"],"picked":"Self Repair+1","floor":10},{"not_picked":["Undo","Ball Lightning"],"picked":"Biased Cognition+1","floor":11},{"not_picked":["Conserve Battery","Double Energy"],"picked":"Glacier","floor":14},{"not_picked":["Seek","Buffer+1"],"picked":"Creative AI+1","floor":16},{"not_picked":["Stack","Gash+1","Leap"],"picked":"Singing Bowl","floor":18},{"not_picked":["Compile Driver","Steam+1","Sweeping Beam"],"picked":"Singing Bowl","floor":19},{"not_picked":["Hello World+1","Leap"],"picked":"Rainbow","floor":20},{"not_picked":["Streamline","Leap"],"picked":"White Noise+1","floor":23},{"not_picked":["Steam Power","Compile Driver+1","Self Repair+1"],"picked":"Singing Bowl","floor":29},{"not_picked":["Aggregate","Fusion+1"],"picked":"Melter","floor":31},{"not_picked":["Recycle","Ball Lightning","Rebound"],"picked":"Singing Bowl","floor":32},{"not_picked":["Seek","Reboot"],"picked":"Buffer+1","floor":33},{"not_picked":["Scrape+1","Cold Snap+1"],"picked":"Loop+1","floor":35},{"not_picked":["Hologram+1","Cold Snap","Stack"],"picked":"Singing Bowl","floor":36},{"not_picked":["Force Field","Streamline","Gash+1"],"picked":"Singing Bowl","floor":41},{"not_picked":["Fusion+1","Lockon","Auto Shields+1"],"picked":"Singing Bowl","floor":42},{"not_picked":["Genetic Algorithm+1","Fusion","Skim+1"],"picked":"Singing Bowl","floor":45},{"not_picked":["Stack+1","Turbo+1"],"picked":"White Noise+1","floor":46},{"not_picked":["Steam","Go for the Eyes","Streamline"],"picked":"Singing Bowl","floor":47},{"not_picked":["Cold Snap","Go for the Eyes+1"],"picked":"Electrodynamics+1","floor":48},{"not_picked":["Hologram+1","Glacier"],"picked":"Conserve Battery","floor":49}],"player_experience":185778,"relics_obtained":[{"floor":7,"key":"Singing Bowl"},{"floor":9,"key":"PreservedInsect"},{"floor":10,"key":"Vajra"},{"floor":14,"key":"Art of War"},{"floor":23,"key":"Bag of Preparation"},{"floor":26,"key":"Bottled Lightning"},{"floor":29,"key":"Dream Catcher"},{"floor":41,"key":"Cables"},{"floor":44,"key":"Omamori"},{"floor":45,"key":"Calipers"},{"floor":46,"key":"Mercury Hourglass"},{"floor":48,"key":"Boot"}],"event_choices":[{"cards_removed":["Defend_B"],"damage_healed":0,"gold_gain":0,"player_choice":"Forget","damage_taken":0,"max_hp_gain":0,"max_hp_loss":0,"event_name":"Living Wall","floor":2,"gold_loss":0},{"damage_healed":0,"gold_gain":0,"player_choice":"Success","damage_taken":12,"relics_obtained":["Frozen Egg 2"],"max_hp_gain":0,"max_hp_loss":0,"event_name":"Scrap Ooze","floor":4,"gold_loss":0},{"cards_removed":["Strike_B"],"damage_healed":0,"gold_gain":0,"player_choice":"Purged","damage_taken":0,"max_hp_gain":0,"max_hp_loss":0,"event_name":"Purifier","floor":5,"gold_loss":0},{"damage_healed":0,"gold_gain":0,"player_choice":"Stopped","damage_taken":9,"max_hp_gain":0,"max_hp_loss":0,"event_name":"Cursed Tome","floor":21,"gold_loss":0},{"damage_healed":0,"gold_gain":0,"player_choice":"Ignored","damage_taken":0,"max_hp_gain":0,"max_hp_loss":0,"event_name":"Vampires","floor":22,"gold_loss":0},{"damage_healed":0,"gold_gain":0,"player_choice":"Ignored","damage_taken":0,"max_hp_gain":0,"max_hp_loss":0,"event_name":"Beggar","floor":30,"gold_loss":0},{"damage_healed":0,"gold_gain":0,"player_choice":"Max HP","damage_taken":0,"max_hp_gain":0,"max_hp_loss":4,"event_name":"Winding Halls","floor":37,"gold_loss":0},{"cards_removed":["Hologram"],"damage_healed":0,"gold_gain":0,"player_choice":"Removed Skill","damage_taken":0,"max_hp_gain":0,"max_hp_loss":0,"event_name":"Falling","floor":38,"gold_loss":0},{"damage_healed":0,"gold_gain":0,"player_choice":"Fight","damage_taken":0,"max_hp_gain":0,"max_hp_loss":0,"event_name":"MindBloom","floor":45,"gold_loss":0}],"is_beta":false,"boss_relics":[{"not_picked":["Coffee Dripper","Nuclear Battery"],"picked":"Philosopher\u0027s Stone"},{"not_picked":["Empty Cage","Sozu"],"picked":"Fusion Hammer"}],"items_purged_floors":[25],"is_endless":false,"potions_floor_spawned":[10,11,14,16,18,23,36,45],"killed_by":"Awakened One","ascension_level":3}