{"gold_per_floor":[113,38,55,80,95,126,126,151,151,185,185,200,220,220,220,318,318,338,158,176,187,286,286,300,300,300,300,312,113,147,162,162,260,260,272,123,398,398,69,96,96,114,141,167,185,199,64,64,64,64],"floor_reached":51,"playtime":9338,"items_purged":["Strike_B","Defend_B","Defend_B","Strike_B"],"score":929,"play_id":"26685719-f6c7-434c-941b-6631dfa23c83","local_time":"20180824140047","is_ascension_mode":true,"campfire_choices":[{"floor":7.0,"key":"REST"},{"floor":11.0,"key":"REST"},{"data":"Dualcast","floor":15.0,"key":"SMITH"},{"data":"Zap","floor":23.0,"key":"SMITH"},{"data":"Static Discharge","floor":25.0,"key":"SMITH"},{"data":"Consume","floor":27.0,"key":"SMITH"},{"floor":32.0,"key":"REST"},{"floor":41.0,"key":"REST"},{"floor":49.0,"key":"REST"}],"neow_cost":"NONE","seed_source_timestamp":0,"circlet_count":0,"master_deck":["Strike_B","Defend_B","Defend_B","Zap+1","Dualcast+1","Machine Learning","Rebound","Consume+1","Self Repair","Cold Snap","Core Surge","Biased Cognition","Conserve Battery+1","Force Field","Echo Form","BootSequence+1","Static Discharge+1","Glacier","Sunder","White Noise+1","Heatsinks","Creative AI","Capacitor","Blizzard","Cold Snap","Storm+1","FTL+1","Aggregate+1","Heatsinks","Discovery","Madness","Madness"],"special_seed":0,"relics":["Cracked Core","Bag of Preparation","Thread and Needle","Regal Pillow","Mercury Hourglass","Ornamental Fan","Eternal Feather","Gremlin Horn","Unceasing Top","Sozu","DataDisk","Bottled Flame","War Paint","Oddly Smooth Stone"],"potions_floor_usage":[],"damage_taken":[{"damage":1.0,"enemies":"Cultist","floor":1.0,"turns":3.0},{"damage":0.0,"enemies":"Small Slimes","floor":3.0,"turns":2.0},{"damage":3.0,"enemies":"Jaw Worm","floor":5.0,"turns":4.0},{"damage":50.0,"enemies":"3 Sentries","floor":6.0,"turns":7.0},{"damage":5.0,"enemies":"Lagavulin","floor":8.0,"turns":7.0},{"damage":14.0,"enemies":"Gremlin Nob","floor":10.0,"turns":4.0},{"damage":9.0,"enemies":"Lots of Slimes","floor":12.0,"turns":3.0},{"damage":5.0,"enemies":"Looter","floor":13.0,"turns":3.0},{"damage":51.0,"enemies":"Hexaghost","floor":16.0,"turns":10.0},{"damage":10.0,"enemies":"Shell Parasite","floor":18.0,"turns":4.0},{"damage":0.0,"enemies":"Chosen","floor":20.0,"turns":5.0},{"damage":26.0,"enemies":"Snake Plant","floor":21.0,"turns":4.0},{"damage":0.0,"enemies":"Centurion and Healer","floor":24.0,"turns":11.0},{"damage":17.0,"enemies":"Sentry and Sphere","floor":28.0,"turns":6.0},{"damage":56.0,"enemies":"Gremlin Leader","floor":30.0,"turns":8.0},{"damage":0.0,"enemies":"Cultist and Chosen","floor":31.0,"turns":6.0},{"damage":29.0,"enemies":"Champ","floor":33.0,"turns":15.0},{"damage":7.0,"enemies":"Flame Bruiser 1 Orb","floor":35.0,"turns":4.0},{"damage":51.0,"enemies":"2 Orb Walkers","floor":40.0,"turns":4.0},{"damage":9.0,"enemies":"3 Shapes","floor":42.0,"turns":4.0},{"damage":6.0,"enemies":"Giant Head","floor":44.0,"turns":7.0},{"damage":0.0,"enemies":"Flame Bruiser 2 Orb","floor":45.0,"turns":3.0},{"damage":21.0,"enemies":"3 Darklings","floor":46.0,"turns":4.0},{"damage":53,"enemies":"Time Eater","floor":50,"turns":10}],"seed_played":"6314025434149917540","potions_obtained":[{"floor":5.0,"key":"Dexterity Potion"},{"floor":8.0,"key":"FearPotion"},{"floor":10.0,"key":"Strength Potion"},{"floor":12.0,"key":"Regen Potion"},{"floor":13.0,"key":"Swift Potion"},{"floor":20.0,"key":"AttackPotion"},{"floor":21.0,"key":"Ancient Potion"},{"floor":31.0,"key":"Ancient Potion"},{"floor":33.0,"key":"Swift Potion"}],"is_trial":false,"path_per_floor":["M","$","M","T","M","E","R","E","T","E","R","M","M","?","R","B",null,"M","$","M","M","?","R","M","R","T","R","M","$","E","M","R","B",null,"M","$","?","?","$","E","R","M","T","E","M","M","$","?","R","B"],"character_chosen":"DEFECT","items_purchased":["Static Discharge","Heatsinks","DataDisk","Capacitor","Blizzard","Cold Snap","Heatsinks","Discovery"],"campfire_rested":5,"item_purchase_floors":[19,29,36,39,39,39,47,47],"current_hp_per_floor":[67,67,67,67,64,21,43,45,45,31,68,66,68,61,61,32,64,68,68,75,56,56,68,75,75,75,75,72,72,23,30,75,60,71,71,71,71,71,71,20,72,70,70,71,71,50,50,41,75,29],"gold":64,"neow_bonus":"ONE_RANDOM_RARE_CARD","is_prod":false,"is_daily":false,"chose_seed":false,"campfire_upgraded":4,"win_rate":0,"timestamp":1535144447,"path_taken":["M","$","M","?","M","E","R","E","T","E","R","M","M","?","R","BOSS","M","$","M","M","?","R","M","R","T","R","?","$","E","M","R","BOSS","M","?","?","?","$","E","R","M","T","E","?","M","$","?","R","BOSS"],"build_version":"2018-08-23v2","purchased_purges":4,"victory":true,"max_hp_per_floor":[75,75,75,75,75,75,75,75,75,75,75,75,75,75,75,75,75,75,75,75,75,75,75,75,75,75,75,75,75,75,75,75,75,75,75,75,75,75,75,75,75,75,75,75,75,75,75,75,75,75],"card_choices":[{"not_picked":["Redo","Sweeping Beam"],"picked":"Rebound","floor":1.0},{"not_picked":["Hologram","Reinforced Body"],"picked":"Consume","floor":3.0},{"not_picked":["Chill","Chaos"],"picked":"Self Repair","floor":5.0},{"not_picked":["Darkness","Auto Shields"],"picked":"Cold Snap","floor":6.0},{"not_picked":["Coolheaded","Consume"],"picked":"Core Surge","floor":8.0},{"not_picked":["Beam Cell","Heatsinks"],"picked":"Biased Cognition","floor":10.0},{"not_picked":["Coolheaded","Compile Driver"],"picked":"Conserve Battery","floor":12.0},{"not_picked":["Hello World","White Noise"],"picked":"Force Field","floor":13.0},{"not_picked":["Reboot","Amplify"],"picked":"Echo Form","floor":16.0},{"not_picked":["Go for the Eyes+1","Gash+1"],"picked":"BootSequence","floor":18.0},{"not_picked":["Rip and Tear","Cold Snap","Stack"],"picked":"SKIP","floor":20.0},{"not_picked":["Lockon","Compile Driver+1"],"picked":"Glacier","floor":21.0},{"not_picked":["Go for the Eyes","Fusion+1"],"picked":"Sunder","floor":24.0},{"not_picked":["Sweeping Beam","Amplify"],"picked":"White Noise+1","floor":28.0},{"not_picked":["Barrage","Go for the Eyes","Reinforced Body+1"],"picked":"SKIP","floor":30.0},{"not_picked":["Ball Lightning","Darkness","Steam+1"],"picked":"SKIP","floor":31.0},{"not_picked":["Machine Learning","Meteor Strike"],"picked":"Creative AI","floor":33.0},{"not_picked":["Auto Shields","Sweeping Beam+1","Go for the Eyes"],"picked":"SKIP","floor":35.0},{"not_picked":["Conserve Battery+1","Steam Power"],"picked":"Storm+1","floor":40.0},{"not_picked":["Hologram+1","Steam+1"],"picked":"FTL+1","floor":42.0},{"not_picked":["Cold Snap","Stack+1","Machine Learning"],"picked":"SKIP","floor":44.0},{"not_picked":["Glacier","Hologram+1"],"picked":"Aggregate+1","floor":45.0},{"not_picked":["Sunder","Hologram+1","Melter+1"],"picked":"SKIP","floor":46.0}],"player_experience":708354,"relics_obtained":[{"floor":4.0,"key":"Bag of Preparation"},{"floor":6.0,"key":"Thread and Needle"},{"floor":8.0,"key":"Regal Pillow"},{"floor":9.0,"key":"Mercury Hourglass"},{"floor":10.0,"key":"Ornamental Fan"},{"floor":26.0,"key":"Gremlin Horn"},{"floor":30.0,"key":"Unceasing Top"},{"floor":40.0,"key":"Bottled Flame"},{"floor":43.0,"key":"War Paint"},{"floor":44.0,"key":"Oddly Smooth Stone"}],"event_choices":[{"event_name":"Golden Wing","player_choice":"Card Removal","floor":14.0,"damage_taken":0.0},{"event_name":"Nest","player_choice":"Stole From Cult","floor":22.0,"damage_taken":0.0},{"event_name":"Golden Shrine","player_choice":"Desecrate","floor":37.0,"damage_taken":0.0},{"event_name":"Purifier","player_choice":"One Purge","floor":38.0,"damage_taken":0.0},{"event_name":"Winding Halls","player_choice":"Embrace Madness","floor":48.0,"damage_taken":0.0}],"is_beta":false,"boss_relics":[{"not_picked":["White Beast Statue","Calling Bell"],"picked":"Eternal Feather"},{"not_picked":["Orrery","Tiny House"],"picked":"Sozu"}],"items_purged_floors":[2,19,29,39],"is_endless":false,"potions_floor_spawned":[5,8,10,12,13,20,21,31,33,35,44,46],"ascension_level":6}