{"gold_per_floor":[112,112,187,205,50,50,75,75,75,75,108,126,143,168,168,168],"floor_reached":16,"playtime":363,"items_purged":[],"score":124,"play_id":"f27b8500-6c6c-4472-8b60-9b6aea934b56","local_time":"20190322001213","is_ascension_mode":true,"campfire_choices":[{"data":"Bash","floor":6,"key":"SMITH"},{"data":"Flex","floor":8,"key":"SMITH"},{"floor":10,"key":"RECALL"},{"data":"Defend_R","floor":15,"key":"SMITH"}],"neow_cost":"NONE","seed_source_timestamp":269248396612900,"circlet_count":0,"master_deck":["Strike_R","Strike_R","Strike_R","Strike_R","Strike_R","Defend_R","Defend_R","Defend_R","Defend_R+1","Bash+1","Flex+1","Heavy Blade+1"],"relics":["Burning Blood","Ancient Tea Set","PreservedInsect","Mango","Molten Egg 2","Nunchaku","Omamori"],"potions_floor_usage":[11,16],"damage_taken":[{"damage":10,"enemies":"Small Slimes","floor":1,"turns":4},{"damage":2,"enemies":"2 Louse","floor":4,"turns":3},{"damage":6,"enemies":"Gremlin Nob","floor":7,"turns":3},{"damage":36,"enemies":"Lagavulin","floor":11,"turns":5},{"damage":6,"enemies":"Jaw Worm","floor":12,"turns":3},{"damage":17,"enemies":"Exordium Thugs","floor":13,"turns":4},{"damage":16,"enemies":"Gremlin Nob","floor":14,"turns":3},{"damage":59,"enemies":"The Guardian","floor":16,"turns":9}],"seed_played":"-2537150072358163860","potions_obtained":[{"floor":7,"key":"BloodPotion"},{"floor":11,"key":"Regen Potion"}],"is_trial":false,"path_per_floor":["M","$","?","M","$","R","E","R","T","R","E","M","M","E","R","B"],"character_chosen":"IRONCLAD","items_purchased":["PreservedInsect"],"campfire_rested":0,"item_purchase_floors":[5],"current_hp_per_floor":[76,76,65,69,69,69,83,83,83,83,62,62,51,41,41,0],"gold":168,"neow_bonus":"RANDOM_COMMON_RELIC","is_prod":false,"is_daily":false,"chose_seed":false,"campfire_upgraded":3,"win_rate":0,"timestamp":1553238733,"path_taken":["M","$","?","M","$","R","E","R","T","R","E","M","M","E","R","BOSS"],"build_version":"2019-01-23","purchased_purges":0,"victory":false,"max_hp_per_floor":[80,80,80,80,80,80,94,94,94,94,94,94,94,94,94,94],"card_choices":[{"not_picked":["Wild Strike","Headbutt","Clothesline"],"picked":"SKIP","floor":1},{"not_picked":["Pommel Strike","Power Through","Perfected Strike"],"picked":"SKIP","floor":4},{"not_picked":["Twin Strike","Flex","Power Through"],"picked":"SKIP","floor":7},{"not_picked":["Twin Strike","Flex","Power Through"],"picked":"SKIP","floor":7},{"not_picked":["Twin Strike","Power Through"],"picked":"Flex","floor":7},{"not_picked":["Thunderclap+1","Fire Breathing","Shrug It Off"],"picked":"SKIP","floor":11},{"not_picked":["Fiend Fire+1","Clothesline+1"],"picked":"Heavy Blade+1","floor":12},{"not_picked":["Pommel Strike+1","Perfected Strike+1","Body Slam+1"],"picked":"SKIP","floor":13},{"not_picked":["Rage","Feed+1","Havoc"],"picked":"SKIP","floor":14}],"player_experience":817051,"relics_obtained":[{"floor":7,"key":"Mango"},{"floor":9,"key":"Molten Egg 2"},{"floor":11,"key":"Nunchaku"},{"floor":14,"key":"Omamori"}],"event_choices":[{"damage_healed":0,"gold_gain":75,"player_choice":"Gather Gold","damage_taken":11,"max_hp_gain":0,"max_hp_loss":0,"event_name":"World of Goop","floor":3,"gold_loss":0}],"is_beta":false,"boss_relics":[],"items_purged_floors":[],"is_endless":false,"potions_floor_spawned":[7,11],"killed_by":"The Guardian","ascension_level":1}