{"gold_per_floor":[217,228,240,44,44,73,83,113,113,143],"floor_reached":10,"playtime":353,"items_purged":[],"score":101,"play_id":"6f0d420f-27ec-4b62-b20f-03a341eab9ac","local_time":"20180814112618","is_ascension_mode":true,"campfire_choices":[],"neow_cost":"NONE","seed_source_timestamp":425069168555515,"circlet_count":0,"master_deck":["Strike_R","Strike_R","Strike_R","Strike_R","Strike_R","Defend_R","Defend_R","Defend_R","Defend_R","Bash","Flex+1","Reaper","Flex","Cleave"],"relics":["Burning Blood","Strawberry","Singing Bowl","Bronze Scales","Orichalcum","Frozen Egg 2"],"potions_floor_usage":[6,10],"damage_taken":[{"damage":7,"enemies":"2 Louse","floor":1,"turns":3},{"damage":0,"enemies":"Small Slimes","floor":2,"turns":3},{"damage":1,"enemies":"Cultist","floor":3,"turns":3},{"damage":45,"enemies":"Lagavulin","floor":6,"turns":6},{"damage":10,"enemies":"Large Slime","floor":7,"turns":4},{"damage":60,"enemies":"Gremlin Nob","floor":8,"turns":5},{"damage":37,"enemies":"Gremlin Nob","floor":10,"turns":4}],"seed_played":"-4437546780676355800","potions_obtained":[{"floor":1,"key":"Swift Potion"},{"floor":8,"key":"Dexterity Potion"}],"is_trial":false,"path_per_floor":["M","M","M","$","?","E","M","E","T"],"character_chosen":"IRONCLAD","items_purchased":["Strawberry","Flex"],"campfire_rested":0,"item_purchase_floors":[4,4],"current_hp_per_floor":[71,77,80,87,87,48,62,22,22,0],"gold":143,"neow_bonus":"HUNDRED_GOLD","is_prod":false,"is_daily":false,"chose_seed":false,"campfire_upgraded":0,"win_rate":0,"timestamp":1534238778,"path_taken":["M","M","M","$","?","E","?","E","T","?"],"build_version":"2018-08-09","purchased_purges":0,"victory":false,"max_hp_per_floor":[80,80,80,87,87,87,89,91,91,91],"card_choices":[{"not_picked":["Uppercut","Wild Strike"],"picked":"Flex","floor":1},{"not_picked":["Pommel Strike","Ghostly Armor"],"picked":"Reaper","floor":2},{"not_picked":["Dropkick","Headbutt","Perfected Strike"],"picked":"SKIP","floor":3},{"not_picked":["Intimidate","Rampage"],"picked":"Cleave","floor":6},{"not_picked":["Havoc","Searing Blow","Heavy Blade"],"picked":"Singing Bowl","floor":7},{"not_picked":["Uppercut","Anger","Sword Boomerang"],"picked":"Singing Bowl","floor":8}],"player_experience":263792,"relics_obtained":[{"floor":6,"key":"Singing Bowl"},{"floor":8,"key":"Bronze Scales"},{"floor":9,"key":"Orichalcum"}],"event_choices":[{"event_name":"Living Wall","player_choice":"Grow","floor":5,"damage_taken":0},{"event_name":"Dead Adventurer","player_choice":"Searched \u00273\u0027 times","floor":10,"damage_taken":0}],"is_beta":false,"boss_relics":[],"items_purged_floors":[],"is_endless":false,"potions_floor_spawned":[1,8],"killed_by":"Gremlin Nob","ascension_level":6}