{"gold_per_floor":[116,127,138,16,16,45,45,76,76,88,101,101,121,155,167,281,293,286,298,322,43,43,70,97,114,114,114],"floor_reached":27,"playtime":1468,"items_purged":["Defend_G","Strike_G"],"score":316,"play_id":"4c7a8e46-d820-4275-a4aa-f4303f9bb48f","local_time":"20180907143559","is_ascension_mode":true,"campfire_choices":[{"data":"Underhanded Strike","floor":7,"key":"SMITH"},{"data":"1","floor":12,"key":"LIFT"},{"data":"2","floor":15,"key":"LIFT"}],"neow_cost":"NONE","seed_source_timestamp":242373705211858,"circlet_count":0,"master_deck":["Defend_G","Defend_G","Defend_G","Defend_G","Strike_G","Strike_G","Strike_G","Strike_G","Survivor","Neutralize+1","Underhanded Strike+1","Heel Hook","Dagger Spray+1","Tactician","After Image","Distraction+1","Sucker Punch+1"],"relics":["Ring of the Snake","Oddly Smooth Stone","Girya","Kunai","MawBank","White Beast Statue","Toy Ornithopter","MutagenicStrength","Smiling Mask","Singing Bowl","Question Card"],"potions_floor_usage":[6,6,14,20,24,24,24,27],"damage_taken":[{"damage":0,"enemies":"Cultist","floor":1,"turns":4},{"damage":0,"enemies":"Jaw Worm","floor":2,"turns":3},{"damage":0,"enemies":"2 Louse","floor":3,"turns":2},{"damage":12,"enemies":"3 Sentries","floor":6,"turns":7},{"damage":12,"enemies":"Gremlin Nob","floor":8,"turns":4},{"damage":2,"enemies":"Looter","floor":10,"turns":3},{"damage":0,"enemies":"2 Fungi Beasts","floor":11,"turns":2},{"damage":0,"enemies":"Exordium Thugs","floor":13,"turns":3},{"damage":3,"enemies":"3 Sentries","floor":14,"turns":6},{"damage":4,"enemies":"Slime Boss","floor":16,"turns":9},{"damage":14,"enemies":"2 Thieves","floor":18,"turns":4},{"damage":11,"enemies":"Spheric Guardian","floor":20,"turns":7},{"damage":41,"enemies":"Book of Stabbing","floor":24,"turns":8},{"damage":3,"enemies":"Centurion and Healer","floor":25,"turns":7},{"damage":30,"enemies":"Snecko","floor":27,"turns":4}],"seed_played":"2451768667977618446","potions_obtained":[{"floor":2,"key":"Swift Potion"},{"floor":3,"key":"Poison Potion"},{"floor":8,"key":"PowerPotion"},{"floor":10,"key":"Weak Potion"},{"floor":16,"key":"Weak Potion"},{"floor":18,"key":"PowerPotion"},{"floor":20,"key":"EssenceOfSteel"},{"floor":24,"key":"FearPotion"},{"floor":25,"key":"SpeedPotion"}],"is_trial":false,"path_per_floor":["M","M","M","$","?","E","R","E","T","M","M","R","M","E","R","B",null,"M","?","M","$","?","T","E","M","T"],"character_chosen":"THE_SILENT","items_purchased":["Dagger Spray","Toy Ornithopter"],"campfire_rested":0,"item_purchase_floors":[4,21],"current_hp_per_floor":[70,70,70,70,70,58,58,46,46,44,44,44,44,41,41,37,62,48,48,37,37,37,37,13,10,10,0],"gold":114,"neow_bonus":"UPGRADE_CARD","is_prod":false,"is_daily":false,"chose_seed":false,"campfire_upgraded":1,"win_rate":0,"timestamp":1536323759,"path_taken":["M","M","M","?","?","E","R","E","T","M","M","R","M","E","R","BOSS","M","?","M","?","?","?","E","?","T","?"],"build_version":"2018-09-06","purchased_purges":2,"victory":false,"max_hp_per_floor":[70,70,70,70,70,70,70,70,70,70,70,70,70,70,70,70,70,70,70,70,70,70,70,72,72,72,72],"card_choices":[{"not_picked":["Dodge and Roll","Eviscerate"],"picked":"Underhanded Strike","floor":1},{"not_picked":["All Out Attack","Escape Plan"],"picked":"Heel Hook","floor":2},{"not_picked":["Predator","Concentrate","Flechettes"],"picked":"SKIP","floor":3},{"not_picked":["Eviscerate","Concentrate","Slice"],"picked":"SKIP","floor":6},{"not_picked":["Blur","Underhanded Strike","Slice"],"picked":"SKIP","floor":8},{"not_picked":["Riddle With Holes","Deflect","Masterful Stab"],"picked":"SKIP","floor":10},{"not_picked":["Expertise","Reflex","Deflect"],"picked":"SKIP","floor":11},{"not_picked":["Dagger Throw","Masterful Stab","Distraction"],"picked":"SKIP","floor":13},{"not_picked":["Well Laid Plans","Acrobatics","Tactician"],"picked":"SKIP","floor":14},{"not_picked":["Well Laid Plans","Acrobatics"],"picked":"Tactician","floor":14},{"not_picked":["Venomology","Die Die Die"],"picked":"After Image","floor":16},{"not_picked":["Sucker Punch","Predator"],"picked":"Distraction+1","floor":18},{"not_picked":["PiercingWail+1","Choke","Acrobatics+1"],"picked":"SKIP","floor":20},{"not_picked":["Catalyst","Deflect","Accuracy"],"picked":"Singing Bowl","floor":24},{"not_picked":["Poisoned Stab+1","Bane"],"picked":"Sucker Punch+1","floor":25}],"player_experience":321844,"relics_obtained":[{"floor":6,"key":"Oddly Smooth Stone"},{"floor":8,"key":"Girya"},{"floor":9,"key":"Kunai"},{"floor":14,"key":"MawBank"},{"floor":23,"key":"Smiling Mask"},{"floor":24,"key":"Singing Bowl"},{"floor":26,"key":"Question Card"}],"event_choices":[{"event_name":"Living Wall","player_choice":"Grow","floor":5,"damage_taken":0},{"event_name":"FaceTrader","player_choice":"Leave","floor":19,"damage_taken":0},{"event_name":"Drug Dealer","player_choice":"Inject Mutagens","floor":22,"damage_taken":0}],"is_beta":false,"boss_relics":[{"not_picked":["Pandora\u0027s Box","Calling Bell"],"picked":"White Beast Statue"}],"items_purged_floors":[4,21],"is_endless":false,"potions_floor_spawned":[2,3,8,10,16,18,20,24,25],"killed_by":"Snecko","ascension_level":5}