{"gold_per_floor":[117,135,135,235,30,57,57,87,87,97,62,94,108,126,126,201,201,221,236,251,176,194,222,222,247,247,247,207,207,234,252,252,324,324,344,364,377,3,16,16],"floor_reached":40,"playtime":3891,"items_purged":["Strike_R"],"score":863,"play_id":"045efa19-4591-4a5e-9d82-50b619b69b87","local_time":"20190407044851","is_ascension_mode":true,"campfire_choices":[{"data":"Bash","floor":7,"key":"SMITH"},{"data":"True Grit","floor":15,"key":"SMITH"},{"floor":24,"key":"REST"},{"floor":27,"key":"REST"},{"floor":29,"key":"REST"},{"floor":32,"key":"REST"}],"neow_cost":"NONE","seed_source_timestamp":52502466062672,"circlet_count":0,"master_deck":["AscendersBane","Strike_R","Strike_R","Strike_R","Defend_R","Defend_R","Defend_R","Defend_R","Bash+1","Anger","Clothesline","Headbutt","Inflame+1","True Grit+1","Immolate","Iron Wave+1","True Grit","Shockwave+1","Sentinel","Disarm","Demon Form+1","Armaments+1","Disarm","Corruption+1"],"relics":["Burning Blood","NeowsBlessing","Sling","Frozen Egg 2","Gremlin Horn","Darkstone Periapt","Letter Opener","Fusion Hammer","Bottled Lightning","Pear","Self Forming Clay","Gambling Chip","Cursed Key","Paper Frog"],"potions_floor_usage":[16,40],"damage_taken":[{"damage":0,"enemies":"Jaw Worm","floor":1,"turns":1},{"damage":0,"enemies":"2 Louse","floor":2,"turns":1},{"damage":0,"enemies":"Lagavulin","floor":6,"turns":1},{"damage":28,"enemies":"Gremlin Nob","floor":8,"turns":4},{"damage":0,"enemies":"Cultist","floor":10,"turns":3},{"damage":20,"enemies":"3 Sentries","floor":12,"turns":6},{"damage":5,"enemies":"Gremlin Gang","floor":13,"turns":5},{"damage":6,"enemies":"Looter","floor":14,"turns":3},{"damage":45,"enemies":"Slime Boss","floor":16,"turns":8},{"damage":28,"enemies":"3 Byrds","floor":18,"turns":5},{"damage":13,"enemies":"Spheric Guardian","floor":19,"turns":4},{"damage":0,"enemies":"3 Cultists","floor":20,"turns":3},{"damage":8,"enemies":"Cultist and Chosen","floor":22,"turns":5},{"damage":34,"enemies":"Slavers","floor":23,"turns":4},{"damage":12,"enemies":"Gremlin Leader","floor":25,"turns":3},{"damage":23,"enemies":"Slavers","floor":30,"turns":4},{"damage":16,"enemies":"Snecko","floor":31,"turns":5},{"damage":58,"enemies":"Collector","floor":33,"turns":9},{"damage":15,"enemies":"3 Darklings","floor":35,"turns":3},{"damage":1,"enemies":"3 Shapes","floor":36,"turns":7},{"damage":38,"enemies":"Spire Growth","floor":37,"turns":5},{"damage":10,"enemies":"3 Darklings","floor":39,"turns":4},{"damage":38,"enemies":"Reptomancer","floor":40,"turns":5}],"seed_played":"7114395034229504779","potions_obtained":[{"floor":6,"key":"PowerPotion"},{"floor":12,"key":"AttackPotion"},{"floor":18,"key":"GamblersBrew"}],"is_trial":false,"path_per_floor":["M","M","?","?","$","E","R","E","T","M","$","E","M","M","R","B",null,"M","M","M","?","M","E","R","E","T","R","?","R","E","M","R","B",null,"M","M","M","$","M","E"],"character_chosen":"IRONCLAD","items_purchased":["Sling","Inflame+1","Paper Frog","Corruption+1"],"campfire_rested":4,"item_purchase_floors":[5,11,38,38],"current_hp_per_floor":[74,75,80,80,80,80,80,58,58,64,64,50,51,51,51,12,63,41,34,40,40,38,10,34,38,38,65,65,90,73,63,90,38,77,68,73,41,41,37,0],"gold":16,"neow_bonus":"THREE_ENEMY_KILL","is_prod":false,"is_daily":false,"chose_seed":false,"campfire_upgraded":2,"win_rate":0,"timestamp":1554623331,"path_taken":["M","M","?","?","$","E","R","E","T","M","$","E","?","M","R","BOSS","M","M","?","?","M","E","R","E","T","R","?","R","E","M","R","BOSS","M","M","M","$","?","E"],"build_version":"2019-01-23","purchased_purges":1,"victory":false,"max_hp_per_floor":[75,75,80,80,80,80,80,80,80,80,80,80,80,80,80,80,80,80,80,80,80,80,80,80,90,90,90,90,90,90,90,90,90,90,90,90,90,90,90,90],"card_choices":[{"not_picked":["Clash","Armaments"],"picked":"Anger","floor":1},{"not_picked":["Body Slam","Blood for Blood"],"picked":"Clothesline","floor":2},{"not_picked":["Intimidate","Fire Breathing"],"picked":"Headbutt","floor":6},{"not_picked":["Wild Strike","Anger","Warcry"],"picked":"SKIP","floor":8},{"not_picked":["Thunderclap","Burning Pact","Intimidate"],"picked":"SKIP","floor":10},{"not_picked":["Wild Strike","Rampage","Sentinel"],"picked":"SKIP","floor":12},{"not_picked":["Cleave","Power Through"],"picked":"True Grit","floor":13},{"not_picked":["Heavy Blade","Reckless Charge","Thunderclap"],"picked":"SKIP","floor":14},{"not_picked":["Exhume","Barricade+1"],"picked":"Immolate","floor":16},{"not_picked":["Headbutt","Rampage"],"picked":"Iron Wave+1","floor":18},{"not_picked":["Thunderclap","Flex+1","Intimidate"],"picked":"SKIP","floor":19},{"not_picked":["Evolve+1","Dropkick"],"picked":"True Grit","floor":20},{"not_picked":["Burning Pact","Sword Boomerang"],"picked":"Shockwave+1","floor":22},{"not_picked":["Twin Strike","Brutality+1","Anger"],"picked":"SKIP","floor":23},{"not_picked":["Heavy Blade","Armaments"],"picked":"Sentinel","floor":25},{"not_picked":["Clash","Barricade+1","Sever Soul"],"picked":"SKIP","floor":30},{"not_picked":["Headbutt","Body Slam"],"picked":"Disarm","floor":31},{"not_picked":["Bludgeon","Exhume"],"picked":"Demon Form+1","floor":33},{"not_picked":["Perfected Strike","Thunderclap","Dropkick"],"picked":"SKIP","floor":35},{"not_picked":["Headbutt+1","Twin Strike"],"picked":"Armaments+1","floor":36},{"not_picked":["Feel No Pain+1","Armaments"],"picked":"Disarm","floor":37},{"not_picked":["Feed","Havoc","Thunderclap"],"picked":"SKIP","floor":39}],"player_experience":537481,"relics_obtained":[{"floor":6,"key":"Frozen Egg 2"},{"floor":8,"key":"Gremlin Horn"},{"floor":9,"key":"Darkstone Periapt"},{"floor":12,"key":"Letter Opener"},{"floor":23,"key":"Bottled Lightning"},{"floor":25,"key":"Pear"},{"floor":26,"key":"Self Forming Clay"},{"floor":30,"key":"Gambling Chip"}],"event_choices":[{"damage_healed":0,"gold_gain":0,"player_choice":"Donut","damage_taken":0,"max_hp_gain":5,"max_hp_loss":0,"event_name":"Big Fish","floor":3,"gold_loss":0},{"damage_healed":0,"gold_gain":100,"player_choice":"Gold","damage_taken":0,"max_hp_gain":0,"max_hp_loss":0,"event_name":"Wheel of Change","floor":4,"gold_loss":0},{"cards_removed":["Strike_R"],"damage_healed":0,"gold_gain":0,"player_choice":"Gave Gold","damage_taken":0,"max_hp_gain":0,"max_hp_loss":0,"event_name":"Beggar","floor":21,"gold_loss":75},{"damage_healed":0,"gold_gain":0,"player_choice":"Bought 3 Potions","damage_taken":0,"max_hp_gain":0,"max_hp_loss":0,"event_name":"The Woman in Blue","floor":28,"gold_loss":0}],"is_beta":false,"boss_relics":[{"not_picked":["Black Star","Empty Cage"],"picked":"Fusion Hammer"},{"not_picked":["Astrolabe","White Beast Statue"],"picked":"Cursed Key"}],"items_purged_floors":[38],"is_endless":false,"potions_floor_spawned":[6,12,13,18,22,30,33,36,37],"killed_by":"Reptomancer","ascension_level":15}