{"gold_per_floor":[118,118,43,43,43,43,78,78,124,139,50,50,68,68,68,145,145,165,165,165,165,176,176,202,202,202,229,229,229,79,79,79,158,158,173,173,188,188,261,261,289,305,305,205,36,136,152,40,40,40,40,40,40,40,74,74],"floor_reached":56,"playtime":3212,"items_purged":["Shame","Regret"],"score":2006,"play_id":"27537738-08db-411c-a053-0878c7abb024","local_time":"20190131150915","is_ascension_mode":true,"campfire_choices":[{"data":"Neutralize","floor":6.0,"key":"SMITH"},{"data":"Envenom","floor":8.0,"key":"SMITH"},{"data":"Cloak And Dagger","floor":12.0,"key":"SMITH"},{"floor":15.0,"key":"REST"},{"data":"After Image","floor":23.0,"key":"SMITH"},{"data":"Infinite Blades","floor":28.0,"key":"SMITH"},{"floor":32.0,"key":"REST"},{"floor":40.0,"key":"REST"},{"floor":49.0,"key":"RECALL"},{"floor":53.0,"key":"REST"}],"neow_cost":"TEN_PERCENT_HP_LOSS","seed_source_timestamp":0,"circlet_count":0,"master_deck":["AscendersBane","Defend_G+1","Defend_G+1","Defend_G+1","Defend_G+1","Defend_G+1","Strike_G+1","Strike_G+1","Survivor+1","Neutralize+1","Envenom+1","Backflip","Bane+1","Cloak And Dagger+1","Catalyst+1","Well Laid Plans","After Image+1","Calculated Gamble+1","PiercingWail+1","Infinite Blades+1","Crippling Poison+1","Night Terror+1","Backflip+1","Burst+1","Bane+1","Riddle With Holes","Finesse+1","Trip+1","Crippling Poison+1","Prepared+1","Parasite","Backflip+1","Parasite","Noxious Fumes","Escape Plan+1","Leg Sweep+1"],"special_seed":0,"relics":["Ring of the Snake","Kunai","Mummified Hand","Whetstone","Cursed Key","War Paint","Toxic Egg 2","The Specimen","Fusion Hammer","Ornamental Fan","Strawberry","Centennial Puzzle","Calipers","Pen Nib"],"potions_floor_usage":[],"damage_taken":[{"damage":0.0,"enemies":"2 Louse","floor":1.0,"turns":4.0},{"damage":36.0,"enemies":"Lagavulin","floor":7.0,"turns":9.0},{"damage":4.0,"enemies":"Jaw Worm","floor":10.0,"turns":2.0},{"damage":0.0,"enemies":"Small Slimes","floor":13.0,"turns":4.0},{"damage":0.0,"enemies":"Hexaghost","floor":16.0,"turns":9.0},{"damage":7.0,"enemies":"Spheric Guardian","floor":18.0,"turns":6.0},{"damage":5.0,"enemies":"Shell Parasite","floor":22.0,"turns":7.0},{"damage":4.0,"enemies":"Book of Stabbing","floor":24.0,"turns":6.0},{"damage":18.0,"enemies":"Slavers","floor":27.0,"turns":10.0},{"damage":29.0,"enemies":"Collector","floor":33.0,"turns":8.0},{"damage":0.0,"enemies":"Orb Walker","floor":35.0,"turns":3.0},{"damage":0.0,"enemies":"3 Shapes","floor":37.0,"turns":4.0},{"damage":4.0,"enemies":"Nemesis","floor":41.0,"turns":5.0},{"damage":14.0,"enemies":"Maw","floor":42.0,"turns":7.0},{"damage":0.0,"enemies":"Mind Bloom Boss Battle","floor":46.0,"turns":5.0},{"damage":0.0,"enemies":"Writhing Mass","floor":47.0,"turns":5.0},{"damage":35.0,"enemies":"Awakened One","floor":50.0,"turns":16.0},{"damage":4.0,"enemies":"Donu and Deca","floor":51.0,"turns":9.0},{"damage":53,"enemies":"Shield and Spear","floor":55,"turns":8},{"damage":47,"enemies":"The Heart","floor":56,"turns":3}],"seed_played":"5514817122192989624","potions_obtained":[{"floor":1.0,"key":"GhostInAJar"},{"floor":7.0,"key":"Strength Potion"},{"floor":33.0,"key":"SteroidPotion"}],"is_trial":false,"path_per_floor":["M","?","?","?","?","R","E","R","T","M","$","R","M","?","R","B",null,"M","?","$","?","M","R","E","?","T","E","R","?","$","?","R","B",null,"M","?","M","?","T","R","E","M","T","$","$","?","M","$","R","B","B",null,"R","$","E","B"],"character_chosen":"THE_SILENT","items_purchased":["Catalyst","Crippling Poison+1","Centennial Puzzle","Noxious Fumes","Escape Plan+1"],"campfire_rested":4,"item_purchase_floors":[11,30,45,48,48],"current_hp_per_floor":[59,64,64,64,64,64,28,28,28,24,24,24,24,4,23,23,55,48,48,48,48,43,43,39,39,39,21,21,21,21,21,40,11,52,52,52,52,47,47,65,68,54,54,54,54,54,54,54,54,19,15,58,72,72,19,0],"gold":74,"neow_bonus":"THREE_RARE_CARDS","is_prod":false,"is_daily":false,"chose_seed":false,"campfire_upgraded":5,"win_rate":0,"timestamp":1548943755,"path_taken":["M","?","?","?","?","R","E","R","T","M","$","R","?","?","R","BOSS","M","?","$","?","?","R","E","?","T","E","R","?","$","?","R","BOSS","M","?","M","?","?","R","E","M","T","?","$","?","M","$","R","BOSS","BOSS","R","$","E","BOSS"],"build_version":"2019-01-23","purchased_purges":2,"victory":false,"max_hp_per_floor":[60,65,65,65,65,65,65,65,65,65,65,65,65,65,65,65,65,65,65,65,65,65,65,65,65,65,65,65,65,65,65,65,65,65,65,65,65,65,65,65,72,72,72,72,72,72,72,72,72,72,72,72,72,72,72,72],"card_choices":[{"not_picked":["Wraith Form v2","Adrenaline"],"picked":"Envenom","floor":0.0},{"not_picked":["Predator","Acrobatics"],"picked":"Backflip","floor":1.0},{"not_picked":["Predator","Acrobatics"],"picked":"Bane","floor":7.0},{"not_picked":["Heel Hook","Backflip"],"picked":"Cloak And Dagger","floor":10.0},{"not_picked":["Calculated Gamble","Deadly Poison"],"picked":"Well Laid Plans","floor":13.0},{"not_picked":["Venomology","Tools of the Trade"],"picked":"After Image","floor":16.0},{"not_picked":["Footwork","Leg Sweep"],"picked":"Calculated Gamble","floor":18.0},{"not_picked":["Leg Sweep","Prepared"],"picked":"PiercingWail","floor":22.0},{"not_picked":["Concentrate","Flying Knee","Eviscerate"],"picked":"SKIP","floor":24.0},{"not_picked":["A Thousand Cuts","Outmaneuver+1"],"picked":"Infinite Blades","floor":27.0},{"not_picked":["Bullet Time+1","Storm of Steel+1"],"picked":"Burst+1","floor":33.0},{"not_picked":["Dodge and Roll+1","Caltrops"],"picked":"Bane+1","floor":35.0},{"not_picked":["Sucker Punch","Outmaneuver+1","Riddle With Holes"],"picked":"SKIP","floor":37.0},{"not_picked":["Sucker Punch","Outmaneuver+1"],"picked":"Riddle With Holes","floor":37.0},{"not_picked":["Enlightenment+1","Discovery+1"],"picked":"Finesse+1","floor":38.0},{"not_picked":["Purity+1","Magnetism"],"picked":"Trip+1","floor":38.0},{"not_picked":["Dodge and Roll+1","Catalyst+1"],"picked":"Crippling Poison+1","floor":41.0},{"not_picked":["Dagger Spray","Bane+1"],"picked":"Prepared+1","floor":42.0},{"not_picked":["Outmaneuver+1","Distraction+1"],"picked":"Backflip+1","floor":46.0},{"not_picked":["Slice","Bane","Masterful Stab"],"picked":"SKIP","floor":47.0},{"not_picked":["Blade Dance+1","Accuracy"],"picked":"Leg Sweep+1","floor":55}],"player_experience":1275577,"relics_obtained":[{"floor":5.0,"key":"Kunai"},{"floor":7.0,"key":"Mummified Hand"},{"floor":9.0,"key":"Whetstone"},{"floor":24.0,"key":"War Paint"},{"floor":26.0,"key":"Toxic Egg 2"},{"floor":27.0,"key":"The Specimen"},{"floor":39.0,"key":"Ornamental Fan"},{"floor":41.0,"key":"Strawberry"},{"floor":46.0,"key":"Calipers"},{"floor":55,"key":"Pen Nib"}],"event_choices":[{"damage_healed":0.0,"max_hp_gain":5.0,"max_hp_loss":0.0,"gold_gain":0.0,"event_name":"Big Fish","player_choice":"Donut","floor":2.0,"gold_loss":0.0,"damage_taken":0.0},{"cards_removed":["Strike_G"],"damage_healed":0.0,"max_hp_gain":0.0,"max_hp_loss":0.0,"gold_gain":0.0,"event_name":"The Cleric","player_choice":"Card Removal","floor":3.0,"gold_loss":75.0,"damage_taken":0.0},{"damage_healed":0.0,"max_hp_gain":0.0,"max_hp_loss":0.0,"gold_gain":0.0,"event_name":"Liars Game","player_choice":"Ignored","floor":4.0,"gold_loss":0.0,"damage_taken":0.0},{"damage_healed":0.0,"max_hp_gain":0.0,"max_hp_loss":0.0,"gold_gain":0.0,"event_name":"Wheel of Change","player_choice":"Relic","floor":5.0,"gold_loss":0.0,"damage_taken":0.0},{"damage_healed":0.0,"max_hp_gain":0.0,"max_hp_loss":0.0,"gold_gain":0.0,"event_name":"Shining Light","player_choice":"Entered Light","floor":14.0,"gold_loss":0.0,"damage_taken":20.0,"cards_upgraded":["Catalyst","Survivor"]},{"damage_healed":0.0,"max_hp_gain":0.0,"max_hp_loss":0.0,"gold_gain":0.0,"event_name":"Beggar","player_choice":"Ignored","floor":19.0,"gold_loss":0.0,"damage_taken":0.0},{"damage_healed":0.0,"max_hp_gain":0.0,"max_hp_loss":0.0,"gold_gain":0.0,"event_name":"Match and Keep!","player_choice":"0 cards matched","floor":21.0,"gold_loss":0.0,"damage_taken":0.0,"cards_obtained":[]},{"damage_healed":0.0,"max_hp_gain":0.0,"max_hp_loss":0.0,"gold_gain":0.0,"event_name":"Back to Basics","player_choice":"Simplicity","floor":25.0,"gold_loss":0.0,"damage_taken":0.0,"cards_upgraded":["Defend_G","Defend_G","Defend_G","Defend_G","Defend_G","Strike_G","Strike_G","Strike_G"]},{"damage_healed":0.0,"max_hp_gain":0.0,"max_hp_loss":0.0,"gold_gain":0.0,"event_name":"Cursed Tome","player_choice":"Ignored","floor":29.0,"gold_loss":0.0,"damage_taken":0.0},{"damage_healed":0.0,"max_hp_gain":0.0,"max_hp_loss":0.0,"gold_gain":0.0,"cards_transformed":["Strike_G","Strike_G"],"event_name":"Drug Dealer","player_choice":"Became Test Subject","floor":31.0,"gold_loss":0.0,"damage_taken":0.0,"cards_obtained":["Night Terror","Backflip"]},{"damage_healed":0.0,"max_hp_gain":0.0,"max_hp_loss":0.0,"gold_gain":0.0,"event_name":"Tomb of Lord Red Mask","player_choice":"Ignored","floor":36.0,"gold_loss":0.0,"damage_taken":0.0},{"damage_healed":0.0,"max_hp_gain":0.0,"max_hp_loss":0.0,"gold_gain":0.0,"event_name":"SensoryStone","player_choice":"Memory 2","floor":38.0,"gold_loss":0.0,"damage_taken":5.0},{"damage_healed":0.0,"max_hp_gain":0.0,"max_hp_loss":0.0,"gold_gain":0.0,"event_name":"MindBloom","player_choice":"Fight","floor":46.0,"gold_loss":0.0,"damage_taken":0.0}],"is_beta":false,"boss_relics":[{"not_picked":["Empty Cage","Calling Bell"],"picked":"Cursed Key"},{"not_picked":["Philosopher\u0027s Stone","Runic Pyramid"],"picked":"Fusion Hammer"}],"items_purged_floors":[30,44],"is_endless":false,"potions_floor_spawned":[1,7,22,33,37,42],"killed_by":"The Heart","ascension_level":20}