{"gold_per_floor":[114,129,145,155,173,98,109,144,169,169,169,196,196,215,215,316,316,327,339,189,203,10,36,36,36,110,110,121,121,155,169,169,268,268,279,279,295,311,323,323,349,359,359,459,478,489,489,489,489,489],"floor_reached":51,"playtime":10583,"items_purged":["Defend_B","Defend_B"],"score":685,"play_id":"ee93bb09-77fb-43b8-94b5-ff082df63b2c","local_time":"20181121175839","is_ascension_mode":false,"campfire_choices":[{"data":"White Noise","floor":11.0,"key":"SMITH"},{"data":"Zap","floor":13.0,"key":"SMITH"},{"data":"Dualcast","floor":15.0,"key":"SMITH"},{"floor":24.0,"key":"REST"},{"data":"Turbo","floor":27.0,"key":"SMITH"},{"floor":29.0,"key":"REST"},{"floor":32.0,"key":"REST"},{"floor":40.0,"key":"REST"},{"data":"Storm","floor":47.0,"key":"SMITH"},{"floor":49.0,"key":"REST"}],"neow_cost":"TEN_PERCENT_HP_LOSS","seed_source_timestamp":0,"circlet_count":0,"master_deck":["Strike_B","Strike_B+1","Defend_B","Defend_B","Zap+1","Dualcast+1","Self Repair","Sweeping Beam+1","Steam","Turbo+1","Buffer","Go for the Eyes","Coolheaded","Storm+1","White Noise+1","Blizzard","Thunder Strike","Reinforced Body+1","Steam+1","Cold Snap","Panache","Necronomicurse","Creative AI","Heatsinks+1","Hologram+1","Parasite","Doom and Gloom","Mayhem","Blind","Dramatic Entrance"],"special_seed":0,"relics":["Cracked Core","Blue Candle","Oddly Smooth Stone","Whetstone","Busted Crown","Regal Pillow","Necronomicon","Ornamental Fan","Smiling Mask","Inserter","Unceasing Top","Bag of Marbles","Incense Burner"],"potions_floor_usage":[50,50,50],"damage_taken":[{"damage":1.0,"enemies":"Cultist","floor":1.0,"turns":4.0},{"damage":0.0,"enemies":"Small Slimes","floor":2.0,"turns":3.0},{"damage":1.0,"enemies":"Jaw Worm","floor":3.0,"turns":3.0},{"damage":5.0,"enemies":"Lots of Slimes","floor":4.0,"turns":4.0},{"damage":11.0,"enemies":"Large Slime","floor":5.0,"turns":6.0},{"damage":0.0,"enemies":"Looter","floor":7.0,"turns":4.0},{"damage":9.0,"enemies":"3 Sentries","floor":8.0,"turns":8.0},{"damage":6.0,"enemies":"3 Louse","floor":10.0,"turns":2.0},{"damage":13.0,"enemies":"Lagavulin","floor":12.0,"turns":7.0},{"damage":5.0,"enemies":"Exordium Wildlife","floor":14.0,"turns":3.0},{"damage":21.0,"enemies":"The Guardian","floor":16.0,"turns":12.0},{"damage":22.0,"enemies":"2 Thieves","floor":18.0,"turns":2.0},{"damage":14.0,"enemies":"Chosen","floor":19.0,"turns":5.0},{"damage":0.0,"enemies":"Sentry and Sphere","floor":21.0,"turns":5.0},{"damage":27.0,"enemies":"Gremlin Leader","floor":23.0,"turns":7.0},{"damage":15.0,"enemies":"Snake Plant","floor":28.0,"turns":3.0},{"damage":36.0,"enemies":"Slavers","floor":30.0,"turns":4.0},{"damage":7.0,"enemies":"Cultist and Chosen","floor":31.0,"turns":5.0},{"damage":18.0,"enemies":"Champ","floor":33.0,"turns":9.0},{"damage":9.0,"enemies":"3 Shapes","floor":35.0,"turns":4.0},{"damage":4.0,"enemies":"3 Darklings","floor":37.0,"turns":4.0},{"damage":1.0,"enemies":"Maw","floor":38.0,"turns":5.0},{"damage":69.0,"enemies":"Writhing Mass","floor":39.0,"turns":8.0},{"damage":6.0,"enemies":"Giant Head","floor":41.0,"turns":7.0},{"damage":9.0,"enemies":"Transient","floor":42.0,"turns":5.0},{"damage":0.0,"enemies":"Mind Bloom Boss Battle","floor":44.0,"turns":6.0},{"damage":18.0,"enemies":"Sphere and 2 Shapes","floor":45.0,"turns":4.0},{"damage":1.0,"enemies":"Spire Growth","floor":46.0,"turns":3.0},{"damage":67,"enemies":"Awakened One","floor":50,"turns":8}],"seed_played":"-7202729166251487194","potions_obtained":[{"floor":1.0,"key":"LiquidBronze"},{"floor":3.0,"key":"Explosive Potion"},{"floor":5.0,"key":"FocusPotion"},{"floor":8.0,"key":"Poison Potion"},{"floor":16.0,"key":"SkillPotion"},{"floor":19.0,"key":"LiquidBronze"},{"floor":21.0,"key":"FairyPotion"},{"floor":30.0,"key":"SkillPotion"},{"floor":33.0,"key":"LiquidBronze"},{"floor":37.0,"key":"Weak Potion"},{"floor":41.0,"key":"Ancient Potion"},{"floor":46.0,"key":"SkillPotion"}],"is_trial":false,"path_per_floor":["M","M","M","M","M","$","M","E","T","M","R","E","R","M","R","B",null,"M","M","$","M","$","E","R","?","T","R","M","R","E","M","R","B",null,"M","?","M","M","M","R","E","M","T","?","?","M","M","R","?","R","B",null],"character_chosen":"DEFECT","items_purchased":["Cold Snap","Panache"],"campfire_rested":5,"item_purchase_floors":[20,22],"current_hp_per_floor":[68,68,68,68,64,64,68,66,66,60,60,54,54,49,49,35,68,46,39,39,46,46,26,61,45,45,45,37,68,39,39,68,57,68,59,59,62,68,13,48,49,47,47,54,43,49,49,39,68,8],"gold":489,"neow_bonus":"TRANSFORM_TWO_CARDS","is_prod":false,"is_daily":false,"chose_seed":false,"campfire_upgraded":5,"win_rate":0,"timestamp":1542851919,"path_taken":["M","M","M","M","M","$","M","E","T","?","R","E","R","?","R","BOSS","M","?","$","M","?","E","R","?","T","R","M","R","E","M","R","BOSS","M","?","?","M","M","R","E","M","T","?","M","M","R","?","R","BOSS"],"build_version":"2018-11-15","purchased_purges":2,"victory":true,"max_hp_per_floor":[68,68,68,68,68,68,68,68,68,68,68,68,68,68,68,68,68,68,68,68,68,68,68,68,68,68,68,68,68,68,68,68,68,68,68,68,68,68,68,68,68,68,68,68,68,68,68,68,68,68],"card_choices":[{"not_picked":["Loop","Blizzard"],"picked":"Steam","floor":1.0},{"not_picked":["Rebound","Beam Cell"],"picked":"Turbo","floor":2.0},{"not_picked":["Steam Power","FTL"],"picked":"Buffer","floor":3.0},{"not_picked":["Undo","Go for the Eyes","Beam Cell"],"picked":"SKIP","floor":4.0},{"not_picked":["Rebound","Streamline"],"picked":"Go for the Eyes","floor":5.0},{"not_picked":["Sweeping Beam","Rebound"],"picked":"Coolheaded","floor":7.0},{"not_picked":["Genetic Algorithm","Chaos"],"picked":"Storm","floor":8.0},{"not_picked":["Biased Cognition","Compile Driver"],"picked":"White Noise","floor":10.0},{"not_picked":["Fusion","Genetic Algorithm"],"picked":"Blizzard","floor":12.0},{"not_picked":["Sweeping Beam","Auto Shields","Leap"],"picked":"SKIP","floor":14.0},{"not_picked":["All For One","Meteor Strike"],"picked":"Thunder Strike","floor":16.0},{"not_picked":[],"picked":"Reinforced Body+1","floor":18.0},{"not_picked":[],"picked":"Steam+1","floor":19.0},{"not_picked":["Tempest"],"picked":"SKIP","floor":21.0},{"not_picked":["Steam"],"picked":"SKIP","floor":23.0},{"not_picked":["Ball Lightning"],"picked":"SKIP","floor":28.0},{"not_picked":["Leap"],"picked":"SKIP","floor":30.0},{"not_picked":["Steam"],"picked":"SKIP","floor":31.0},{"not_picked":[],"picked":"Creative AI","floor":33.0},{"not_picked":[],"picked":"Heatsinks+1","floor":35.0},{"not_picked":["Turbo"],"picked":"SKIP","floor":37.0},{"not_picked":[],"picked":"Hologram+1","floor":38.0},{"not_picked":[],"picked":"Doom and Gloom","floor":39.0},{"not_picked":["Sunder+1"],"picked":"SKIP","floor":41.0},{"not_picked":["Blizzard+1"],"picked":"SKIP","floor":42.0},{"not_picked":["Ball Lightning"],"picked":"SKIP","floor":45.0},{"not_picked":["Redo"],"picked":"SKIP","floor":46.0},{"not_picked":[],"picked":"Mayhem","floor":48.0},{"not_picked":[],"picked":"Blind","floor":48.0},{"not_picked":[],"picked":"Dramatic Entrance","floor":48.0}],"player_experience":871366,"relics_obtained":[{"floor":8.0,"key":"Blue Candle"},{"floor":9.0,"key":"Oddly Smooth Stone"},{"floor":12.0,"key":"Whetstone"},{"floor":23.0,"key":"Regal Pillow"},{"floor":25.0,"key":"Necronomicon"},{"floor":26.0,"key":"Ornamental Fan"},{"floor":30.0,"key":"Smiling Mask"},{"floor":41.0,"key":"Unceasing Top"},{"floor":43.0,"key":"Bag of Marbles"},{"floor":44.0,"key":"Incense Burner"}],"event_choices":[{"damage_healed":0.0,"max_hp_gain":0.0,"max_hp_loss":0.0,"gold_gain":0.0,"event_name":"Cursed Tome","player_choice":"Obtained Book","floor":25.0,"gold_loss":0.0,"damage_taken":16.0},{"damage_healed":0.0,"max_hp_gain":0.0,"max_hp_loss":0.0,"gold_gain":0.0,"event_name":"The Woman in Blue","player_choice":"Bought 0 Potions","floor":36.0,"gold_loss":0.0,"damage_taken":0.0},{"damage_healed":0.0,"max_hp_gain":0.0,"max_hp_loss":0.0,"gold_gain":0.0,"event_name":"MindBloom","player_choice":"Fight","floor":44.0,"gold_loss":0.0,"damage_taken":0.0},{"damage_healed":0.0,"max_hp_gain":0.0,"max_hp_loss":0.0,"gold_gain":0.0,"event_name":"Tomb of Lord Red Mask","player_choice":"Ignored","floor":44.0,"gold_loss":0.0,"damage_taken":0.0},{"damage_healed":0.0,"max_hp_gain":0.0,"max_hp_loss":0.0,"gold_gain":0.0,"event_name":"SensoryStone","player_choice":"Memory 3","floor":48.0,"gold_loss":0.0,"damage_taken":10.0}],"is_beta":false,"boss_relics":[{"not_picked":["White Beast Statue","Cursed Key"],"picked":"Busted Crown"},{"not_picked":["Fusion Hammer","Lizard Tail"],"picked":"Inserter"}],"items_purged_floors":[6,20],"is_endless":false,"potions_floor_spawned":[1,3,5,8,16,19,21,30,33,37,41,46],"ascension_level":0}