{"gold_per_floor":[119,44,44,94,111,111,130,156,156,170,170,184,184,199,199,271,271,290,340,340,351,351,351,351],"floor_reached":24,"playtime":769,"items_purged":["Shame"],"score":392,"play_id":"ea88184e-504a-4d37-8cb3-4e362b2753e8","local_time":"20190408155028","is_ascension_mode":true,"campfire_choices":[{"data":"Whirlwind","floor":6.0,"key":"SMITH"},{"data":"1","floor":11.0,"key":"LIFT"},{"data":"2","floor":13.0,"key":"LIFT"},{"data":"Disarm","floor":15.0,"key":"SMITH"},{"floor":23.0,"key":"REST"}],"neow_cost":"CURSE","seed_source_timestamp":0,"circlet_count":0,"master_deck":["AscendersBane","Strike_R","Strike_R","Strike_R","Strike_R","Defend_R","Defend_R","Defend_R","Defend_R","Bash","Twin Strike","Whirlwind+1","Carnage","Shrug It Off","Disarm+1","Rage","Feed","Corruption"],"special_seed":0,"relics":["Burning Blood","Calipers","Girya","Letter Opener","Snecko Eye","Enchiridion"],"potions_floor_usage":[24],"damage_taken":[{"damage":9.0,"enemies":"2 Louse","floor":1.0,"turns":4.0},{"damage":8.0,"enemies":"Jaw Worm","floor":5.0,"turns":6.0},{"damage":6.0,"enemies":"Cultist","floor":7.0,"turns":3.0},{"damage":25.0,"enemies":"3 Sentries","floor":8.0,"turns":5.0},{"damage":20.0,"enemies":"Large Slime","floor":10.0,"turns":6.0},{"damage":0.0,"enemies":"Looter","floor":12.0,"turns":2.0},{"damage":0.0,"enemies":"3 Louse","floor":14.0,"turns":1.0},{"damage":19.0,"enemies":"The Guardian","floor":16.0,"turns":13.0},{"damage":18.0,"enemies":"Shell Parasite","floor":18.0,"turns":3.0},{"damage":29.0,"enemies":"3 Byrds","floor":21.0,"turns":4.0},{"damage":37,"enemies":"Slavers","floor":24,"turns":3}],"seed_played":"7293723576091120323","potions_obtained":[{"floor":7.0,"key":"FearPotion"},{"floor":8.0,"key":"Block Potion"},{"floor":18.0,"key":"Explosive Potion"}],"is_trial":false,"path_per_floor":["M","$","?","?","M","R","M","E","T","M","R","M","R","M","R","B",null,"M","?","?","M","?","R","E"],"character_chosen":"IRONCLAD","items_purchased":[],"campfire_rested":1,"item_purchase_floors":[],"current_hp_per_floor":[65,65,58,58,56,56,56,37,37,23,23,29,29,35,35,22,62,53,53,53,30,9,32,0],"gold":351,"neow_bonus":"ONE_RARE_RELIC","is_prod":false,"is_daily":false,"chose_seed":false,"campfire_upgraded":2,"win_rate":0,"timestamp":1554731428,"path_taken":["M","$","?","?","M","R","M","E","T","?","R","M","R","M","R","BOSS","M","?","?","M","?","R","E"],"build_version":"2019-01-23","purchased_purges":1,"victory":false,"max_hp_per_floor":[75,75,75,75,75,75,75,75,75,75,75,75,75,75,75,75,75,78,78,78,78,78,78,81],"card_choices":[{"not_picked":["Warcry","Heavy Blade"],"picked":"Twin Strike","floor":1.0},{"not_picked":["Infernal Blade","Seeing Red"],"picked":"Whirlwind","floor":5.0},{"not_picked":["Thunderclap","Sword Boomerang"],"picked":"Carnage","floor":7.0},{"not_picked":["Pommel Strike","Double Tap"],"picked":"Shrug It Off","floor":8.0},{"not_picked":["Twin Strike","Heavy Blade","Anger"],"picked":"SKIP","floor":10.0},{"not_picked":["Dual Wield","Reckless Charge"],"picked":"Disarm","floor":12.0},{"not_picked":["Sentinel","Twin Strike"],"picked":"Rage","floor":14.0},{"not_picked":["Berserk","Double Tap"],"picked":"Feed","floor":16.0},{"not_picked":["Armaments+1","Anger"],"picked":"Corruption","floor":18.0},{"not_picked":["Perfected Strike","Whirlwind","Body Slam"],"picked":"SKIP","floor":21.0}],"player_experience":1425118,"relics_obtained":[{"floor":8.0,"key":"Girya"},{"floor":9.0,"key":"Letter Opener"},{"floor":22.0,"key":"Enchiridion"}],"event_choices":[{"cards_removed":["Strike_R"],"damage_healed":0.0,"max_hp_gain":0.0,"max_hp_loss":0.0,"gold_gain":0.0,"event_name":"Golden Wing","player_choice":"Card Removal","floor":3.0,"gold_loss":0.0,"damage_taken":7.0},{"damage_healed":0.0,"max_hp_gain":0.0,"max_hp_loss":0.0,"gold_gain":50.0,"event_name":"Golden Shrine","player_choice":"Pray","floor":4.0,"gold_loss":0.0,"damage_taken":0.0},{"damage_healed":0.0,"max_hp_gain":0.0,"max_hp_loss":0.0,"gold_gain":50.0,"event_name":"Nest","player_choice":"Stole From Cult","floor":19.0,"gold_loss":0.0,"damage_taken":0.0},{"damage_healed":0.0,"max_hp_gain":0.0,"max_hp_loss":0.0,"gold_gain":0.0,"event_name":"Ghosts","player_choice":"Ignored","floor":20.0,"gold_loss":0.0,"damage_taken":0.0},{"damage_healed":0.0,"max_hp_gain":0.0,"max_hp_loss":0.0,"gold_gain":0.0,"event_name":"Cursed Tome","player_choice":"Obtained Book","floor":22.0,"gold_loss":0.0,"damage_taken":21.0}],"is_beta":false,"boss_relics":[{"not_picked":["Busted Crown","Coffee Dripper"],"picked":"Snecko Eye"}],"items_purged_floors":[2],"is_endless":false,"potions_floor_spawned":[7,8,10,18],"killed_by":"Slavers","ascension_level":20}