{"gold_per_floor":[113,38,38,58,58,86,98,98],"floor_reached":8,"playtime":1488,"items_purged":["Strike_B"],"score":76,"play_id":"cfc056f2-ba49-48a7-b4d2-a7c50ab75814","local_time":"20181105151217","is_ascension_mode":true,"campfire_choices":[],"neow_cost":"NONE","seed_source_timestamp":0,"circlet_count":0,"master_deck":["Strike_B","Strike_B","Strike_B","Defend_B","Defend_B","Defend_B","Defend_B","Zap","Dualcast","Double Energy","Regret","Auto Shields","Pain","Force Field","Static Discharge"],"special_seed":0,"relics":["Cracked Core","Anchor","WarpedTongs","Pen Nib"],"potions_floor_usage":[6,8],"damage_taken":[{"damage":0.0,"enemies":"Cultist","floor":1.0,"turns":3.0},{"damage":15,"enemies":"Small Slimes","floor":4,"turns":4},{"damage":44,"enemies":"Gremlin Nob","floor":6,"turns":5},{"damage":11,"enemies":"Jaw Worm","floor":7,"turns":5},{"damage":11,"enemies":"Red Slaver","floor":8,"turns":4}],"seed_played":"7381035928957202271","potions_obtained":[{"floor":1.0,"key":"AttackPotion"},{"floor":4,"key":"Dexterity Potion"},{"floor":6,"key":"Strength Potion"}],"is_trial":false,"path_per_floor":["M","$","?","M","?","E","M","M"],"character_chosen":"DEFECT","items_purchased":[],"campfire_rested":0,"item_purchase_floors":[],"current_hp_per_floor":[75,75,75,60,60,16,5,0],"gold":98,"neow_bonus":"TEN_PERCENT_HP_BONUS","is_prod":false,"is_daily":false,"chose_seed":false,"campfire_upgraded":0,"win_rate":0,"timestamp":1541459537,"path_taken":["M","?","?","M","?","E","M","?"],"build_version":"2018-11-01","purchased_purges":1,"victory":false,"max_hp_per_floor":[82,82,82,82,82,82,82,82],"card_choices":[{"not_picked":["Go for the Eyes","Aggregate"],"picked":"Double Energy","floor":1.0},{"not_picked":["Steam","Barrage"],"picked":"Auto Shields","floor":4},{"not_picked":["Redo","Conserve Battery"],"picked":"Force Field","floor":6},{"not_picked":["Heatsinks","Compile Driver"],"picked":"Static Discharge","floor":7}],"player_experience":813859,"relics_obtained":[{"floor":6,"key":"Pen Nib"}],"event_choices":[{"damage_healed":0,"gold_gain":0,"player_choice":"Box","damage_taken":0,"relics_obtained":["Anchor"],"max_hp_gain":0,"max_hp_loss":0,"event_name":"Big Fish","floor":3,"gold_loss":0,"cards_obtained":["Regret"]},{"damage_healed":0,"gold_gain":0,"player_choice":"Rummage","damage_taken":0,"relics_obtained":["WarpedTongs"],"max_hp_gain":0,"max_hp_loss":0,"event_name":"Accursed Blacksmith","floor":5,"gold_loss":0,"cards_obtained":["Pain"]}],"is_beta":false,"boss_relics":[],"items_purged_floors":[2],"is_endless":false,"potions_floor_spawned":[1,4,6],"killed_by":"Red Slaver","ascension_level":7}