{"gold_per_floor":[118,135,135,146,66,66,101,112,112,112,77,77,77,91,91,91],"floor_reached":16,"playtime":589,"items_purged":[],"score":201,"play_id":"566ae38e-618b-4862-9cd8-f6ab5ad7bddd","local_time":"20190418014611","is_ascension_mode":true,"campfire_choices":[{"data":"Searing Blow","floor":6,"key":"SMITH"},{"data":"Searing Blow+1","floor":12,"key":"SMITH"},{"data":"Searing Blow+2","floor":15,"key":"SMITH"}],"neow_cost":"PERCENT_DAMAGE","seed_source_timestamp":118757936090137,"circlet_count":0,"master_deck":["AscendersBane","Strike_R","Strike_R","Strike_R","Strike_R","Strike_R","Defend_R","Defend_R","Defend_R","Defend_R","Bash","Searing Blow+3","Burning Pact","Corruption","Ghostly Armor"],"relics":["Burning Blood","Omamori","Mummified Hand","Potion Belt"],"potions_floor_usage":[10,16],"damage_taken":[{"damage":6,"enemies":"Cultist","floor":1,"turns":3},{"damage":2,"enemies":"2 Louse","floor":2,"turns":3},{"damage":24,"enemies":"Small Slimes","floor":4,"turns":5},{"damage":55,"enemies":"Lagavulin","floor":7,"turns":7},{"damage":7,"enemies":"Exordium Wildlife","floor":8,"turns":4},{"damage":10,"enemies":"3 Sentries","floor":10,"turns":2},{"damage":22,"enemies":"Red Slaver","floor":14,"turns":4},{"damage":28,"enemies":"The Guardian","floor":16,"turns":5}],"seed_played":"3930314649595382462","potions_obtained":[{"floor":7,"key":"SmokeBomb"},{"floor":14,"key":"PowerPotion"}],"is_trial":false,"path_per_floor":["?","M","?","?"],"character_chosen":"IRONCLAD","items_purchased":["Burning Pact"],"campfire_rested":0,"item_purchase_floors":[5],"current_hp_per_floor":[67,71,96,78,78,78,29,28,28,24,48,48,41,25,25,0],"gold":91,"neow_bonus":"TWENTY_PERCENT_HP_BONUS","is_prod":false,"is_daily":false,"chose_seed":false,"campfire_upgraded":3,"win_rate":0,"timestamp":1555526771,"path_taken":["M","M","?","?","$","R","E","M","T","E","?","R","?","M","R","BOSS"],"build_version":"2019-01-23","purchased_purges":0,"victory":false,"max_hp_per_floor":[96,96,96,96,96,96,96,96,96,96,96,96,96,96,96,96],"card_choices":[{"not_picked":["Armaments","Flex"],"picked":"Carnage","floor":1},{"not_picked":["Headbutt","Infernal Blade"],"picked":"Searing Blow","floor":2},{"not_picked":["Iron Wave","True Grit","Warcry"],"picked":"SKIP","floor":4},{"not_picked":["Anger","Clothesline","Wild Strike"],"picked":"SKIP","floor":7},{"not_picked":["Reaper","Wild Strike"],"picked":"Corruption","floor":8},{"not_picked":["Wild Strike","Combust"],"picked":"Ghostly Armor","floor":14}],"player_experience":257780,"relics_obtained":[{"floor":7,"key":"Omamori"},{"floor":9,"key":"Mummified Hand"}],"event_choices":[{"cards_removed":["Carnage"],"damage_healed":25,"gold_gain":0,"player_choice":"Offered Uncommon","damage_taken":0,"max_hp_gain":0,"max_hp_loss":0,"event_name":"Bonfire Elementals","floor":3,"gold_loss":0},{"damage_healed":24,"gold_gain":0,"player_choice":"Healed","damage_taken":0,"max_hp_gain":0,"max_hp_loss":0,"event_name":"The Cleric","floor":11,"gold_loss":35},{"damage_healed":0,"gold_gain":0,"player_choice":"Success","damage_taken":7,"relics_obtained":["Potion Belt"],"max_hp_gain":0,"max_hp_loss":0,"event_name":"Scrap Ooze","floor":13,"gold_loss":0}],"is_beta":false,"boss_relics":[],"items_purged_floors":[],"is_endless":false,"potions_floor_spawned":[7,10,14],"killed_by":"The Guardian","ascension_level":12}