{"gold_per_floor":[366,441,454,10,30,56,56,56,56,89,107,107,107,133,133,235,235,250,270,545,545,545,545,559,559,613,192,205,205],"floor_reached":29,"playtime":1526,"items_purged":["Strike_B"],"score":313,"play_id":"4141db1a-e4c0-44fe-a1b7-2a307266dcba","local_time":"20190417151845","is_ascension_mode":true,"campfire_choices":[{"data":"Zap","floor":7,"key":"SMITH"},{"data":"Dualcast","floor":12,"key":"SMITH"},{"data":"Creative AI","floor":15,"key":"SMITH"},{"data":"Rainbow","floor":23,"key":"SMITH"},{"data":"Capacitor","floor":25,"key":"SMITH"}],"neow_cost":"TEN_PERCENT_HP_LOSS","seed_source_timestamp":80174429759239,"circlet_count":0,"master_deck":["Strike_B","Defend_B","Defend_B","Defend_B","Defend_B","Zap+1","Dualcast+1","Coolheaded+1","Streamline","Self Repair","Chill","Conserve Battery","Doom and Gloom","Creative AI+1","Rainbow+1","Reinforced Body+1","Capacitor+1","Conserve Battery+1","Enlightenment","Capacitor"],"relics":["Cracked Core","Bottled Flame","Lantern","Orichalcum","Dodecahedron","Thread and Needle","Juzu Bracelet","Empty Cage","War Paint","Membership Card","Shovel"],"potions_floor_usage":[11,18,24,28,29],"damage_taken":[{"damage":3,"enemies":"Jaw Worm","floor":1,"turns":4},{"damage":0,"enemies":"Cultist","floor":3,"turns":4},{"damage":10,"enemies":"Small Slimes","floor":5,"turns":3},{"damage":29,"enemies":"Gremlin Nob","floor":6,"turns":4},{"damage":3,"enemies":"3 Sentries","floor":10,"turns":9},{"damage":3,"enemies":"Blue Slaver","floor":11,"turns":3},{"damage":8,"enemies":"Lagavulin","floor":14,"turns":5},{"damage":8,"enemies":"The Guardian","floor":16,"turns":10},{"damage":1,"enemies":"3 Byrds","floor":18,"turns":4},{"damage":0,"enemies":"Chosen","floor":19,"turns":5},{"damage":2,"enemies":"Snecko","floor":24,"turns":5},{"damage":8,"enemies":"Chosen and Byrds","floor":28,"turns":6},{"damage":67,"enemies":"Slavers","floor":29,"turns":3}],"seed_played":"1438009395429166873","potions_obtained":[{"floor":1,"key":"Explosive Potion"},{"floor":5,"key":"SneckoOil"},{"floor":11,"key":"PowerPotion"},{"floor":19,"key":"SkillPotion"},{"floor":24,"key":"SkillPotion"},{"floor":28,"key":"Strength Potion"}],"is_trial":false,"path_per_floor":["?","$","?","?","?","?"],"character_chosen":"DEFECT","items_purchased":["Self Repair","Bottled Flame","Lantern","Membership Card","Shovel","Enlightenment"],"campfire_rested":0,"item_purchase_floors":[4,4,4,27,27,27],"current_hp_per_floor":[65,59,59,59,56,34,34,34,34,38,35,35,35,27,27,19,56,62,68,68,68,68,68,68,68,68,68,67,0],"gold":205,"neow_bonus":"TWO_FIFTY_GOLD","is_prod":false,"is_daily":false,"chose_seed":false,"campfire_upgraded":5,"win_rate":0,"timestamp":1555489125,"path_taken":["M","?","M","$","M","E","R","?","T","E","M","R","?","E","R","BOSS","M","M","?","?","?","R","M","R","T","$","M","E"],"build_version":"2019-01-23","purchased_purges":1,"victory":false,"max_hp_per_floor":[68,68,68,68,68,68,68,68,68,68,68,68,68,68,68,68,68,68,68,68,68,68,68,68,68,68,68,68,68],"card_choices":[{"not_picked":["Cold Snap","Turbo"],"picked":"Coolheaded","floor":1},{"not_picked":["Melter","Steam"],"picked":"Streamline","floor":3},{"not_picked":["Sweeping Beam","Consume"],"picked":"Chill","floor":5},{"not_picked":["Barrage","Capacitor"],"picked":"Conserve Battery","floor":6},{"not_picked":["Compile Driver","Skim"],"picked":"Doom and Gloom","floor":10},{"not_picked":["Compile Driver","Gash","Thunder Strike"],"picked":"SKIP","floor":11},{"not_picked":["Hello World","Compile Driver"],"picked":"Creative AI","floor":14},{"not_picked":["Machine Learning","Biased Cognition"],"picked":"Rainbow","floor":16},{"not_picked":["Loop+1","Beam Cell"],"picked":"Reinforced Body","floor":18},{"not_picked":["Go for the Eyes+1","Reprogram+1"],"picked":"Capacitor","floor":19},{"not_picked":["Leap","Turbo+1"],"picked":"Conserve Battery+1","floor":24},{"not_picked":["Cold Snap","Beam Cell"],"picked":"Capacitor","floor":28}],"player_experience":246148,"relics_obtained":[{"floor":6,"key":"Orichalcum"},{"floor":9,"key":"Dodecahedron"},{"floor":10,"key":"Thread and Needle"},{"floor":14,"key":"Juzu Bracelet"},{"floor":26,"key":"War Paint"}],"event_choices":[{"damage_healed":0,"gold_gain":75,"player_choice":"Touch","damage_taken":6,"max_hp_gain":0,"max_hp_loss":0,"event_name":"FaceTrader","floor":2,"gold_loss":0},{"damage_healed":0,"gold_gain":0,"player_choice":"Ignored","damage_taken":0,"max_hp_gain":0,"max_hp_loss":0,"event_name":"Liars Game","floor":13,"gold_loss":0},{"damage_healed":0,"gold_gain":275,"player_choice":"Desecrate","damage_taken":0,"max_hp_gain":0,"max_hp_loss":0,"event_name":"Golden Shrine","floor":20,"gold_loss":0,"cards_obtained":["Regret"]},{"cards_removed":["Regret"],"damage_healed":0,"gold_gain":0,"player_choice":"Removed Curses","damage_taken":0,"max_hp_gain":0,"max_hp_loss":0,"event_name":"Fountain of Cleansing","floor":21,"gold_loss":0},{"damage_healed":0,"gold_gain":0,"player_choice":"Ignored","damage_taken":0,"max_hp_gain":0,"max_hp_loss":0,"event_name":"Ghosts","floor":22,"gold_loss":0}],"is_beta":false,"boss_relics":[{"not_picked":["Runic Pyramid","Pandora\u0027s Box"],"picked":"Empty Cage"}],"items_purged_floors":[27],"is_endless":false,"potions_floor_spawned":[1,5,11,19,24,28],"killed_by":"Slavers","ascension_level":6}