{"gold_per_floor":[116,116,132,142,162,195,214,58,58,58,58,78,78,92,92,195,195,214,65,84,184,199,228,153,153,179,179,27,27,40,60,60,163,163,182,234,246,346,358,390,390,390,390,390,8,0,15,29,29,29,29,29,29,88,88],"floor_reached":55,"playtime":3158,"items_purged":[],"score":774,"play_id":"da81a9b2-ccff-4d39-a2d9-8f6f28b4d6e1","local_time":"20181030164622","is_ascension_mode":false,"campfire_choices":[{"floor":10,"key":"RECALL"},{"data":"Coolheaded","floor":13,"key":"SMITH"},{"data":"Zap","floor":15,"key":"SMITH"},{"floor":25,"key":"REST"},{"floor":27,"key":"REST"},{"floor":32,"key":"REST"},{"data":"Rainbow","floor":41,"key":"SMITH"},{"data":"Conserve Battery","floor":44,"key":"SMITH"},{"floor":49,"key":"REST"},{"data":"Electrodynamics","floor":52,"key":"SMITH"}],"neow_cost":"NONE","seed_source_timestamp":517825963264720,"circlet_count":0,"master_deck":["Defend_B","Defend_B","Zap+1","Dualcast+1","Leap+1","Stack+1","Compile Driver","Ball Lightning","Beam Cell+1","Glacier+1","Compile Driver","Melter+1","Coolheaded+1","Ball Lightning","Electrodynamics+1","Sweeping Beam+1","Hologram","Steam Power","Rainbow+1","BootSequence+1","Conserve Battery+1","Rip and Tear+1","Go for the Eyes+1","Fission","Hologram+1","FTL+1","Chill+1","Beam Cell+1","Reinforced Body+1","Ball Lightning+1","Coolheaded+1","Steam+1","Trip","Redo","Storm","White Noise","Stack+1"],"relics":["Astrolabe","WarpedTongs","Pen Nib","Bronze Scales","Empty Cage","Whetstone","Prayer Wheel","Symbiotic Virus","Thread and Needle","Oddly Smooth Stone","War Paint","Inserter","Mango","FossilizedHelix","Ornamental Fan","Cables","Bottled Tornado","Red Mask","Tiny Chest"],"potions_floor_usage":[7,7,7,16,18,20,23,23,50,54,55],"damage_taken":[{"damage":1,"enemies":"2 Louse","floor":1,"turns":2},{"damage":0,"enemies":"Cultist","floor":3,"turns":3},{"damage":3,"enemies":"Small Slimes","floor":4,"turns":3},{"damage":2,"enemies":"3 Louse","floor":5,"turns":4},{"damage":20,"enemies":"3 Sentries","floor":6,"turns":9},{"damage":8,"enemies":"Lots of Slimes","floor":7,"turns":3},{"damage":2,"enemies":"Blue Slaver","floor":12,"turns":3},{"damage":3,"enemies":"2 Fungi Beasts","floor":14,"turns":3},{"damage":14,"enemies":"Hexaghost","floor":16,"turns":8},{"damage":2,"enemies":"Shell Parasite","floor":18,"turns":5},{"damage":12,"enemies":"2 Thieves","floor":20,"turns":3},{"damage":23,"enemies":"Colosseum Slavers","floor":21,"turns":3},{"damage":6,"enemies":"Colosseum Nobs","floor":21,"turns":4},{"damage":3,"enemies":"Centurion and Healer","floor":22,"turns":6},{"damage":33,"enemies":"Slavers","floor":23,"turns":3},{"damage":0,"enemies":"Snake Plant","floor":30,"turns":3},{"damage":2,"enemies":"Shelled Parasite and Fungi","floor":31,"turns":5},{"damage":9,"enemies":"Automaton","floor":33,"turns":10},{"damage":5,"enemies":"3 Darklings","floor":35,"turns":4},{"damage":8,"enemies":"2 Orb Walkers","floor":36,"turns":5},{"damage":2,"enemies":"3 Shapes","floor":37,"turns":3},{"damage":3,"enemies":"Mind Bloom Boss Battle","floor":38,"turns":6},{"damage":0,"enemies":"Transient","floor":39,"turns":5},{"damage":0,"enemies":"Giant Head","floor":40,"turns":9},{"damage":0,"enemies":"Jaw Worm Horde","floor":47,"turns":3},{"damage":0,"enemies":"3 Darklings","floor":48,"turns":4},{"damage":15,"enemies":"Time Eater","floor":50,"turns":12},{"damage":64,"enemies":"Shield and Spear","floor":54,"turns":7},{"damage":63,"enemies":"The Heart","floor":55,"turns":5}],"seed_played":"3124043770826065148","potions_obtained":[{"floor":1,"key":"Poison Potion"},{"floor":4,"key":"FocusPotion"},{"floor":5,"key":"Dexterity Potion"},{"floor":7,"key":"Weak Potion"},{"floor":14,"key":"Poison Potion"},{"floor":16,"key":"Fruit Juice"},{"floor":18,"key":"Energy Potion"},{"floor":20,"key":"FocusPotion"},{"floor":33,"key":"Ancient Potion"},{"floor":37,"key":"Swift Potion"},{"floor":39,"key":"Dexterity Potion"},{"floor":54,"key":"Regen Potion"}],"is_trial":false,"path_per_floor":["M","?","M","M","M","E","M","$","T","R","?","M","R","M","R","B",null,"M","$","M","?","M","E","?","R","T","R","$","?","M","M","R","B",null,"M","?","M","?","M","E","R","?","T","R","$","?","M","M","R","B",null,"R","$","E"],"character_chosen":"DEFECT","items_purchased":["Bronze Scales","Whetstone","War Paint","Bottled Tornado","Redo","Storm"],"campfire_rested":4,"item_purchase_floors":[8,19,28,45,45,45],"current_hp_per_floor":[74,74,74,71,69,49,41,41,41,41,66,64,64,61,61,47,75,78,78,66,37,34,1,1,25,25,49,49,49,49,47,71,62,80,75,81,79,76,76,76,76,76,76,76,76,76,76,76,94,79,94,94,94,30,0],"gold":88,"neow_bonus":"BOSS_RELIC","is_prod":false,"is_daily":false,"chose_seed":false,"campfire_upgraded":5,"win_rate":0,"timestamp":1540914382,"path_taken":["M","?","?","M","M","E","M","$","T","R","?","M","R","M","R","BOSS","M","$","?","?","M","E","?","R","T","R","?","?","M","?","R","BOSS","M","?","M","?","M","E","R","?","T","R","$","?","M","?","R","BOSS","R","$","E","BOSS"],"build_version":"2018-10-29v2","purchased_purges":0,"victory":false,"max_hp_per_floor":[75,75,75,75,75,75,75,75,75,75,75,75,75,75,75,75,75,80,80,80,80,80,80,80,80,80,80,80,80,80,80,80,80,80,80,94,94,94,94,94,94,94,94,94,94,94,94,94,94,94,94,94,94,94,94],"card_choices":[{"not_picked":["Steam Power","Stack"],"picked":"Compile Driver","floor":1},{"not_picked":["Static Discharge","Cold Snap"],"picked":"Ball Lightning","floor":3},{"not_picked":["Hologram","Capacitor"],"picked":"Beam Cell","floor":4},{"not_picked":["Streamline","Go for the Eyes"],"picked":"Glacier","floor":5},{"not_picked":["Fusion","Barrage"],"picked":"Compile Driver","floor":6},{"not_picked":["Hologram","Tempest"],"picked":"Melter","floor":7},{"not_picked":["Steam Power","Genetic Algorithm"],"picked":"Coolheaded","floor":12},{"not_picked":["Biased Cognition","Chaos"],"picked":"Ball Lightning","floor":14},{"not_picked":["Rainbow","Meteor Strike"],"picked":"Electrodynamics","floor":16},{"not_picked":["Rip and Tear","Streamline"],"picked":"Sweeping Beam+1","floor":18},{"not_picked":["Glacier","Hologram","Beam Cell"],"picked":"SKIP","floor":20},{"not_picked":["Glacier","Beam Cell"],"picked":"Hologram","floor":20},{"not_picked":["Chill","Cold Snap","Fission"],"picked":"SKIP","floor":22},{"not_picked":["Sweeping Beam","Streamline","Heatsinks"],"picked":"SKIP","floor":22},{"not_picked":["Barrage","Beam Cell","Aggregate+1"],"picked":"SKIP","floor":23},{"not_picked":["Turbo","Streamline"],"picked":"BootSequence+1","floor":30},{"not_picked":["Rebound+1","Barrage"],"picked":"Conserve Battery","floor":30},{"not_picked":["Turbo+1","Steam"],"picked":"Rip and Tear+1","floor":31},{"not_picked":["Self Repair","Heatsinks"],"picked":"Go for the Eyes+1","floor":31},{"not_picked":["Thunder Strike","Multi-Cast"],"picked":"Fission","floor":33},{"not_picked":["Sweeping Beam+1","Compile Driver"],"picked":"Hologram+1","floor":35},{"not_picked":["Rebound","Conserve Battery","Compile Driver+1"],"picked":"SKIP","floor":35},{"not_picked":["Stack+1","Aggregate"],"picked":"FTL+1","floor":36},{"not_picked":["Barrage","Skim+1"],"picked":"Chill+1","floor":37},{"not_picked":["Compile Driver","Seek"],"picked":"Beam Cell+1","floor":37},{"not_picked":["Lockon","Ball Lightning+1"],"picked":"Reinforced Body+1","floor":38},{"not_picked":["Coolheaded","Heatsinks"],"picked":"Ball Lightning+1","floor":39},{"not_picked":["Steam+1","Beam Cell"],"picked":"Coolheaded+1","floor":39},{"not_picked":["Sunder","Skim"],"picked":"Steam+1","floor":40},{"not_picked":["Jack Of All Trades","Impatience"],"picked":"Trip","floor":42},{"not_picked":["Barrage","Steam","Streamline+1"],"picked":"SKIP","floor":47},{"not_picked":["Go for the Eyes+1","Steam","Capacitor"],"picked":"SKIP","floor":47},{"not_picked":["Compile Driver","Meteor Strike"],"picked":"White Noise","floor":48},{"not_picked":["Turbo+1","Gash+1","Go for the Eyes"],"picked":"SKIP","floor":48},{"not_picked":["Capacitor+1","Doom and Gloom"],"picked":"Stack+1","floor":54}],"player_experience":640526,"relics_obtained":[{"floor":6,"key":"Pen Nib"},{"floor":21,"key":"Prayer Wheel"},{"floor":21,"key":"Symbiotic Virus"},{"floor":23,"key":"Thread and Needle"},{"floor":26,"key":"Oddly Smooth Stone"},{"floor":36,"key":"Mango"},{"floor":38,"key":"FossilizedHelix"},{"floor":40,"key":"Ornamental Fan"},{"floor":43,"key":"Cables"},{"floor":54,"key":"Tiny Chest"}],"event_choices":[{"damage_healed":0,"gold_gain":0,"player_choice":"Rummage","damage_taken":0,"relics_obtained":["WarpedTongs"],"max_hp_gain":0,"max_hp_loss":0,"event_name":"Accursed Blacksmith","floor":2,"gold_loss":0,"cards_obtained":["Pain"]},{"damage_healed":25,"gold_gain":0,"player_choice":"Banana","damage_taken":0,"max_hp_gain":0,"max_hp_loss":0,"event_name":"Big Fish","floor":11,"gold_loss":0},{"damage_healed":0,"gold_gain":0,"player_choice":"Fight","damage_taken":0,"max_hp_gain":0,"max_hp_loss":0,"event_name":"Colosseum","floor":21,"gold_loss":0},{"damage_healed":0,"gold_gain":0,"player_choice":"Fought Nobs","damage_taken":0,"max_hp_gain":0,"max_hp_loss":0,"event_name":"Colosseum","floor":21,"gold_loss":0},{"cards_removed":["Strike_B"],"damage_healed":0,"gold_gain":0,"player_choice":"Gave Gold","damage_taken":0,"max_hp_gain":0,"max_hp_loss":0,"event_name":"Beggar","floor":24,"gold_loss":75},{"damage_healed":0,"gold_gain":0,"cards_transformed":["Defend_B","Scrape"],"player_choice":"Became Test Subject","damage_taken":0,"max_hp_gain":0,"max_hp_loss":0,"event_name":"Drug Dealer","floor":29,"gold_loss":0,"cards_obtained":["Steam Power","Rainbow"]},{"damage_healed":0,"gold_gain":0,"player_choice":"Fight","damage_taken":0,"max_hp_gain":0,"max_hp_loss":0,"event_name":"Mysterious Sphere","floor":36,"gold_loss":0},{"damage_healed":0,"gold_gain":0,"player_choice":"Fight","damage_taken":0,"max_hp_gain":0,"max_hp_loss":0,"event_name":"MindBloom","floor":38,"gold_loss":0},{"damage_healed":0,"gold_gain":0,"player_choice":"Memory 1","damage_taken":0,"max_hp_gain":0,"max_hp_loss":0,"event_name":"SensoryStone","floor":42,"gold_loss":0},{"damage_healed":0,"gold_gain":0,"player_choice":"Paid","damage_taken":0,"relics_obtained":["Red Mask"],"max_hp_gain":0,"max_hp_loss":0,"event_name":"Tomb of Lord Red Mask","floor":46,"gold_loss":8}],"is_beta":true,"boss_relics":[{"not_picked":["Orrery","Calling Bell"],"picked":"Empty Cage"},{"not_picked":["Snecko Eye","Nuclear Battery"],"picked":"Inserter"}],"items_purged_floors":[],"is_endless":false,"potions_floor_spawned":[1,4,5,7,14,16,18,20,21,33,37,39,40,54],"killed_by":"The Heart","ascension_level":0}