{"gold_per_floor":[112,5,5,29,29,69,69,87,87,131,131,151,50,84,84,180,180,204,228,49,65,65,65,98,98,98,98,23,46,61,79,79,79],"floor_reached":33,"playtime":1109,"items_purged":["Strike_R","Strike_R"],"score":620,"play_id":"6807093c-dc80-42ff-9a20-2fc34c130ff6","local_time":"20190114134347","is_ascension_mode":true,"campfire_choices":[{"data":"Pommel Strike","floor":7.0,"key":"SMITH"},{"data":"Perfected Strike","floor":11.0,"key":"SMITH"},{"data":"Inflame","floor":15.0,"key":"SMITH"},{"data":"Rage","floor":23.0,"key":"SMITH"},{"data":"Rage","floor":25.0,"key":"SMITH"},{"floor":27.0,"key":"REST"},{"data":"Demon Form","floor":32.0,"key":"SMITH"}],"neow_cost":"NONE","seed_source_timestamp":0,"circlet_count":0,"master_deck":["AscendersBane","Strike_R","Strike_R","Strike_R","Defend_R+1","Defend_R","Defend_R","Defend_R","Bash","Pommel Strike+1","Shockwave+1","Iron Wave","Rage+1","Inflame+1","Perfected Strike+1","Pommel Strike","Warcry","Rage+1","Cleave","Shrug It Off+1","Demon Form+1","Perfected Strike+1","Immolate","Clumsy","Shrug It Off+1","Perfected Strike+1","True Grit+1"],"special_seed":0,"relics":["Burning Blood","NeowsBlessing","Golden Idol","Lantern","Pantograph","Pen Nib","Gambling Chip","Cursed Key","Toxic Egg 2","War Paint","Molten Egg 2"],"potions_floor_usage":[33],"damage_taken":[{"damage":0.0,"enemies":"2 Louse","floor":1.0,"turns":1.0},{"damage":0.0,"enemies":"Small Slimes","floor":4.0,"turns":1.0},{"damage":0.0,"enemies":"Lagavulin","floor":6.0,"turns":1.0},{"damage":3.0,"enemies":"Cultist","floor":8.0,"turns":4.0},{"damage":15.0,"enemies":"3 Sentries","floor":10.0,"turns":7.0},{"damage":8.0,"enemies":"Exordium Thugs","floor":12.0,"turns":4.0},{"damage":15.0,"enemies":"Lagavulin","floor":14.0,"turns":4.0},{"damage":35.0,"enemies":"Hexaghost","floor":16.0,"turns":8.0},{"damage":5.0,"enemies":"2 Thieves","floor":18.0,"turns":4.0},{"damage":0.0,"enemies":"Spheric Guardian","floor":19.0,"turns":3.0},{"damage":39.0,"enemies":"Shelled Parasite and Fungi","floor":21.0,"turns":4.0},{"damage":18.0,"enemies":"Slavers","floor":24.0,"turns":4.0},{"damage":14.0,"enemies":"Cultist and Chosen","floor":29.0,"turns":4.0},{"damage":5.0,"enemies":"Snake Plant","floor":30.0,"turns":3.0},{"damage":0.0,"enemies":"3 Cultists","floor":31.0,"turns":4.0},{"damage":75,"enemies":"Automaton","floor":33,"turns":8}],"seed_played":"5433950554354814115","potions_obtained":[{"floor":10.0,"key":"Fire Potion"},{"floor":12.0,"key":"SpeedPotion"},{"floor":29.0,"key":"LiquidBronze"},{"floor":30.0,"key":"Ancient Potion"}],"is_trial":false,"path_per_floor":["M","$","?","M","?","E","R","M","T","E","R","M","$","E","R","B",null,"M","M","$","M","T","R","E","R","T","R","?","M","M","M","R","B"],"character_chosen":"IRONCLAD","items_purchased":["Shockwave","Iron Wave","Warcry","Demon Form"],"campfire_rested":1,"item_purchase_floors":[2,2,13,20],"current_hp_per_floor":[74,74,48,54,54,60,60,63,63,54,54,52,52,43,43,39,66,67,73,73,40,40,40,28,28,28,50,50,42,43,49,49,0],"gold":79,"neow_bonus":"THREE_ENEMY_KILL","is_prod":false,"is_daily":false,"chose_seed":false,"campfire_upgraded":6,"win_rate":0,"timestamp":1547469827,"path_taken":["M","$","?","M","?","E","R","M","T","E","R","M","$","E","R","BOSS","M","?","$","M","?","R","E","R","T","R","?","M","M","M","R","BOSS"],"build_version":"2019-01-10","purchased_purges":2,"victory":false,"max_hp_per_floor":[75,75,75,75,75,75,75,75,75,75,75,75,75,75,75,75,75,75,75,75,75,75,75,75,75,75,75,75,75,75,75,75,75],"card_choices":[{"not_picked":["Twin Strike","Body Slam"],"picked":"Pommel Strike","floor":1.0},{"not_picked":["Twin Strike","Armaments"],"picked":"Rage","floor":4.0},{"not_picked":["Evolve","Limit Break"],"picked":"Inflame","floor":6.0},{"not_picked":["Havoc","Headbutt"],"picked":"Perfected Strike","floor":8.0},{"not_picked":["Entrench","Ghostly Armor","Iron Wave"],"picked":"SKIP","floor":10.0},{"not_picked":["Rupture","Bloodletting"],"picked":"Pommel Strike","floor":12.0},{"not_picked":["Warcry","Ghostly Armor"],"picked":"Rage","floor":14.0},{"not_picked":["Anger","Second Wind+1"],"picked":"Cleave","floor":18.0},{"not_picked":["Twin Strike","Flame Barrier"],"picked":"Shrug It Off","floor":19.0},{"not_picked":["Flex","Pommel Strike"],"picked":"Perfected Strike+1","floor":21.0},{"not_picked":["Ghostly Armor+1","Clothesline"],"picked":"Immolate","floor":24.0},{"not_picked":["Cleave+1","Havoc+1"],"picked":"Shrug It Off+1","floor":29.0},{"not_picked":["Iron Wave+1","Sever Soul+1"],"picked":"Perfected Strike+1","floor":30.0},{"not_picked":["Wild Strike+1","Reckless Charge+1"],"picked":"True Grit+1","floor":31.0}],"player_experience":1197872,"relics_obtained":[{"floor":6.0,"key":"Lantern"},{"floor":9.0,"key":"Pantograph"},{"floor":10.0,"key":"Pen Nib"},{"floor":14.0,"key":"Gambling Chip"},{"floor":22.0,"key":"Toxic Egg 2"},{"floor":24.0,"key":"War Paint"},{"floor":26.0,"key":"Molten Egg 2"}],"event_choices":[{"damage_healed":0.0,"max_hp_gain":0.0,"max_hp_loss":0.0,"gold_gain":0.0,"event_name":"Golden Idol","player_choice":"Take Damage","floor":3.0,"gold_loss":0.0,"damage_taken":26.0,"relics_obtained":["Golden Idol"]},{"damage_healed":0.0,"max_hp_gain":0.0,"max_hp_loss":0.0,"gold_gain":0.0,"event_name":"Upgrade Shrine","player_choice":"Upgraded","floor":5.0,"gold_loss":0.0,"damage_taken":0.0,"cards_upgraded":["Shockwave"]},{"cards_removed":["Regret"],"damage_healed":0.0,"max_hp_gain":0.0,"max_hp_loss":0.0,"gold_gain":0.0,"event_name":"Beggar","player_choice":"Gave Gold","floor":28.0,"gold_loss":75.0,"damage_taken":0.0}],"is_beta":false,"boss_relics":[{"not_picked":["Ectoplasm","Coffee Dripper"],"picked":"Cursed Key"}],"items_purged_floors":[13,20],"is_endless":false,"potions_floor_spawned":[10,12,14,18,29,30,31],"killed_by":"Automaton","ascension_level":20}