{"gold_per_floor":[119,130,205,32,51,51,78,78,78,93,108,143,143,143,143,218,218,228,228,248,248,264,264,294,294,318,348,16,49,14,39,39,117,117,137,137,77,94,114,149,161,29,29,29],"floor_reached":44,"playtime":2599,"items_purged":["Strike_B","Strike_B+1"],"score":873,"play_id":"a2df4d5f-871b-4c7f-854a-55e55e8fd65f","local_time":"20190422141647","is_ascension_mode":true,"campfire_choices":[{"data":"Sunder","floor":6,"key":"SMITH"},{"data":"Hologram","floor":8,"key":"SMITH"},{"data":"White Noise","floor":13,"key":"SMITH"},{"data":"Electrodynamics","floor":15,"key":"SMITH"},{"floor":23,"key":"REST"},{"floor":25,"key":"REST"},{"floor":32,"key":"REST"}],"neow_cost":"NONE","seed_source_timestamp":6904085989534,"circlet_count":0,"master_deck":["AscendersBane","Strike_B+1","Strike_B+1","Defend_B+1","Defend_B+1","Defend_B+1","Defend_B+1","Zap+1","Dualcast","Cold Snap","Sunder+1","Compile Driver","Hologram+1","White Noise+1","Reinforced Body","Electrodynamics+1","Auto Shields","Hologram+1","White Noise+1","Coolheaded+1","BootSequence+1","Biased Cognition","Glacier+1","Undo+1","Melter","Steam+1"],"relics":["Cracked Core","Kunai","Bottled Lightning","Boot","Fusion Hammer","Ornamental Fan","Omamori","Bag of Marbles","Membership Card","Toxic Egg 2","Art of War","Ancient Tea Set","Calling Bell","Lantern","Cables","Gambling Chip","PreservedInsect","DataDisk"],"potions_floor_usage":[16,27,29,40,44],"damage_taken":[{"damage":7,"enemies":"Small Slimes","floor":1,"turns":4},{"damage":1,"enemies":"Cultist","floor":2,"turns":4},{"damage":10,"enemies":"Jaw Worm","floor":5,"turns":3},{"damage":14,"enemies":"Gremlin Nob","floor":7,"turns":3},{"damage":0,"enemies":"2 Fungi Beasts","floor":10,"turns":2},{"damage":10,"enemies":"Exordium Wildlife","floor":11,"turns":3},{"damage":11,"enemies":"3 Sentries","floor":12,"turns":7},{"damage":6,"enemies":"Hexaghost","floor":16,"turns":9},{"damage":14,"enemies":"Spheric Guardian","floor":18,"turns":4},{"damage":1,"enemies":"3 Byrds","floor":20,"turns":2},{"damage":0,"enemies":"3 Cultists","floor":22,"turns":2},{"damage":32,"enemies":"Slavers","floor":24,"turns":4},{"damage":25,"enemies":"Gremlin Leader","floor":27,"turns":7},{"damage":7,"enemies":"Book of Stabbing","floor":29,"turns":4},{"damage":40,"enemies":"Collector","floor":33,"turns":14},{"damage":0,"enemies":"3 Darklings","floor":35,"turns":3},{"damage":0,"enemies":"3 Shapes","floor":38,"turns":5},{"damage":11,"enemies":"Spire Growth","floor":39,"turns":9},{"damage":0,"enemies":"Nemesis","floor":40,"turns":11},{"damage":0,"enemies":"4 Shapes","floor":41,"turns":2},{"damage":62,"enemies":"Giant Head","floor":44,"turns":10}],"seed_played":"4643287908606308717","potions_obtained":[{"floor":5,"key":"SkillPotion"},{"floor":7,"key":"Energy Potion"},{"floor":24,"key":"FearPotion"},{"floor":27,"key":"GamblersBrew"},{"floor":39,"key":"FocusPotion"}],"is_trial":false,"path_per_floor":["M","M","?","$","M","R","E","R","T","M","M","E","R","?","R","B",null,"M","?","M","?","M","R","E","R","T","E","$","E","$","T","R","B",null,"M","?","?","M","M","E","M","$","T","E"],"character_chosen":"DEFECT","items_purchased":["Compile Driver","Hologram","Membership Card","Toxic Egg 2","White Noise+1","Melter","FocusPotion","Steam+1"],"campfire_rested":3,"item_purchase_floors":[4,4,28,28,30,42,42,42],"current_hp_per_floor":[68,67,59,59,49,49,35,35,35,35,25,14,14,14,14,8,64,50,50,49,49,49,73,41,65,65,40,40,33,33,33,57,17,66,66,66,66,66,55,55,55,55,55,0],"gold":29,"neow_bonus":"TEN_PERCENT_HP_BONUS","is_prod":false,"is_daily":false,"chose_seed":false,"campfire_upgraded":4,"win_rate":0,"timestamp":1555953407,"path_taken":["M","M","?","$","M","R","E","R","T","?","M","E","R","?","R","BOSS","M","?","M","?","M","R","E","R","T","E","$","E","$","?","R","BOSS","M","?","?","?","M","E","M","$","T","E"],"build_version":"2019-01-23","purchased_purges":2,"victory":false,"max_hp_per_floor":[82,82,82,82,82,82,82,82,82,82,82,82,82,82,82,82,82,82,82,82,82,82,82,82,82,82,82,82,82,82,82,82,82,82,82,82,82,82,82,82,82,82,82,82],"card_choices":[{"not_picked":["Gash","Coolheaded"],"picked":"Cold Snap","floor":1},{"not_picked":["BootSequence","Beam Cell"],"picked":"Sunder","floor":2},{"not_picked":["Heatsinks","Beam Cell","Stack"],"picked":"SKIP","floor":5},{"not_picked":["Go for the Eyes","Redo"],"picked":"White Noise","floor":7},{"not_picked":["Reprogram","Coolheaded","Rebound"],"picked":"SKIP","floor":10},{"not_picked":["Stack","Barrage"],"picked":"Reinforced Body","floor":11},{"not_picked":["Barrage","Beam Cell"],"picked":"Electrodynamics","floor":12},{"not_picked":["Gash","Beam Cell","Rip and Tear"],"picked":"SKIP","floor":18},{"not_picked":["Chaos","Beam Cell","Turbo"],"picked":"SKIP","floor":20},{"not_picked":["Stack","Hologram","Blizzard"],"picked":"SKIP","floor":22},{"not_picked":["Sweeping Beam","Stack"],"picked":"Auto Shields","floor":24},{"not_picked":["Thunder Strike","Gash","Ball Lightning"],"picked":"SKIP","floor":27},{"not_picked":["Turbo+1","Conserve Battery+1"],"picked":"Hologram+1","floor":29},{"not_picked":["Beam Cell","Blizzard"],"picked":"Coolheaded+1","floor":35},{"not_picked":["Doom and Gloom+1","Ball Lightning"],"picked":"BootSequence+1","floor":38},{"not_picked":["Conserve Battery+1","Stack+1"],"picked":"Biased Cognition","floor":39},{"not_picked":["Aggregate+1","Rebound"],"picked":"Glacier+1","floor":40},{"not_picked":["Fusion+1","Gash+1"],"picked":"Undo+1","floor":41}],"player_experience":716211,"relics_obtained":[{"floor":7,"key":"Kunai"},{"floor":9,"key":"Bottled Lightning"},{"floor":12,"key":"Boot"},{"floor":24,"key":"Ornamental Fan"},{"floor":26,"key":"Omamori"},{"floor":27,"key":"Bag of Marbles"},{"floor":29,"key":"Art of War"},{"floor":31,"key":"Ancient Tea Set"},{"floor":34,"key":"Lantern"},{"floor":34,"key":"Cables"},{"floor":34,"key":"Gambling Chip"},{"floor":40,"key":"PreservedInsect"},{"floor":43,"key":"DataDisk"}],"event_choices":[{"damage_healed":0,"gold_gain":75,"player_choice":"Touch","damage_taken":8,"max_hp_gain":0,"max_hp_loss":0,"event_name":"FaceTrader","floor":3,"gold_loss":0},{"damage_healed":0,"gold_gain":0,"player_choice":"Grow","damage_taken":0,"max_hp_gain":0,"max_hp_loss":0,"event_name":"Living Wall","floor":14,"gold_loss":0,"cards_upgraded":["Zap"]},{"damage_healed":0,"gold_gain":0,"player_choice":"Ignored","damage_taken":0,"max_hp_gain":0,"max_hp_loss":0,"event_name":"Vampires","floor":19,"gold_loss":0},{"damage_healed":0,"gold_gain":0,"player_choice":"Simplicity","damage_taken":0,"max_hp_gain":0,"max_hp_loss":0,"event_name":"Back to Basics","floor":21,"gold_loss":0,"cards_upgraded":["Strike_B","Strike_B","Strike_B","Defend_B","Defend_B","Defend_B","Defend_B"]},{"damage_healed":0,"gold_gain":0,"player_choice":"Ignored","damage_taken":0,"max_hp_gain":0,"max_hp_loss":0,"event_name":"Tomb of Lord Red Mask","floor":36,"gold_loss":0},{"cards_removed":["Writhe"],"damage_healed":0,"gold_gain":0,"player_choice":"Single Remove","damage_taken":0,"max_hp_gain":0,"max_hp_loss":0,"event_name":"Designer","floor":37,"gold_loss":60}],"is_beta":false,"boss_relics":[{"not_picked":["Orrery","FrozenCore"],"picked":"Fusion Hammer"},{"not_picked":["Pandora\u0027s Box","Eternal Feather"],"picked":"Calling Bell"}],"items_purged_floors":[4,42],"is_endless":false,"potions_floor_spawned":[5,7,11,12,24,27,39],"killed_by":"Giant Head","ascension_level":13}