{"gold_per_floor":[110,124,124,139,150,150,185,185,185,216,216,216,234,248,248,349,349,369,382,63,63,82,117,117,150,150,50,50,50,77,95,95,190,190,208,208,220,240,240,240,275,118,142,158,173,48,48,66,66,66],"floor_reached":51,"playtime":15671,"items_purged":["Defend_R","Shame","Strike_R"],"score":877,"play_id":"ba6882db-3921-432e-8f51-0b41fd806350","local_time":"20190414232423","is_ascension_mode":false,"campfire_choices":[{"data":"Bash","floor":6.0,"key":"SMITH"},{"data":"Demon Form","floor":8.0,"key":"SMITH"},{"floor":11.0,"key":"REST"},{"data":"Whirlwind","floor":15.0,"key":"SMITH"},{"floor":24.0,"key":"REST"},{"data":"Flame Barrier","floor":28.0,"key":"SMITH"},{"floor":32.0,"key":"REST"},{"data":"Metallicize","floor":40,"key":"SMITH"},{"floor":47,"key":"REST"},{"floor":49,"key":"REST"}],"neow_cost":"NONE","seed_source_timestamp":0,"circlet_count":0,"master_deck":["Strike_R","Strike_R","Strike_R","Defend_R","Defend_R","Bash+1","Anger+1","Sword Boomerang+1","Demon Form+1","Flame Barrier","Flame Barrier+1","Corruption","Barricade","Whirlwind+1","Bludgeon","Ghostly Armor","Metallicize+1","Shrug It Off+1","Seeing Red+1","Uppercut+1","Shrug It Off","Uppercut+1","Juggernaut+1","Thinking Ahead","Violence","Panacea","Pommel Strike+1","Whirlwind+1","Ghostly Armor","Ghostly Armor+1","Feed+1","Battle Trance"],"special_seed":0,"relics":["Burning Blood","Mercury Hourglass","Gremlin Horn","Question Card","Bottled Lightning","Mark of Pain","Shuriken","Sundial","Frozen Egg 2","Red Mask","Anchor","Molten Egg 2","Busted Crown","Whetstone","Centennial Puzzle"],"potions_floor_usage":[],"damage_taken":[{"damage":5.0,"enemies":"2 Louse","floor":1.0,"turns":3.0},{"damage":1.0,"enemies":"Cultist","floor":2.0,"turns":3.0},{"damage":1.0,"enemies":"Jaw Worm","floor":4.0,"turns":3.0},{"damage":19.0,"enemies":"3 Louse","floor":5.0,"turns":2.0},{"damage":22.0,"enemies":"Gremlin Nob","floor":7.0,"turns":4.0},{"damage":19.0,"enemies":"Lagavulin","floor":10.0,"turns":6.0},{"damage":10.0,"enemies":"Looter","floor":13.0,"turns":3.0},{"damage":0.0,"enemies":"Blue Slaver","floor":14.0,"turns":3.0},{"damage":25.0,"enemies":"Hexaghost","floor":16.0,"turns":7.0},{"damage":8.0,"enemies":"2 Thieves","floor":18.0,"turns":3.0},{"damage":17.0,"enemies":"Spheric Guardian","floor":19.0,"turns":4.0},{"damage":38.0,"enemies":"Centurion and Healer","floor":22.0,"turns":6.0},{"damage":28.0,"enemies":"Slavers","floor":23.0,"turns":3.0},{"damage":13.0,"enemies":"Masked Bandits","floor":25.0,"turns":2.0},{"damage":50.0,"enemies":"Book of Stabbing","floor":30.0,"turns":8.0},{"damage":18.0,"enemies":"Snake Plant","floor":31.0,"turns":4.0},{"damage":18.0,"enemies":"Champ","floor":33.0,"turns":8.0},{"damage":17.0,"enemies":"3 Shapes","floor":35.0,"turns":5.0},{"damage":0.0,"enemies":"3 Darklings","floor":37.0,"turns":2.0},{"damage":10.0,"enemies":"4 Shapes","floor":38.0,"turns":5.0},{"damage":42,"enemies":"Giant Head","floor":41,"turns":8},{"damage":0,"enemies":"Jaw Worm Horde","floor":44,"turns":2},{"damage":14,"enemies":"Maw","floor":45,"turns":7},{"damage":0,"enemies":"3 Darklings","floor":48,"turns":1},{"damage":66,"enemies":"Awakened One","floor":50,"turns":7}],"seed_played":"-8643951151883585866","potions_obtained":[{"floor":1.0,"key":"Poison Potion"},{"floor":4.0,"key":"GamblersBrew"},{"floor":7.0,"key":"SkillPotion"},{"floor":10.0,"key":"Fire Potion"},{"floor":22.0,"key":"BloodPotion"},{"floor":23.0,"key":"LiquidBronze"},{"floor":25.0,"key":"AttackPotion"},{"floor":35.0,"key":"SpeedPotion"},{"floor":45,"key":"SteroidPotion"},{"floor":48,"key":"BloodPotion"}],"is_trial":false,"path_per_floor":["M","M","?","M","M","R","E","R","T","E","R","?","M","M","R","B",null,"M","M","$","?","M","E","R","?","T","$","R","?","E","M","R","B",null,"M","?","M","M","?","R","E","$","T","M","M","$","R","M","R","B",null],"character_chosen":"IRONCLAD","items_purchased":["Shuriken","Feed+1"],"campfire_rested":5,"item_purchase_floors":[20,42],"current_hp_per_floor":[80,80,68,73,60,60,44,44,44,31,55,55,51,57,57,38,80,78,67,67,67,35,21,45,38,38,38,38,64,20,8,32,20,80,69,59,65,61,61,61,25,25,25,31,23,23,47,53,77,17],"gold":66,"neow_bonus":"THREE_CARDS","is_prod":false,"is_daily":false,"chose_seed":false,"campfire_upgraded":5,"win_rate":0.0,"timestamp":1555298663,"path_taken":["M","M","?","M","M","R","E","R","T","E","R","?","?","?","R","BOSS","M","M","$","?","M","E","R","?","T","$","R","?","E","M","R","BOSS","M","?","M","M","?","R","E","$","T","M","M","$","R","M","R","BOSS"],"build_version":"2019-01-23","purchased_purges":3,"victory":true,"max_hp_per_floor":[80,80,80,80,80,80,80,80,80,80,80,80,80,80,80,80,80,80,80,80,80,80,80,80,80,80,80,80,80,80,80,80,80,80,80,80,80,80,80,80,80,80,80,80,80,80,80,80,80,80],"card_choices":[{"not_picked":["Headbutt","Twin Strike"],"picked":"Rage","floor":0.0},{"not_picked":["Body Slam","Battle Trance"],"picked":"Anger","floor":1.0},{"not_picked":["Perfected Strike","Ghostly Armor"],"picked":"Sword Boomerang","floor":2.0},{"not_picked":["Headbutt","Blood for Blood"],"picked":"Demon Form","floor":4.0},{"not_picked":["Flex","Perfected Strike"],"picked":"Flame Barrier","floor":5.0},{"not_picked":["Shrug It Off","Entrench"],"picked":"Flame Barrier","floor":7.0},{"not_picked":["Anger","Clash","Headbutt"],"picked":"Corruption","floor":10.0},{"not_picked":["Anger","Metallicize","Shrug It Off"],"picked":"Barricade","floor":13.0},{"not_picked":["Clash","Clothesline","Seeing Red"],"picked":"Whirlwind","floor":14.0},{"not_picked":["Dark Embrace","Brutality","Fiend Fire"],"picked":"Bludgeon","floor":16.0},{"not_picked":["Second Wind","Rampage","Flex"],"picked":"Ghostly Armor","floor":18.0},{"not_picked":["Power Through","Sword Boomerang","Clothesline+1"],"picked":"Metallicize","floor":19.0},{"not_picked":["Perfected Strike","Rage+1","Rupture+1"],"picked":"Shrug It Off+1","floor":22.0},{"not_picked":["Clothesline","Second Wind","Iron Wave"],"picked":"Seeing Red+1","floor":23.0},{"not_picked":["Hemokinesis","Flame Barrier","Bloodletting+1"],"picked":"Uppercut+1","floor":25.0},{"not_picked":["Clash+1","Infernal Blade","Iron Wave"],"picked":"Shrug It Off","floor":30.0},{"not_picked":["Anger+1","Bloodletting+1","Sever Soul+1"],"picked":"Uppercut+1","floor":31.0},{"not_picked":["Bludgeon+1","Brutality+1","Reaper+1"],"picked":"Juggernaut+1","floor":33.0},{"not_picked":["Shrug It Off","Clash+1"],"picked":"SKIP","floor":35.0},{"not_picked":["Enlightenment"],"picked":"Thinking Ahead","floor":36.0},{"not_picked":["Jack Of All Trades"],"picked":"Violence","floor":36.0},{"not_picked":["Discovery"],"picked":"Panacea","floor":36.0},{"not_picked":["Sword Boomerang+1"],"picked":"Pommel Strike+1","floor":37.0},{"not_picked":["Iron Wave+1"],"picked":"Whirlwind+1","floor":38},{"not_picked":["Infernal Blade+1"],"picked":"Ghostly Armor+1","floor":41},{"not_picked":["Power Through+1","Thunderclap+1"],"picked":"SKIP","floor":44},{"not_picked":["Iron Wave+1","Perfected Strike+1"],"picked":"SKIP","floor":45},{"not_picked":["Sword Boomerang+1"],"picked":"Battle Trance","floor":48}],"player_experience":2838,"relics_obtained":[{"floor":7.0,"key":"Gremlin Horn"},{"floor":9.0,"key":"Question Card"},{"floor":10.0,"key":"Bottled Lightning"},{"floor":23.0,"key":"Frozen Egg 2"},{"floor":25.0,"key":"Red Mask"},{"floor":26.0,"key":"Anchor"},{"floor":30.0,"key":"Molten Egg 2"},{"floor":41,"key":"Whetstone"},{"floor":43,"key":"Centennial Puzzle"}],"event_choices":[{"damage_healed":0.0,"max_hp_gain":0.0,"max_hp_loss":0.0,"gold_gain":0.0,"event_name":"Scrap Ooze","player_choice":"Success","floor":3.0,"gold_loss":0.0,"damage_taken":12.0,"relics_obtained":["Mercury Hourglass"]},{"cards_removed":["Strike_R"],"damage_healed":0.0,"max_hp_gain":0.0,"max_hp_loss":0.0,"gold_gain":0.0,"event_name":"Bonfire Elementals","player_choice":"Offered Basic","floor":12.0,"gold_loss":0.0,"damage_taken":0.0},{"damage_healed":0.0,"max_hp_gain":0.0,"max_hp_loss":0.0,"gold_gain":0.0,"event_name":"Addict","player_choice":"Stole Relic","floor":21.0,"gold_loss":0.0,"damage_taken":0.0,"relics_obtained":["Sundial"],"cards_obtained":["Shame"]},{"damage_healed":0.0,"max_hp_gain":0.0,"max_hp_loss":0.0,"gold_gain":0.0,"event_name":"Masked Bandits","player_choice":"Fought Bandits","floor":25.0,"gold_loss":0.0,"damage_taken":0.0},{"damage_healed":26.0,"max_hp_gain":0.0,"max_hp_loss":0.0,"gold_gain":0.0,"event_name":"The Library","player_choice":"Heal","floor":29.0,"gold_loss":0.0,"damage_taken":0.0},{"damage_healed":0.0,"max_hp_gain":0.0,"max_hp_loss":0.0,"gold_gain":0.0,"event_name":"SensoryStone","player_choice":"Memory 3","floor":36.0,"gold_loss":0.0,"damage_taken":10.0},{"damage_healed":0,"gold_gain":0,"cards_transformed":["Defend_R"],"player_choice":"Transformed","damage_taken":0,"max_hp_gain":0,"max_hp_loss":0,"event_name":"Transmorgrifier","floor":39,"gold_loss":0,"cards_obtained":["Ghostly Armor"]}],"is_beta":false,"boss_relics":[{"not_picked":["Philosopher\u0027s Stone","Runic Dome"],"picked":"Mark of Pain"},{"not_picked":["Snecko Eye","Runic Cube"],"picked":"Busted Crown"}],"items_purged_floors":[20,27,46],"is_endless":false,"potions_floor_spawned":[1,4,7,10,14,22,23,25,35,45,48],"ascension_level":0}