{"path_per_floor":["M","$","M","M","$","R","E","M","T","E","?","M","M","$","R","B",null,"M","?","M","M","M","R","?","R","T","M","?","M","R","$","R","B",null,"M","M","?","?"],"character_chosen":"DEFECT","items_purchased":["Defragment","Mummified Hand","Capacitor"],"gold_per_floor":[109,70,81,97,22,22,52,69,69,99,274,285,299,45,45,144,144,162,87,102,118,135,135,135,135,135,146,146,161,161,90,90,194,194,205,224,224,0,0],"floor_reached":39,"campfire_rested":2,"playtime":4638,"item_purchase_floors":[],"current_hp_per_floor":[75,75,67,65,65,65,7,7,7,7,7,5,5,5,42,33,75,68,68,74,52,49,49,49,75,75,69,69,61,61,61,61,31,75,57,31,22,22,0],"items_purged":["Strike_B"],"gold":0,"score":481,"play_id":"0c78ede6-161b-43b0-8182-13b170bf11b2","local_time":"20180613210347","is_prod":false,"is_daily":false,"chose_seed":false,"is_ascension_mode":true,"campfire_upgraded":4,"win_rate":0,"timestamp":1528938227,"campfire_choices":[{"data":"Zap","floor":6.0,"key":"SMITH"},{"floor":15.0,"key":"REST"},{"data":"Rainbow","floor":23.0,"key":"SMITH"},{"floor":25.0,"key":"REST"},{"data":"Machine Learning","floor":30.0,"key":"SMITH"},{"data":"Seek","floor":32.0,"key":"SMITH"}],"path_taken":["M","$","M","M","$","R","E","M","T","E","?","M","M","$","R","BOSS","M","?","M","M","M","R","?","R","T","M","?","?","R","$","R","BOSS","M","M","?","?","?"],"build_version":"2018-06-07v3","seed_source_timestamp":0,"purchased_purges":1,"victory":false,"master_deck":["Strike_B","Defend_B","Defend_B","Defend_B","Defend_B","Zap+1","Dualcast","Rainbow+1","Defragment","Chill","Aggregate","Seek+1","Glacier","Electrodynamics","Doubt","Darkness","Self Repair","Reboot","Machine Learning+1","Double Energy+1","Darkness+1","Capacitor","All For One","Loop","Recycle+1","Madness","Madness"],"max_hp_per_floor":[75,75,75,75,75,75,75,75,75,75,75,75,75,75,75,75,75,75,75,75,75,75,75,75,75,75,75,75,75,75,75,75,75,75,75,75,75,75,75],"relics":["Cracked Core","Regal Pillow","Dream Catcher","Ornamental Fan","Mummified Hand","Lizard Tail","Kunai","Nuclear Battery","Red Mask"],"card_choices":[{"not_picked":["Steam","Cold Snap","Auto Shields"],"picked":"SKIP","floor":1.0},{"not_picked":["Steam","Consume"],"picked":"Chill","floor":3.0},{"not_picked":["Turbo","Steam"],"picked":"Aggregate","floor":4.0},{"not_picked":["Gash","All For One"],"picked":"Seek","floor":7.0},{"not_picked":["Conserve Battery","Streamline"],"picked":"Glacier","floor":8.0},{"not_picked":["Steam","Compile Driver"],"picked":"Electrodynamics","floor":10.0},{"not_picked":["Rebound","Barrage"],"picked":"Darkness","floor":12.0},{"not_picked":["Scrape","Hologram"],"picked":"Self Repair","floor":13.0},{"not_picked":["Aggregate","Cold Snap"],"picked":"Reboot","floor":15.0},{"not_picked":["Buffer","Electrodynamics"],"picked":"Machine Learning","floor":16.0},{"not_picked":["Cold Snap","Sunder","Redo+1"],"picked":"SKIP","floor":18.0},{"not_picked":["Barrage","Coolheaded"],"picked":"Double Energy+1","floor":20.0},{"not_picked":["Melter","Barrage","Conserve Battery+1"],"picked":"SKIP","floor":21.0},{"not_picked":["Hologram+1","Coolheaded"],"picked":"Darkness+1","floor":22.0},{"not_picked":["Steam+1","Beam Cell","Cold Snap"],"picked":"SKIP","floor":27.0},{"not_picked":["Steam+1","Beam Cell","Cold Snap"],"picked":"SKIP","floor":27.0},{"not_picked":["Compile Driver+1","Beam Cell","Coolheaded"],"picked":"SKIP","floor":29.0},{"not_picked":["Compile Driver+1","Beam Cell","Coolheaded"],"picked":"SKIP","floor":29.0},{"not_picked":["Core Surge","Buffer"],"picked":"All For One","floor":33},{"not_picked":["Ball Lightning+1","Go for the Eyes"],"picked":"Loop","floor":35},{"not_picked":["Hologram","Darkness+1"],"picked":"Recycle+1","floor":36}],"player_experience":508377,"potions_floor_usage":[33,39,39],"damage_taken":[{"damage":0.0,"enemies":"2 Louse","floor":1.0,"turns":2.0},{"damage":8.0,"enemies":"Small Slimes","floor":3.0,"turns":3.0},{"damage":2.0,"enemies":"Jaw Worm","floor":4.0,"turns":3.0},{"damage":58.0,"enemies":"Gremlin Nob","floor":7.0,"turns":6.0},{"damage":0.0,"enemies":"3 Louse","floor":8.0,"turns":3.0},{"damage":0.0,"enemies":"Lagavulin","floor":10.0,"turns":7.0},{"damage":2.0,"enemies":"Large Slime","floor":12.0,"turns":5.0},{"damage":0.0,"enemies":"2 Fungi Beasts","floor":13.0,"turns":4.0},{"damage":16.0,"enemies":"Hexaghost","floor":16.0,"turns":15.0},{"damage":7.0,"enemies":"3 Byrds","floor":18.0,"turns":2.0},{"damage":1.0,"enemies":"Spheric Guardian","floor":20.0,"turns":4.0},{"damage":29.0,"enemies":"Slaver and Parasite","floor":21.0,"turns":11.0},{"damage":10.0,"enemies":"Sentry and Sphere","floor":22.0,"turns":6.0},{"damage":13.0,"enemies":"3 Cultists","floor":27.0,"turns":6.0},{"damage":15.0,"enemies":"Snake Plant","floor":29.0,"turns":3.0},{"damage":84,"enemies":"Champ","floor":33,"turns":12},{"damage":25,"enemies":"3 Shapes","floor":35,"turns":4},{"damage":33,"enemies":"3 Darklings","floor":36,"turns":5},{"damage":41,"enemies":"4 Shapes","floor":39,"turns":3}],"relics_obtained":[{"floor":7.0,"key":"Regal Pillow"},{"floor":9.0,"key":"Dream Catcher"},{"floor":10.0,"key":"Ornamental Fan"},{"floor":26.0,"key":"Kunai"}],"event_choices":[{"event_name":"Liars Game","player_choice":"agreed","floor":11.0,"damage_taken":0.0},{"event_name":"Beggar","player_choice":"Gave Gold","floor":19.0,"damage_taken":0.0},{"event_name":"Back to Basics","player_choice":"Elegance","floor":24.0,"damage_taken":0.0},{"event_name":"Vampires","player_choice":"Ignored","floor":28.0,"damage_taken":0.0},{"event_name":"Winding Halls","player_choice":"Embrace Madness","floor":37,"damage_taken":0},{"event_name":"Tomb of Lord Red Mask","player_choice":"Paid","floor":38,"damage_taken":0}],"boss_relics":[{"not_picked":["Eternal Feather","Orrery"],"picked":"Lizard Tail"},{"not_picked":["Runic Dome","Velvet Choker"],"picked":"Nuclear Battery"}],"items_purged_floors":[],"potions_floor_spawned":[4,7,10,12,13,21,22,27,33,35],"seed_played":"2448430315110187089","killed_by":"4 Shapes","ascension_level":3,"potions_obtained":[{"floor":4.0,"key":"Block Potion"},{"floor":7.0,"key":"AttackPotion"},{"floor":10.0,"key":"SkillPotion"},{"floor":12.0,"key":"SteroidPotion"},{"floor":13.0,"key":"SkillPotion"},{"floor":21.0,"key":"SkillPotion"},{"floor":27.0,"key":"SkillPotion"},{"floor":33,"key":"AttackPotion"},{"floor":35,"key":"Regen Potion"}],"is_trial":false}