{"gold_per_floor":[119,131,147,147,147,178,178,197,223,293,48,91,91,134,134,134],"floor_reached":16,"playtime":580,"items_purged":["Strike_R"],"score":286,"play_id":"e6ecea80-c0c8-4eae-aebb-cd0673bc6a68","local_time":"20190322144932","is_ascension_mode":true,"campfire_choices":[{"data":"Perfected Strike","floor":13,"key":"SMITH"},{"data":"Disarm","floor":15,"key":"SMITH"}],"neow_cost":"NONE","seed_source_timestamp":168548951050337,"circlet_count":0,"master_deck":["AscendersBane","Strike_R","Strike_R","Strike_R","Strike_R","Defend_R","Defend_R","Defend_R","Defend_R","Bash+1","Pommel Strike","Metallicize","Twin Strike","Flame Barrier","Flame Barrier","Perfected Strike+1","Disarm+1","Feel No Pain"],"relics":["Burning Blood","Orichalcum","Golden Idol","Strawberry","Potion Belt","Darkstone Periapt","Blue Candle"],"potions_floor_usage":[6,12,12,14],"damage_taken":[{"damage":10,"enemies":"2 Louse","floor":1,"turns":4},{"damage":4,"enemies":"Jaw Worm","floor":2,"turns":5},{"damage":0,"enemies":"Small Slimes","floor":3,"turns":4},{"damage":29,"enemies":"Lagavulin","floor":6,"turns":5},{"damage":15,"enemies":"3 Louse","floor":8,"turns":6},{"damage":30,"enemies":"Gremlin Nob","floor":10,"turns":5},{"damage":0,"enemies":"Gremlin Nob","floor":12,"turns":3},{"damage":22,"enemies":"Lagavulin","floor":14,"turns":9},{"damage":14,"enemies":"Hexaghost","floor":16,"turns":10}],"seed_played":"-7824904803763086824","potions_obtained":[{"floor":0,"key":"FearPotion"},{"floor":0,"key":"GamblersBrew"},{"floor":6,"key":"SpeedPotion"},{"floor":10,"key":"Energy Potion"}],"is_trial":false,"path_per_floor":["M","M","M","?","?","E","?","M","T","?","$","E","R","E","R","B"],"character_chosen":"IRONCLAD","items_purchased":["Disarm","Feel No Pain"],"campfire_rested":0,"item_purchase_floors":[11,11],"current_hp_per_floor":[64,66,72,72,72,49,49,40,47,23,23,29,29,13,13,0],"gold":134,"neow_bonus":"THREE_SMALL_POTIONS","is_prod":false,"is_daily":false,"chose_seed":false,"campfire_upgraded":2,"win_rate":0,"timestamp":1553262572,"path_taken":["M","M","M","?","?","E","?","M","T","?","?","E","R","E","R","BOSS"],"build_version":"2019-01-23","purchased_purges":1,"victory":false,"max_hp_per_floor":[75,75,75,75,75,75,68,68,75,75,75,75,75,75,75,75],"card_choices":[{"not_picked":["Burning Pact","True Grit"],"picked":"Pommel Strike","floor":1},{"not_picked":["Rupture","Blood for Blood"],"picked":"Metallicize","floor":2},{"not_picked":["Havoc","Evolve"],"picked":"Twin Strike","floor":3},{"not_picked":["Rampage","Thunderclap"],"picked":"Flame Barrier","floor":6},{"not_picked":["Thunderclap","Sword Boomerang"],"picked":"Flame Barrier","floor":8},{"not_picked":["Burning Pact","Heavy Blade"],"picked":"Perfected Strike","floor":10},{"not_picked":["Hemokinesis","Seeing Red","Searing Blow"],"picked":"SKIP","floor":12},{"not_picked":["Thunderclap","Double Tap","Headbutt"],"picked":"SKIP","floor":14}],"player_experience":1398717,"relics_obtained":[{"floor":6,"key":"Orichalcum"},{"floor":9,"key":"Strawberry"},{"floor":12,"key":"Darkstone Periapt"},{"floor":14,"key":"Blue Candle"}],"event_choices":[{"damage_healed":0,"gold_gain":0,"player_choice":"Grow","damage_taken":0,"max_hp_gain":0,"max_hp_loss":0,"event_name":"Living Wall","floor":4,"gold_loss":0,"cards_upgraded":["Bash"]},{"damage_healed":0,"gold_gain":0,"player_choice":"Ignored","damage_taken":0,"max_hp_gain":0,"max_hp_loss":0,"event_name":"Liars Game","floor":5,"gold_loss":0},{"damage_healed":0,"gold_gain":0,"player_choice":"Lose Max HP","damage_taken":0,"relics_obtained":["Golden Idol"],"max_hp_gain":0,"max_hp_loss":7,"event_name":"Golden Idol","floor":7,"gold_loss":0},{"damage_healed":0,"gold_gain":0,"player_choice":"Searched \u00272\u0027 times","damage_taken":0,"relics_obtained":["Potion Belt"],"max_hp_gain":0,"max_hp_loss":0,"event_name":"Dead Adventurer","floor":10,"gold_loss":0}],"is_beta":false,"boss_relics":[],"items_purged_floors":[11],"is_endless":false,"potions_floor_spawned":[1,2,6,10],"killed_by":"Hexaghost","ascension_level":20}