{"gold_per_floor":[115,0,15,15,28,28,44,74,74,74,99,64,95,114,114,219,219,236,250,99,111,111,144,144,177,245,280,280,4,34,44,44,147,147,165,84,99,1098,1098,1098,571,585,585,600,616,0,33,79,79,79],"floor_reached":51,"playtime":2720,"items_purged":["Normality","Normality"],"score":1222,"play_id":"330f10a4-f674-4cb8-a60f-a5a5fb3ade02","local_time":"20190419015845","is_ascension_mode":true,"campfire_choices":[{"data":"Predator","floor":6,"key":"SMITH"},{"floor":10,"key":"REST"},{"data":"Bouncing Flask","floor":15,"key":"SMITH"},{"data":"Crippling Poison","floor":24,"key":"SMITH"},{"data":"Noxious Fumes","floor":28,"key":"SMITH"},{"floor":32,"key":"REST"},{"data":"Footwork","floor":40,"key":"SMITH"},{"data":"A Thousand Cuts","floor":49,"key":"SMITH"}],"neow_cost":"CURSE","seed_source_timestamp":44058283338389,"circlet_count":0,"master_deck":["AscendersBane","Defend_G","Defend_G","Defend_G","Defend_G","Defend_G","Strike_G","Strike_G","Strike_G","Survivor","Neutralize","Bullet Time","Footwork+1","Poisoned Stab","Predator+1","Bouncing Flask+1","Flying Knee","Crippling Poison+1","Dash+1","PiercingWail","Die Die Die+1","Predator+1","Noxious Fumes+1","Mayhem","Panacea","Glass Knife+1","A Thousand Cuts","Leg Sweep+1","Footwork+1","A Thousand Cuts+1","Crippling Poison","Normality","Writhe","Bouncing Flask","Crippling Poison","Crippling Poison+1"],"relics":["Ring of the Snake","Blue Candle","Molten Egg 2","Bag of Marbles","Orichalcum","Snecko Eye","Centennial Puzzle","Prayer Wheel","Ornamental Fan","Bottled Tornado","Empty Cage","Gambling Chip","Pantograph","Red Mask","Bird Faced Urn","Nunchaku"],"potions_floor_usage":[25,33,45,50,50],"damage_taken":[{"damage":0,"enemies":"Small Slimes","floor":1,"turns":4},{"damage":10,"enemies":"Jaw Worm","floor":3,"turns":5},{"damage":0,"enemies":"2 Louse","floor":5,"turns":2},{"damage":0,"enemies":"Blue Slaver","floor":7,"turns":4},{"damage":32,"enemies":"Gremlin Nob","floor":8,"turns":5},{"damage":12,"enemies":"Lagavulin","floor":11,"turns":7},{"damage":20,"enemies":"Gremlin Nob","floor":13,"turns":4},{"damage":0,"enemies":"Looter","floor":14,"turns":3},{"damage":7,"enemies":"Hexaghost","floor":16,"turns":8},{"damage":0,"enemies":"Shell Parasite","floor":18,"turns":5},{"damage":1,"enemies":"2 Thieves","floor":19,"turns":3},{"damage":9,"enemies":"Snake Plant","floor":21,"turns":4},{"damage":8,"enemies":"Slavers","floor":23,"turns":5},{"damage":11,"enemies":"Book of Stabbing","floor":25,"turns":4},{"damage":0,"enemies":"Gremlin Leader","floor":27,"turns":5},{"damage":7,"enemies":"Book of Stabbing","floor":30,"turns":3},{"damage":0,"enemies":"Snecko","floor":31,"turns":3},{"damage":32,"enemies":"Collector","floor":33,"turns":8},{"damage":16,"enemies":"3 Darklings","floor":35,"turns":4},{"damage":0,"enemies":"Orb Walker","floor":37,"turns":3},{"damage":2,"enemies":"Transient","floor":42,"turns":5},{"damage":15,"enemies":"3 Darklings","floor":44,"turns":5},{"damage":0,"enemies":"Jaw Worm Horde","floor":45,"turns":3},{"damage":17,"enemies":"Nemesis","floor":47,"turns":7},{"damage":2,"enemies":"2 Orb Walkers","floor":48,"turns":3},{"damage":33,"enemies":"Donu and Deca","floor":50,"turns":9}],"seed_played":"8206571473578710841","potions_obtained":[{"floor":5,"key":"Regen Potion"},{"floor":7,"key":"SteroidPotion"},{"floor":8,"key":"FearPotion"},{"floor":30,"key":"SkillPotion"},{"floor":33,"key":"Fire Potion"},{"floor":44,"key":"Strength Potion"}],"is_trial":false,"path_per_floor":["M","$","M","?","M","R","M","E","T","R","E","?","E","M","R","B",null,"M","M","$","M","?","E","R","E","T","E","R","$","E","M","R","B",null,"M","$","M","?","?","R","$","M","T","M","M","?","E","?","R","B",null],"character_chosen":"THE_SILENT","items_purchased":["Footwork","Die Die Die+1","Predator+1","Mayhem","Panacea","Footwork","Bouncing Flask","Gambling Chip","Swift Potion","Dexterity Potion"],"campfire_rested":2,"item_purchase_floors":[2,20,20,29,29,36,41,41,41,41],"current_hp_per_floor":[63,63,53,53,53,53,53,21,21,42,30,47,27,27,27,20,58,58,57,57,48,48,40,40,38,38,38,38,38,31,31,52,20,58,42,42,42,42,60,60,60,58,58,43,43,43,26,30,30,34],"gold":79,"neow_bonus":"THREE_RARE_CARDS","is_prod":false,"is_daily":false,"chose_seed":false,"campfire_upgraded":6,"win_rate":0,"timestamp":1555649925,"path_taken":["M","$","M","?","M","R","M","E","T","R","E","?","E","M","R","BOSS","M","M","$","M","?","E","R","E","T","E","R","$","E","M","R","BOSS","M","$","M","?","?","R","$","M","T","M","M","?","E","?","R","BOSS"],"build_version":"2019-01-23","purchased_purges":2,"victory":true,"max_hp_per_floor":[70,70,70,70,70,70,70,70,70,70,70,70,70,70,70,70,70,70,70,70,70,70,70,70,70,70,70,70,70,70,70,70,70,70,70,70,70,70,70,70,70,70,70,70,70,70,70,70,70,70],"card_choices":[{"not_picked":["Envenom","Grand Finale"],"picked":"Bullet Time","floor":0},{"not_picked":["Tactician","Prepared","Bane"],"picked":"SKIP","floor":1},{"not_picked":["Cloak And Dagger","Heel Hook"],"picked":"Poisoned Stab","floor":3},{"not_picked":["Prepared","Tactician"],"picked":"Predator","floor":5},{"not_picked":["Bane","Dagger Throw"],"picked":"Bouncing Flask","floor":7},{"not_picked":["Underhanded Strike","Bane"],"picked":"Flying Knee","floor":8},{"not_picked":["Reflex","Doppelganger"],"picked":"Crippling Poison","floor":11},{"not_picked":["Bane+1","Prepared","Quick Slash+1"],"picked":"SKIP","floor":13},{"not_picked":["Concentrate","Leg Sweep"],"picked":"Dash+1","floor":14},{"not_picked":["Cloak And Dagger","Dagger Spray+1"],"picked":"PiercingWail","floor":18},{"not_picked":["Blade Dance","Sucker Punch+1","Poisoned Stab+1"],"picked":"SKIP","floor":19},{"not_picked":["Quick Slash+1","Backstab+1","Cloak And Dagger+1"],"picked":"SKIP","floor":21},{"not_picked":["Blade Dance+1","Acrobatics","Deadly Poison+1"],"picked":"SKIP","floor":23},{"not_picked":["Dodge and Roll","Choke+1","Accuracy"],"picked":"SKIP","floor":25},{"not_picked":["Dagger Spray+1","Choke+1"],"picked":"Noxious Fumes","floor":27},{"not_picked":["Flying Knee+1","Deadly Poison"],"picked":"Glass Knife+1","floor":30},{"not_picked":["Choke+1","Calculated Gamble","Dagger Throw+1"],"picked":"SKIP","floor":31},{"not_picked":["Underhanded Strike+1","Outmaneuver+1","Flying Knee+1"],"picked":"SKIP","floor":31},{"not_picked":["Adrenaline","Tools of the Trade"],"picked":"A Thousand Cuts","floor":33},{"not_picked":["Dagger Spray+1","Dodge and Roll"],"picked":"Leg Sweep+1","floor":35},{"not_picked":["Sucker Punch+1","Flying Knee+1","Slice+1"],"picked":"SKIP","floor":35},{"not_picked":["Backstab+1","Deflect+1"],"picked":"A Thousand Cuts","floor":37},{"not_picked":["Setup","Flechettes+1"],"picked":"Crippling Poison","floor":37},{"not_picked":["Deflect+1","Flying Knee+1","Blade Dance"],"picked":"SKIP","floor":42},{"not_picked":["Dagger Throw+1","Endless Agony+1","Sucker Punch+1"],"picked":"SKIP","floor":42},{"not_picked":["Expertise","Underhanded Strike+1"],"picked":"Crippling Poison","floor":44},{"not_picked":["Backflip+1","Acrobatics","Endless Agony+1"],"picked":"SKIP","floor":44},{"not_picked":["Dagger Spray+1","All Out Attack+1","Flying Knee+1"],"picked":"SKIP","floor":45},{"not_picked":["Dagger Throw+1","Slice+1","Eviscerate+1"],"picked":"SKIP","floor":45},{"not_picked":["Bane+1","Dodge and Roll"],"picked":"Crippling Poison+1","floor":47}],"player_experience":656664,"relics_obtained":[{"floor":8,"key":"Blue Candle"},{"floor":9,"key":"Molten Egg 2"},{"floor":11,"key":"Bag of Marbles"},{"floor":13,"key":"Orichalcum"},{"floor":23,"key":"Centennial Puzzle"},{"floor":25,"key":"Prayer Wheel"},{"floor":27,"key":"Ornamental Fan"},{"floor":30,"key":"Bottled Tornado"},{"floor":43,"key":"Pantograph"},{"floor":47,"key":"Bird Faced Urn"},{"floor":48,"key":"Nunchaku"}],"event_choices":[{"damage_healed":0,"gold_gain":0,"player_choice":"Grow","damage_taken":0,"max_hp_gain":0,"max_hp_loss":0,"event_name":"Living Wall","floor":4,"gold_loss":0,"cards_upgraded":["Footwork"]},{"damage_healed":17,"gold_gain":0,"player_choice":"Healed","damage_taken":0,"max_hp_gain":0,"max_hp_loss":0,"event_name":"The Cleric","floor":12,"gold_loss":35},{"damage_healed":0,"gold_gain":0,"player_choice":"Ignored","damage_taken":0,"max_hp_gain":0,"max_hp_loss":0,"event_name":"The Mausoleum","floor":22,"gold_loss":0},{"damage_healed":0,"gold_gain":999,"player_choice":"Gold","damage_taken":0,"max_hp_gain":0,"max_hp_loss":0,"event_name":"MindBloom","floor":38,"gold_loss":0,"cards_obtained":["Normality","Normality"]},{"damage_healed":18,"gold_gain":0,"player_choice":"Writhe","damage_taken":0,"max_hp_gain":0,"max_hp_loss":0,"event_name":"Winding Halls","floor":39,"gold_loss":0,"cards_obtained":["Writhe"]},{"damage_healed":0,"gold_gain":0,"player_choice":"Paid","damage_taken":0,"relics_obtained":["Red Mask"],"max_hp_gain":0,"max_hp_loss":0,"event_name":"Tomb of Lord Red Mask","floor":46,"gold_loss":616},{"damage_healed":0,"gold_gain":0,"player_choice":"Fight","damage_taken":0,"max_hp_gain":0,"max_hp_loss":0,"event_name":"Mysterious Sphere","floor":48,"gold_loss":0}],"is_beta":false,"boss_relics":[{"not_picked":["Calling Bell","Fusion Hammer"],"picked":"Snecko Eye"},{"not_picked":["Philosopher\u0027s Stone","Busted Crown"],"picked":"Empty Cage"}],"items_purged_floors":[2,41],"is_endless":false,"potions_floor_spawned":[5,7,8,11,18,21,30,31,33,42,44],"ascension_level":10}