{"gold_per_floor":[110,122,137,137,152,185,185,212,212,54,54,54,70,80,80,183,183,202,215,249,263,279,279,293,293,293,293,323,108,125,204,204,305,305,323,545,545,99,117,149,149,161,187,187,214,14,14,14],"floor_reached":48,"playtime":5282,"items_purged":["Strike_B","Strike_B","Strike_B","Parasite"],"score":832,"play_id":"70a4f96d-a566-4d17-980f-69ccb87e5e30","local_time":"20190420162341","is_ascension_mode":true,"campfire_choices":[{"data":"Defragment","floor":7,"key":"SMITH"},{"floor":11,"key":"REST"},{"data":"Zap","floor":15,"key":"SMITH"},{"floor":23,"key":"REST"},{"data":"Echo Form","floor":25,"key":"SMITH"},{"data":"Sunder","floor":27,"key":"SMITH"},{"floor":32,"key":"REST"},{"data":"Barrage","floor":41,"key":"SMITH"}],"neow_cost":"NONE","seed_source_timestamp":5152770725839,"circlet_count":0,"master_deck":["AscendersBane","Defend_B","Defend_B","Defend_B","Defend_B","Zap+1","Dualcast","Cold Snap","Defragment+1","Core Surge","Barrage+1","Glacier+1","Coolheaded+1","Genetic Algorithm+1","Lockon","Echo Form+1","Auto Shields+1","Ball Lightning","Sunder+1","Capacitor+1","Leap+1","White Noise+1","Coolheaded+1","FTL","Barrage","Conserve Battery+1","Core Surge","Ball Lightning+1","Apotheosis+1","Coolheaded+1","Hologram+1","Cold Snap","Master of Strategy+1"],"relics":["Cracked Core","Toxic Egg 2","Sundial","The Courier","Runic Pyramid","Red Mask","Kunai","Ornamental Fan","Inserter","Mummified Hand","Smiling Mask","Juzu Bracelet","Omamori","Bottled Lightning"],"potions_floor_usage":[6,6,13,18,20,22,28,28,30,45],"damage_taken":[{"damage":1,"enemies":"Cultist","floor":1,"turns":3},{"damage":10,"enemies":"Jaw Worm","floor":2,"turns":4},{"damage":5,"enemies":"2 Louse","floor":3,"turns":3},{"damage":8,"enemies":"Red Slaver","floor":5,"turns":4},{"damage":16,"enemies":"Gremlin Nob","floor":6,"turns":4},{"damage":26,"enemies":"Lagavulin","floor":8,"turns":7},{"damage":8,"enemies":"Exordium Wildlife","floor":13,"turns":4},{"damage":2,"enemies":"2 Fungi Beasts","floor":14,"turns":3},{"damage":1,"enemies":"The Guardian","floor":16,"turns":13},{"damage":21,"enemies":"2 Thieves","floor":18,"turns":4},{"damage":0,"enemies":"Chosen","floor":19,"turns":5},{"damage":32,"enemies":"Masked Bandits","floor":20,"turns":6},{"damage":2,"enemies":"Shelled Parasite and Fungi","floor":21,"turns":7},{"damage":5,"enemies":"3 Cultists","floor":22,"turns":7},{"damage":5,"enemies":"Snake Plant","floor":24,"turns":7},{"damage":31,"enemies":"Slavers","floor":28,"turns":12},{"damage":0,"enemies":"Centurion and Healer","floor":30,"turns":11},{"damage":29,"enemies":"Collector","floor":33,"turns":9},{"damage":6,"enemies":"3 Shapes","floor":35,"turns":7},{"damage":0,"enemies":"3 Darklings","floor":39,"turns":6},{"damage":18,"enemies":"Nemesis","floor":40,"turns":9},{"damage":4,"enemies":"Writhing Mass","floor":42,"turns":6},{"damage":38,"enemies":"Reptomancer","floor":45,"turns":9},{"damage":14,"enemies":"Spire Growth","floor":48,"turns":2}],"seed_played":"-695946231234687612","potions_obtained":[{"floor":1,"key":"Swift Potion"},{"floor":3,"key":"Poison Potion"},{"floor":6,"key":"Fire Potion"},{"floor":13,"key":"Fruit Juice"},{"floor":14,"key":"SkillPotion"},{"floor":20,"key":"Regen Potion"},{"floor":21,"key":"SkillPotion"},{"floor":24,"key":"SpeedPotion"},{"floor":28,"key":"GamblersBrew"},{"floor":30,"key":"SmokeBomb"},{"floor":39,"key":"Regen Potion"},{"floor":42,"key":"Dexterity Potion"}],"is_trial":false,"path_per_floor":["M","M","M","?","M","E","R","E","T","$","R","?","M","M","R","B",null,"M","M","?","M","M","R","M","R","T","R","E","$","M","T","R","B",null,"M","?","?","$","M","E","R","M","T","?","E","$","T","M"],"character_chosen":"DEFECT","items_purchased":["Coolheaded+1","Genetic Algorithm+1","Coolheaded+1","FTL","Barrage","Apotheosis+1","Mummified Hand","Master of Strategy+1"],"campfire_rested":3,"item_purchase_floors":[10,10,29,29,29,38,38,46],"current_hp_per_floor":[74,64,59,59,51,35,35,9,9,9,33,33,30,28,28,27,72,51,51,19,17,12,38,33,33,33,33,17,17,17,17,43,14,69,63,63,63,63,63,45,45,41,41,41,3,3,3,0],"gold":14,"neow_bonus":"TEN_PERCENT_HP_BONUS","is_prod":false,"is_daily":false,"chose_seed":false,"campfire_upgraded":5,"win_rate":0,"timestamp":1555788221,"path_taken":["M","M","?","?","?","E","R","E","T","$","R","?","?","M","R","BOSS","M","M","?","M","M","R","M","R","T","R","E","$","M","?","R","BOSS","M","?","?","$","M","E","R","M","T","?","E","$","?","M"],"build_version":"2019-01-23","purchased_purges":4,"victory":false,"max_hp_per_floor":[82,82,82,82,82,82,82,82,82,82,82,82,87,87,87,87,87,87,87,87,87,87,87,87,87,87,87,87,87,87,87,87,87,87,87,87,87,87,87,87,87,87,87,87,87,84,84,84],"card_choices":[{"not_picked":["Melter","Reprogram"],"picked":"Cold Snap","floor":1},{"not_picked":["Go for the Eyes","Hologram"],"picked":"Defragment","floor":2},{"not_picked":["Lockon","Coolheaded"],"picked":"Core Surge","floor":3},{"not_picked":["Stack","Coolheaded"],"picked":"Barrage","floor":5},{"not_picked":["Creative AI","Fusion","Force Field"],"picked":"SKIP","floor":6},{"not_picked":["Beam Cell","Stack+1"],"picked":"Glacier+1","floor":8},{"not_picked":["Redo+1","Turbo+1","Gash"],"picked":"SKIP","floor":13},{"not_picked":["Redo+1","Chaos+1","Force Field+1"],"picked":"SKIP","floor":14},{"not_picked":["Creative AI","All For One"],"picked":"Echo Form","floor":16},{"not_picked":["Force Field+1","Coolheaded+1"],"picked":"Auto Shields+1","floor":18},{"not_picked":["Melter","Heatsinks+1"],"picked":"Ball Lightning","floor":19},{"not_picked":["Barrage","Auto Shields+1"],"picked":"Sunder","floor":20},{"not_picked":["Auto Shields+1","Sweeping Beam","Stack+1"],"picked":"SKIP","floor":21},{"not_picked":["Steam Power+1","Chaos+1"],"picked":"Capacitor+1","floor":22},{"not_picked":["Hello World","Rebound"],"picked":"Leap+1","floor":24},{"not_picked":["Double Energy+1","Leap+1"],"picked":"White Noise+1","floor":28},{"not_picked":["Compile Driver","Loop"],"picked":"Conserve Battery+1","floor":30},{"not_picked":["Fission+1","Hyperbeam"],"picked":"Core Surge","floor":33},{"not_picked":["Stack+1","Recycle+1"],"picked":"Ball Lightning+1","floor":35},{"not_picked":["Turbo+1","Gash"],"picked":"Coolheaded+1","floor":39},{"not_picked":["Ball Lightning","Scrape"],"picked":"Hologram+1","floor":40},{"not_picked":["Scrape","Blizzard+1"],"picked":"Cold Snap","floor":42},{"not_picked":["Ball Lightning","Static Discharge+1","Lockon+1"],"picked":"SKIP","floor":45}],"player_experience":682979,"relics_obtained":[{"floor":6,"key":"Toxic Egg 2"},{"floor":8,"key":"Sundial"},{"floor":9,"key":"The Courier"},{"floor":20,"key":"Red Mask"},{"floor":26,"key":"Kunai"},{"floor":28,"key":"Ornamental Fan"},{"floor":40,"key":"Smiling Mask"},{"floor":43,"key":"Juzu Bracelet"},{"floor":45,"key":"Omamori"},{"floor":47,"key":"Bottled Lightning"}],"event_choices":[{"damage_healed":0,"gold_gain":0,"player_choice":"Bought 0 Potions","damage_taken":0,"max_hp_gain":0,"max_hp_loss":0,"event_name":"The Woman in Blue","floor":4,"gold_loss":0},{"damage_healed":0,"gold_gain":0,"cards_transformed":["Strike_B"],"player_choice":"Transformed","damage_taken":0,"max_hp_gain":0,"max_hp_loss":0,"event_name":"Transmorgrifier","floor":12,"gold_loss":0,"cards_obtained":["Lockon"]},{"damage_healed":0,"gold_gain":0,"player_choice":"Fought Bandits","damage_taken":0,"max_hp_gain":0,"max_hp_loss":0,"event_name":"Masked Bandits","floor":20,"gold_loss":0},{"damage_healed":0,"gold_gain":222,"player_choice":"Wore Mask","damage_taken":0,"max_hp_gain":0,"max_hp_loss":0,"event_name":"Tomb of Lord Red Mask","floor":36,"gold_loss":0},{"damage_healed":0,"gold_gain":0,"player_choice":"Memory 1","damage_taken":0,"max_hp_gain":0,"max_hp_loss":0,"event_name":"SensoryStone","floor":37,"gold_loss":0},{"damage_healed":0,"gold_gain":0,"player_choice":"Ignored","damage_taken":0,"max_hp_gain":0,"max_hp_loss":0,"event_name":"Mysterious Sphere","floor":44,"gold_loss":0}],"is_beta":false,"boss_relics":[{"not_picked":["Eternal Feather","Coffee Dripper"],"picked":"Runic Pyramid"},{"not_picked":["Pandora\u0027s Box","Fusion Hammer"],"picked":"Inserter"}],"items_purged_floors":[10,29,38,46],"is_endless":false,"potions_floor_spawned":[1,3,6,13,14,20,21,24,28,30,39,42],"killed_by":"Spire Growth","ascension_level":12}