{"gold_per_floor":[109,109,127,138,154,181,191,191,215,215,234,248,281,310,310,414,414,431,431,451,451,465,465,496,496,496,509,543,543,575,575,575,575],"floor_reached":33,"playtime":2230,"items_purged":[],"score":385,"play_id":"74a360c7-0b76-4b5d-a427-c15f340c7298","local_time":"20190325222512","is_ascension_mode":true,"campfire_choices":[{"data":"Flame Barrier","floor":8,"key":"SMITH"},{"data":"Bash","floor":10,"key":"SMITH"},{"data":"Rampage","floor":15,"key":"SMITH"},{"data":"Double Tap","floor":23,"key":"SMITH"},{"data":"Battle Trance","floor":25,"key":"SMITH"},{"floor":29,"key":"REST"},{"data":"Carnage","floor":32,"key":"SMITH"}],"neow_cost":"NONE","seed_source_timestamp":164477227845777,"circlet_count":0,"master_deck":["Strike_R+1","Strike_R+1","Strike_R+1","Strike_R+1","Strike_R+1","Defend_R+1","Defend_R+1","Defend_R+1","Bash+1","Carnage+1","Iron Wave","Cleave","Headbutt+1","Flame Barrier+1","Rampage+1","Cleave+1","Disarm","Shrug It Off","Double Tap+1","Battle Trance+1","Thunderclap+1","Dropkick+1","Ghostly","Ghostly","Ghostly","Ghostly","Ghostly"],"relics":["Burning Blood","WingedGreaves","Lantern","War Paint","Art of War","Busted Crown","Molten Egg 2","Pocketwatch","Whetstone","Question Card"],"potions_floor_usage":[3,13,13,14,14,16,22,22,24,28,28],"damage_taken":[{"damage":3,"enemies":"Jaw Worm","floor":1,"turns":5},{"damage":9,"enemies":"Small Slimes","floor":3,"turns":3},{"damage":1,"enemies":"Cultist","floor":4,"turns":3},{"damage":26,"enemies":"Exordium Thugs","floor":5,"turns":4},{"damage":22,"enemies":"3 Sentries","floor":6,"turns":7},{"damage":11,"enemies":"3 Louse","floor":7,"turns":3},{"damage":0,"enemies":"2 Fungi Beasts","floor":11,"turns":2},{"damage":3,"enemies":"Blue Slaver","floor":12,"turns":4},{"damage":34,"enemies":"Lagavulin","floor":13,"turns":6},{"damage":24,"enemies":"Gremlin Nob","floor":14,"turns":6},{"damage":5,"enemies":"Hexaghost","floor":16,"turns":8},{"damage":20,"enemies":"2 Thieves","floor":18,"turns":4},{"damage":5,"enemies":"Shell Parasite","floor":20,"turns":5},{"damage":23,"enemies":"Shelled Parasite and Fungi","floor":22,"turns":3},{"damage":26,"enemies":"Book of Stabbing","floor":24,"turns":5},{"damage":3,"enemies":"Sentry and Sphere","floor":27,"turns":3},{"damage":26,"enemies":"Slavers","floor":28,"turns":4},{"damage":10,"enemies":"Book of Stabbing","floor":30,"turns":5},{"damage":52,"enemies":"Collector","floor":33,"turns":5}],"seed_played":"-8392791122268444225","potions_obtained":[{"floor":1,"key":"SpeedPotion"},{"floor":3,"key":"Fruit Juice"},{"floor":7,"key":"AttackPotion"},{"floor":12,"key":"Regen Potion"},{"floor":13,"key":"Regen Potion"},{"floor":14,"key":"EssenceOfSteel"},{"floor":19,"key":"Weak Potion"},{"floor":19,"key":"LiquidBronze"},{"floor":19,"key":"Fire Potion"},{"floor":22,"key":"PowerPotion"},{"floor":27,"key":"Strength Potion"},{"floor":30,"key":"BloodPotion"}],"is_trial":false,"path_per_floor":["?","?","M","?","?"],"character_chosen":"IRONCLAD","items_purchased":[],"campfire_rested":1,"item_purchase_floors":[],"current_hp_per_floor":[80,85,87,90,70,54,49,49,49,49,55,58,45,42,42,43,90,76,76,77,77,60,60,40,40,40,43,23,50,46,45,45,0],"gold":575,"neow_bonus":"REMOVE_CARD","is_prod":false,"is_daily":false,"chose_seed":false,"campfire_upgraded":6,"win_rate":0,"timestamp":1553527512,"path_taken":["M","?","M","M","M","E","M","R","T","R","M","M","E","E","R","BOSS","M","?","?","?","M","R","E","R","T","M","E","R","E","?","R","BOSS"],"build_version":"2019-01-23","purchased_purges":0,"victory":false,"max_hp_per_floor":[80,85,90,90,90,90,90,90,90,90,90,90,90,90,90,90,90,90,90,90,90,90,90,90,90,90,90,90,90,90,45,45,45],"card_choices":[{"not_picked":["Wild Strike","Twin Strike"],"picked":"Carnage","floor":1},{"not_picked":["Carnage","Heavy Blade"],"picked":"Iron Wave","floor":3},{"not_picked":["Power Through","Carnage"],"picked":"Cleave","floor":4},{"not_picked":["Flex","Warcry"],"picked":"Headbutt","floor":5},{"not_picked":["Wild Strike","Reaper"],"picked":"Flame Barrier","floor":6},{"not_picked":["Headbutt","Sword Boomerang"],"picked":"Rampage","floor":7},{"not_picked":["Armaments","True Grit"],"picked":"Cleave","floor":11},{"not_picked":["Searing Blow","Heavy Blade"],"picked":"Disarm","floor":12},{"not_picked":["Barricade","Intimidate"],"picked":"Shrug It Off","floor":13},{"not_picked":["Perfected Strike","Wild Strike","Hemokinesis"],"picked":"SKIP","floor":14},{"not_picked":["Brutality","Immolate"],"picked":"Double Tap","floor":16},{"not_picked":["Flex"],"picked":"SKIP","floor":18},{"not_picked":["Havoc+1"],"picked":"SKIP","floor":20},{"not_picked":[],"picked":"Battle Trance","floor":22},{"not_picked":[],"picked":"Thunderclap+1","floor":24},{"not_picked":["Brutality"],"picked":"SKIP","floor":27},{"not_picked":["Havoc+1"],"picked":"SKIP","floor":28},{"not_picked":[],"picked":"Dropkick+1","floor":30}],"player_experience":114812,"relics_obtained":[{"floor":6,"key":"WingedGreaves"},{"floor":9,"key":"Lantern"},{"floor":13,"key":"War Paint"},{"floor":14,"key":"Art of War"},{"floor":24,"key":"Molten Egg 2"},{"floor":26,"key":"Pocketwatch"},{"floor":28,"key":"Whetstone"},{"floor":30,"key":"Question Card"}],"event_choices":[{"damage_healed":0,"gold_gain":0,"player_choice":"Donut","damage_taken":0,"max_hp_gain":5,"max_hp_loss":0,"event_name":"Big Fish","floor":2,"gold_loss":0},{"damage_healed":0,"gold_gain":0,"player_choice":"Got Potions","damage_taken":0,"max_hp_gain":0,"max_hp_loss":0,"event_name":"Lab","floor":19,"gold_loss":0},{"damage_healed":0,"gold_gain":0,"player_choice":"Simplicity","damage_taken":0,"max_hp_gain":0,"max_hp_loss":0,"event_name":"Back to Basics","floor":21,"gold_loss":0,"cards_upgraded":["Strike_R","Strike_R","Strike_R","Strike_R","Strike_R","Defend_R"]},{"damage_healed":0,"gold_gain":0,"player_choice":"Became a Ghost","damage_taken":0,"max_hp_gain":0,"max_hp_loss":45,"event_name":"Ghosts","floor":31,"gold_loss":0,"cards_obtained":["Ghostly","Ghostly","Ghostly","Ghostly","Ghostly"]}],"is_beta":false,"boss_relics":[{"not_picked":["Lizard Tail","Empty Cage"],"picked":"Busted Crown"}],"items_purged_floors":[],"is_endless":false,"potions_floor_spawned":[1,3,7,12,13,14,22,27,30],"killed_by":"Collector","ascension_level":2}