{"gold_per_floor":[114,114,114,39,60,60,85,463,463,502,522,541,541,43,43,171,171,187,286,211,229,27,27,46,46,69,69,87,100,100,150,150,150],"floor_reached":33,"playtime":1578,"items_purged":["Regret"],"score":245,"play_id":"3c2943a5-20b0-47ea-9d8c-6bea9190a2e9","local_time":"20180710141052","is_ascension_mode":false,"campfire_choices":[{"data":"Pommel Strike","floor":6,"key":"SMITH"},{"data":"Flex","floor":13,"key":"SMITH"},{"floor":15,"key":"REST"},{"data":"Shrug It Off","floor":23,"key":"SMITH"},{"data":"Cleave","floor":25,"key":"SMITH"},{"data":"Sword Boomerang","floor":27,"key":"SMITH"},{"data":"Twin Strike","floor":32,"key":"SMITH"}],"neow_cost":"CURSE","seed_source_timestamp":680253743885263,"circlet_count":0,"master_deck":["Strike_R","Strike_R","Strike_R","Defend_R","Defend_R","Defend_R","Bash","Pommel Strike+1","Shrug It Off+1","Flex+1","Cleave+1","Sword Boomerang+1","Twin Strike+1","Blind+1","Double Tap+1","Immolate+1","Juggernaut+1","Battle Trance+1","Armaments+1","Flex+1","Flex+1","Thunderclap+1","Armaments+1","Rampage+1"],"relics":["Burning Blood","Bloody Idol","Old Coin","Dodecahedron","Unceasing Top","Orichalcum","Toxic Egg 2","Astrolabe","Juzu Bracelet","Ancient Tea Set","Bag of Marbles"],"potions_floor_usage":[12,12,16,24,33,33,33],"damage_taken":[{"damage":9,"enemies":"Small Slimes","floor":1,"turns":3},{"damage":0,"enemies":"Cultist","floor":5,"turns":3},{"damage":2,"enemies":"2 Louse","floor":7,"turns":2},{"damage":37,"enemies":"Lagavulin Event","floor":8,"turns":7},{"damage":23,"enemies":"Lagavulin","floor":10,"turns":4},{"damage":8,"enemies":"Red Slaver","floor":11,"turns":2},{"damage":11,"enemies":"Large Slime","floor":12,"turns":3},{"damage":38,"enemies":"The Guardian","floor":16,"turns":9},{"damage":13,"enemies":"Shell Parasite","floor":18,"turns":4},{"damage":1,"enemies":"Chosen","floor":21,"turns":4},{"damage":13,"enemies":"Centurion and Healer","floor":24,"turns":4},{"damage":0,"enemies":"Sentry and Sphere","floor":28,"turns":1},{"damage":4,"enemies":"Snake Plant","floor":29,"turns":4},{"damage":81,"enemies":"Collector","floor":33,"turns":7}],"seed_played":"5620981405413889911","potions_obtained":[{"floor":1,"key":"BloodPotion"},{"floor":5,"key":"LiquidBronze"},{"floor":7,"key":"AttackPotion"},{"floor":16,"key":"Block Potion"},{"floor":18,"key":"Regen Potion"},{"floor":21,"key":"Dexterity Potion"},{"floor":29,"key":"Poison Potion"}],"is_trial":false,"path_per_floor":["M","?","?","$","M","R","M","?","T","E","M","M","R","$","R","B",null,"M","?","?","M","$","R","M","R","T","R","M","M","?","T","R"],"character_chosen":"IRONCLAD","items_purchased":["Orichalcum","Toxic Egg 2","Blind+1","Juzu Bracelet","Flex+1"],"campfire_rested":1,"item_purchase_floors":[14,14,14,22,22],"current_hp_per_floor":[77,77,74,74,74,74,74,43,43,26,24,26,26,26,48,16,74,67,67,67,72,72,72,65,65,65,65,71,73,73,74,74,0],"gold":150,"neow_bonus":"TRANSFORM_TWO_CARDS","is_prod":false,"is_daily":false,"chose_seed":false,"campfire_upgraded":6,"win_rate":0,"timestamp":1531224652,"path_taken":["M","?","?","$","?","R","M","?","T","E","?","M","R","$","R","BOSS","M","?","?","M","$","R","M","R","T","R","M","M","?","?","R","BOSS"],"build_version":"2018-07-05","purchased_purges":1,"victory":false,"max_hp_per_floor":[80,80,74,74,74,74,74,74,74,74,74,74,74,74,74,74,74,74,74,74,74,74,74,74,74,74,74,74,74,74,74,74,74],"card_choices":[{"not_picked":["Clash","Clothesline"],"picked":"Shrug It Off","floor":1},{"not_picked":["Disarm","Clash"],"picked":"Warcry","floor":5},{"not_picked":["Shrug It Off","Feel No Pain"],"picked":"Carnage","floor":7},{"not_picked":["Evolve","Entrench"],"picked":"Flex","floor":8},{"not_picked":["Armaments","Spot Weakness"],"picked":"Cleave","floor":10},{"not_picked":["Feel No Pain","Body Slam"],"picked":"Sword Boomerang","floor":11},{"not_picked":["Feel No Pain","Iron Wave"],"picked":"Twin Strike","floor":12},{"not_picked":["Offering+1","Berserk"],"picked":"Double Tap+1","floor":16},{"not_picked":["Warcry+1","Wild Strike"],"picked":"Armaments+1","floor":18},{"not_picked":["Twin Strike","Rampage"],"picked":"Flex+1","floor":21},{"not_picked":["Warcry+1","Shrug It Off+1"],"picked":"Thunderclap+1","floor":24},{"not_picked":["Iron Wave","Thunderclap"],"picked":"Armaments+1","floor":28},{"not_picked":["Combust+1","Warcry+1"],"picked":"Rampage+1","floor":29}],"player_experience":75966,"relics_obtained":[{"floor":8,"key":"Old Coin"},{"floor":9,"key":"Dodecahedron"},{"floor":10,"key":"Unceasing Top"},{"floor":26,"key":"Ancient Tea Set"},{"floor":31,"key":"Bag of Marbles"}],"event_choices":[{"event_name":"Transmorgrifier","player_choice":"Transform","floor":2,"damage_taken":0},{"event_name":"Golden Idol","player_choice":"Lose Max HP","floor":3,"damage_taken":0},{"event_name":"Dead Adventurer","player_choice":"Searched \u00271\u0027 times","floor":8,"damage_taken":0},{"event_name":"Nest","player_choice":"Stole From Cult","floor":19,"damage_taken":0},{"event_name":"Beggar","player_choice":"Gave Gold","floor":20,"damage_taken":0},{"event_name":"Forgotten Altar","player_choice":"Gave Idol","floor":30,"damage_taken":0}],"boss_relics":[{"not_picked":["Calling Bell","Coffee Dripper"],"picked":"Astrolabe"}],"items_purged_floors":[4],"is_endless":false,"potions_floor_spawned":[1,5,7,10,16,18,21,29],"killed_by":"Collector","ascension_level":0}