{"gold_per_floor":[117,137,147,147,147,178,26,26,77,77,103,103,114,172,172,272,272,283,9,9,9,19,54,54,88,136,236,236,236,236,249,249,353,353,365,419,419,419,430,430,458,458,470,498,510,539,579,171,171,171],"floor_reached":50,"playtime":2712,"items_purged":[],"score":692,"play_id":"fcef5355-61f4-4e31-8f5a-588f77989f70","local_time":"20180919153749","is_ascension_mode":true,"campfire_choices":[{"floor":8,"key":"REST"},{"floor":12,"key":"REST"},{"data":"Backflip","floor":15,"key":"SMITH"},{"data":"Die Die Die","floor":24,"key":"SMITH"},{"floor":28,"key":"REST"},{"data":"Strike_G+1","floor":30,"key":"PURGE"},{"floor":32,"key":"REST"},{"floor":40,"key":"REST"},{"floor":42,"key":"DIG"},{"floor":45,"key":"DIG"},{"floor":49,"key":"REST"}],"neow_cost":"NONE","seed_source_timestamp":1281704630063497,"circlet_count":0,"master_deck":["Defend_G+1","Defend_G+1","Defend_G+1","Defend_G+1","Defend_G+1","Strike_G+1","Strike_G+1","Strike_G+1","Strike_G+1","Survivor","Neutralize+1","PiercingWail","Acrobatics","Backflip+1","Die Die Die+1","Dagger Throw+1","Noxious Fumes+1","Deflect+1","Backstab+1","Backstab+1","Jack Of All Trades","Acrobatics+1","Quick Slash+1","A Thousand Cuts+1","Underhanded Strike"],"relics":["Sozu","Snake Skull","Orichalcum","Bronze Scales","Regal Pillow","War Paint","Busted Crown","Lee\u0027s Waffle","Vajra","Omamori","Happy Flower","Peace Pipe","Dodecahedron","Eternal Feather","Ginger","Shovel","PreservedInsect","MawBank","Bottled Lightning","Art of War","Strawberry","Frozen Egg 2"],"potions_floor_usage":[],"damage_taken":[{"damage":0,"enemies":"2 Louse","floor":1,"turns":3},{"damage":1,"enemies":"Jaw Worm","floor":2,"turns":5},{"damage":0,"enemies":"Small Slimes","floor":3,"turns":4},{"damage":50,"enemies":"Gremlin Nob","floor":6,"turns":6},{"damage":0,"enemies":"Blue Slaver","floor":13,"turns":4},{"damage":10,"enemies":"3 Sentries","floor":14,"turns":10},{"damage":17,"enemies":"Hexaghost","floor":16,"turns":16},{"damage":4,"enemies":"Shell Parasite","floor":18,"turns":6},{"damage":2,"enemies":"2 Thieves","floor":22,"turns":4},{"damage":2,"enemies":"Book of Stabbing","floor":23,"turns":5},{"damage":26,"enemies":"Slavers","floor":25,"turns":4},{"damage":1,"enemies":"Colosseum Slavers","floor":27,"turns":2},{"damage":42,"enemies":"Colosseum Nobs","floor":27,"turns":5},{"damage":10,"enemies":"Snake Plant","floor":31,"turns":3},{"damage":39,"enemies":"Collector","floor":33,"turns":10},{"damage":0,"enemies":"Orb Walker","floor":35,"turns":4},{"damage":28,"enemies":"Mysterious Sphere","floor":36,"turns":6},{"damage":0,"enemies":"Mind Bloom Boss Battle","floor":38,"turns":7},{"damage":17,"enemies":"3 Darklings","floor":39,"turns":4},{"damage":46,"enemies":"Nemesis","floor":41,"turns":9},{"damage":5,"enemies":"Spire Growth","floor":44,"turns":6},{"damage":25,"enemies":"Maw","floor":46,"turns":8},{"damage":26,"enemies":"2 Orb Walkers","floor":47,"turns":4},{"damage":69,"enemies":"Time Eater","floor":50,"turns":10}],"seed_played":"-584029195758490044","potions_obtained":[],"is_trial":false,"path_per_floor":["M","M","M","?","?","E","$","R","T","?","T","R","M","?","R","B",null,"M","$","?","?","M","E","R","E","T","?","R","?","R","M","R","B",null,"M","?","?","?","M","R","E","R","T","M","R","M","E","$","R"],"character_chosen":"THE_SILENT","items_purchased":["Orichalcum","Noxious Fumes","Lee\u0027s Waffle","Frozen Egg 2","A Thousand Cuts+1","Underhanded Strike"],"campfire_rested":6,"item_purchase_floors":[7,19,19,48,48,48],"current_hp_per_floor":[63,62,62,62,62,12,12,33,33,19,19,55,55,45,45,28,60,56,77,77,77,75,73,73,47,47,4,42,42,42,32,70,31,66,66,38,38,38,21,71,29,41,41,36,48,27,12,12,67,0],"gold":171,"neow_bonus":"BOSS_RELIC","is_prod":false,"is_daily":false,"chose_seed":false,"campfire_upgraded":2,"win_rate":0,"timestamp":1537364269,"path_taken":["M","M","M","?","?","E","$","R","T","?","?","R","M","?","R","BOSS","M","$","?","?","M","E","R","E","T","?","R","?","R","M","R","BOSS","M","?","?","?","M","R","E","R","T","M","R","M","E","$","R","BOSS"],"build_version":"2018-09-06","purchased_purges":0,"victory":false,"max_hp_per_floor":[70,70,70,70,70,70,70,70,70,70,70,70,70,70,70,70,70,70,77,77,77,77,77,77,77,77,77,77,77,77,77,77,77,77,77,77,77,77,77,77,77,77,77,77,77,77,84,84,84,84],"card_choices":[{"not_picked":["Riddle With Holes","Outmaneuver"],"picked":"PiercingWail","floor":1},{"not_picked":["Blade Dance","Deflect","Bane"],"picked":"SKIP","floor":2},{"not_picked":["Quick Slash","Bane"],"picked":"Acrobatics","floor":3},{"not_picked":["Bullet Time","Outmaneuver","Deflect"],"picked":"SKIP","floor":6},{"not_picked":["Cloak And Dagger","Poisoned Stab","Heel Hook"],"picked":"SKIP","floor":13},{"not_picked":["Escape Plan","PiercingWail"],"picked":"Backflip","floor":14},{"not_picked":["Venomology","Doppelganger"],"picked":"Die Die Die","floor":16},{"not_picked":[],"picked":"Dagger Throw+1","floor":18},{"not_picked":["Sucker Punch"],"picked":"SKIP","floor":22},{"not_picked":["Outmaneuver"],"picked":"SKIP","floor":23},{"not_picked":[],"picked":"Deflect+1","floor":25},{"not_picked":[],"picked":"Backstab+1","floor":31},{"not_picked":["PiercingWail"],"picked":"SKIP","floor":35},{"not_picked":[],"picked":"Backstab+1","floor":36},{"not_picked":[],"picked":"Jack Of All Trades","floor":37},{"not_picked":[],"picked":"Acrobatics+1","floor":39},{"not_picked":["Riddle With Holes"],"picked":"SKIP","floor":41},{"not_picked":[],"picked":"Quick Slash+1","floor":44},{"not_picked":["Deadly Poison"],"picked":"SKIP","floor":46},{"not_picked":["Dagger Spray+1"],"picked":"SKIP","floor":47}],"player_experience":368491,"relics_obtained":[{"floor":6,"key":"Snake Skull"},{"floor":9,"key":"Bronze Scales"},{"floor":11,"key":"Regal Pillow"},{"floor":14,"key":"War Paint"},{"floor":23,"key":"Vajra"},{"floor":25,"key":"Omamori"},{"floor":26,"key":"Happy Flower"},{"floor":27,"key":"Peace Pipe"},{"floor":27,"key":"Dodecahedron"},{"floor":36,"key":"Ginger"},{"floor":38,"key":"Shovel"},{"floor":41,"key":"PreservedInsect"},{"floor":42,"key":"MawBank"},{"floor":43,"key":"Bottled Lightning"},{"floor":45,"key":"Art of War"},{"floor":47,"key":"Strawberry"}],"event_choices":[{"event_name":"Living Wall","player_choice":"Grow","floor":4,"damage_taken":0},{"event_name":"The Cleric","player_choice":"Leave","floor":5,"damage_taken":0},{"event_name":"Shining Light","player_choice":"Entered Light","floor":10,"damage_taken":0},{"event_name":"Dead Adventurer","player_choice":"Searched \u00273\u0027 times","floor":14,"damage_taken":0},{"event_name":"Upgrade Shrine","player_choice":"Upgraded","floor":20,"damage_taken":0},{"event_name":"Back to Basics","player_choice":"Simplicity","floor":21,"damage_taken":0},{"event_name":"Colosseum","player_choice":"Fight","floor":27,"damage_taken":0},{"event_name":"Colosseum","player_choice":"Fought Nobs","floor":27,"damage_taken":0},{"event_name":"Wheel of Change","player_choice":"Curse","floor":29,"damage_taken":0},{"event_name":"Mysterious Sphere","player_choice":"Fight","floor":36,"damage_taken":0},{"event_name":"SensoryStone","player_choice":"Memory 1","floor":37,"damage_taken":0},{"event_name":"MindBloom","player_choice":"Fight","floor":38,"damage_taken":0}],"is_beta":false,"boss_relics":[{"not_picked":["Fusion Hammer","White Beast Statue"],"picked":"Busted Crown"},{"not_picked":["HoveringKite","Lizard Tail"],"picked":"Eternal Feather"}],"items_purged_floors":[],"is_endless":false,"potions_floor_spawned":[1,2,13,14,18,27,41,47],"killed_by":"Time Eater","ascension_level":6}