{"gold_per_floor":[118,133,148,323,3,3,31,57,57,75,104,118,118,118,118,214,214,169,169,0,0,0,0,0,0,0,0,0,0,0,0,0,0,0,0,0,0],"floor_reached":37,"playtime":1579,"items_purged":["Doubt"],"score":685,"play_id":"46a98558-0a86-4b83-a1a8-a94c6f9c921d","local_time":"20180905134200","is_ascension_mode":true,"campfire_choices":[{"data":"Bash","floor":6,"key":"SMITH"},{"floor":15,"key":"REST"},{"data":"Pummel","floor":32,"key":"SMITH"}],"neow_cost":"NONE","seed_source_timestamp":66212123626692,"circlet_count":0,"master_deck":["Strike_R","Strike_R","Strike_R","Strike_R","Strike_R","Defend_R","Defend_R","Defend_R","Defend_R","Bash+1","Spot Weakness","Flex","Reaper","Uppercut","Dropkick","Double Tap","Thunderclap","Heavy Blade","Disarm+1","Pummel+1","Dropkick","Demon Form","Cleave+1"],"relics":["Burning Blood","Mercury Hourglass","Odd Mushroom","Self Forming Clay","Shuriken","Regal Pillow","Ectoplasm","Paper Frog","Ice Cream","Oddly Smooth Stone","Omamori","Thread and Needle","Velvet Choker"],"potions_floor_usage":[7,11,11,16,23,23,25,30,33,33,35,37],"damage_taken":[{"damage":3,"enemies":"2 Louse","floor":1,"turns":3},{"damage":0,"enemies":"Small Slimes","floor":2,"turns":4},{"damage":4,"enemies":"Jaw Worm","floor":3,"turns":5},{"damage":12,"enemies":"The Mushroom Lair","floor":7,"turns":3},{"damage":36,"enemies":"Gremlin Nob","floor":8,"turns":4},{"damage":11,"enemies":"Blue Slaver","floor":10,"turns":5},{"damage":27,"enemies":"Lagavulin","floor":11,"turns":5},{"damage":0,"enemies":"Large Slime","floor":12,"turns":4},{"damage":0,"enemies":"Slime Boss","floor":16,"turns":5},{"damage":24,"enemies":"2 Thieves","floor":18,"turns":3},{"damage":6,"enemies":"Spheric Guardian","floor":19,"turns":3},{"damage":34,"enemies":"Slavers","floor":23,"turns":4},{"damage":20,"enemies":"Shelled Parasite and Fungi","floor":24,"turns":4},{"damage":31,"enemies":"Gremlin Leader","floor":25,"turns":5},{"damage":22,"enemies":"Centurion and Healer","floor":28,"turns":5},{"damage":12,"enemies":"Book of Stabbing","floor":30,"turns":4},{"damage":5,"enemies":"Snecko","floor":31,"turns":4},{"damage":44,"enemies":"Automaton","floor":33,"turns":8},{"damage":36,"enemies":"3 Darklings","floor":35,"turns":5},{"damage":19,"enemies":"3 Shapes","floor":36,"turns":6},{"damage":39,"enemies":"Spire Growth","floor":37,"turns":3}],"seed_played":"-892463258117876546","potions_obtained":[{"floor":0,"key":"Strength Potion"},{"floor":0,"key":"Poison Potion"},{"floor":0,"key":"GamblersBrew"},{"floor":7,"key":"SpeedPotion"},{"floor":8,"key":"AttackPotion"},{"floor":11,"key":"AttackPotion"},{"floor":12,"key":"FearPotion"},{"floor":16,"key":"GamblersBrew"},{"floor":25,"key":"Block Potion"},{"floor":28,"key":"GamblersBrew"},{"floor":30,"key":"Swift Potion"},{"floor":31,"key":"SteroidPotion"},{"floor":36,"key":"PowerPotion"}],"is_trial":false,"path_per_floor":["M","M","M","?","$","R","?","E","T","M","E","M","?","$","R","B",null,"M","M","?","$","?","E","M","E","T","T","M","$","E","M","R","B",null,"M","M"],"character_chosen":"IRONCLAD","items_purchased":["Mercury Hourglass"],"campfire_rested":1,"item_purchase_floors":[5],"current_hp_per_floor":[75,80,80,80,80,80,80,50,50,55,34,40,40,40,79,80,80,66,66,66,66,66,56,63,80,80,80,80,80,74,75,75,37,69,39,35,0],"gold":0,"neow_bonus":"THREE_SMALL_POTIONS","is_prod":false,"is_daily":false,"chose_seed":false,"campfire_upgraded":2,"win_rate":0,"timestamp":1536147720,"path_taken":["M","M","M","?","$","R","?","E","T","M","E","M","?","?","R","BOSS","M","M","?","$","?","E","M","E","T","?","?","$","E","M","R","BOSS","M","M","?"],"build_version":"2018-08-30","purchased_purges":1,"victory":false,"max_hp_per_floor":[80,80,80,80,80,80,80,80,80,80,80,80,80,80,80,80,80,80,80,80,80,80,80,80,80,80,80,80,80,80,80,80,80,80,80,80,80],"card_choices":[{"not_picked":["Perfected Strike","Pommel Strike"],"picked":"Spot Weakness","floor":1},{"not_picked":["Feel No Pain","Havoc"],"picked":"Flex","floor":2},{"not_picked":["Burning Pact","Pummel"],"picked":"Reaper","floor":3},{"not_picked":["Evolve","Headbutt","Iron Wave"],"picked":"SKIP","floor":8},{"not_picked":["Heavy Blade","Disarm"],"picked":"Uppercut","floor":10},{"not_picked":["Iron Wave","Rampage"],"picked":"Dropkick","floor":11},{"not_picked":["Anger","Hemokinesis","Armaments"],"picked":"SKIP","floor":12},{"not_picked":["Bludgeon","Feed"],"picked":"Double Tap","floor":16},{"not_picked":["Headbutt+1","Iron Wave"],"picked":"Thunderclap","floor":18},{"not_picked":["Armaments","Searing Blow"],"picked":"Heavy Blade","floor":19},{"not_picked":["Evolve","Twin Strike"],"picked":"Disarm+1","floor":23},{"not_picked":["Sentinel+1","Twin Strike","True Grit"],"picked":"SKIP","floor":24},{"not_picked":["Havoc","Headbutt","Twin Strike"],"picked":"SKIP","floor":25},{"not_picked":["Pommel Strike","Headbutt"],"picked":"Pummel","floor":28},{"not_picked":["Uppercut","Fire Breathing"],"picked":"Dropkick","floor":30},{"not_picked":["Havoc","Reckless Charge","Rupture"],"picked":"SKIP","floor":31},{"not_picked":["Bludgeon","Impervious"],"picked":"Demon Form","floor":33},{"not_picked":["Battle Trance","Warcry"],"picked":"Cleave+1","floor":35},{"not_picked":["Burning Pact+1","Clash+1","Body Slam+1"],"picked":"SKIP","floor":36}],"player_experience":310815,"relics_obtained":[{"floor":7,"key":"Odd Mushroom"},{"floor":8,"key":"Self Forming Clay"},{"floor":9,"key":"Shuriken"},{"floor":11,"key":"Regal Pillow"},{"floor":23,"key":"Paper Frog"},{"floor":25,"key":"Ice Cream"},{"floor":26,"key":"Oddly Smooth Stone"},{"floor":27,"key":"Omamori"},{"floor":30,"key":"Thread and Needle"}],"event_choices":[{"event_name":"Liars Game","player_choice":"agreed","floor":4,"damage_taken":0},{"event_name":"Mushrooms","player_choice":"Fought Mushrooms","floor":7,"damage_taken":0},{"event_name":"Golden Idol","player_choice":"Ignored","floor":13,"damage_taken":0},{"event_name":"Masked Bandits","player_choice":"Paid Fearfully","floor":20,"damage_taken":0},{"event_name":"FaceTrader","player_choice":"Leave","floor":22,"damage_taken":0}],"is_beta":false,"boss_relics":[{"not_picked":["Snecko Eye","Lizard Tail"],"picked":"Ectoplasm"},{"not_picked":["Coffee Dripper","Astrolabe"],"picked":"Velvet Choker"}],"items_purged_floors":[5],"is_endless":false,"potions_floor_spawned":[7,8,11,12,16,18,25,28,30,31,36],"killed_by":"Spire Growth","ascension_level":8}