{"gold_per_floor":[114,129,144,219,77,77,107,122,122,137,152,167,167,182,182,282,282,297,312,312,327,327],"floor_reached":22,"playtime":1040,"items_purged":[],"score":192,"play_id":"5227cf17-b492-40cd-9fdf-33a28004e048","local_time":"20190410232002","daily_mods":["Draft","Uncertain Future","Binary"],"is_ascension_mode":false,"campfire_choices":[{"data":"Noxious Fumes","floor":6,"key":"SMITH"},{"data":"Catalyst","floor":15,"key":"SMITH"}],"neow_cost":"","seed_source_timestamp":0,"circlet_count":0,"master_deck":["Backflip","Deflect","Deadly Poison","Dagger Throw","Backflip","Quick Slash","Backflip","Cloak And Dagger","Sucker Punch","Deadly Poison","Catalyst+1","Quick Slash","Well Laid Plans","Caltrops","Poisoned Stab","Noxious Fumes+1","All Out Attack","PiercingWail","Grand Finale","Bouncing Flask+1","Expertise","Corpse Explosion","Leg Sweep","Catalyst"],"special_seed":17997,"relics":["Ring of the Snake","Shovel","Dead Branch","Runic Pyramid"],"potions_floor_usage":[16,16],"damage_taken":[{"damage":0,"enemies":"Cultist","floor":1,"turns":3},{"damage":0,"enemies":"Jaw Worm","floor":2,"turns":3},{"damage":1,"enemies":"2 Louse","floor":3,"turns":2},{"damage":6,"enemies":"3 Sentries","floor":7,"turns":6},{"damage":9,"enemies":"Blue Slaver","floor":8,"turns":3},{"damage":0,"enemies":"Gremlin Gang","floor":10,"turns":3},{"damage":0,"enemies":"2 Fungi Beasts","floor":11,"turns":2},{"damage":11,"enemies":"Exordium Thugs","floor":12,"turns":3},{"damage":1,"enemies":"3 Louse","floor":14,"turns":2},{"damage":7,"enemies":"Hexaghost","floor":16,"turns":5},{"damage":28,"enemies":"2 Thieves","floor":18,"turns":3},{"damage":12,"enemies":"Chosen","floor":19,"turns":5},{"damage":27,"enemies":"Shelled Parasite and Fungi","floor":21,"turns":6},{"damage":17,"enemies":"Snecko","floor":22,"turns":3}],"seed_played":"6366022716300994326","potions_obtained":[{"floor":7,"key":"Swift Potion"},{"floor":10,"key":"Poison Potion"},{"floor":11,"key":"Ancient Potion"},{"floor":16,"key":"Dexterity Potion"},{"floor":19,"key":"LiquidBronze"}],"is_trial":false,"path_per_floor":["M","M","M","?","$","R","E","M","T","M","M","M","?","M","R","B",null,"M","M","?","M","M"],"character_chosen":"THE_SILENT","items_purchased":["Noxious Fumes","All Out Attack"],"campfire_rested":0,"item_purchase_floors":[5,5],"current_hp_per_floor":[70,70,69,62,62,62,56,47,47,47,47,36,36,35,35,28,70,42,30,30,3,0],"gold":327,"neow_bonus":"","is_prod":false,"is_daily":true,"chose_seed":false,"campfire_upgraded":2,"win_rate":0,"timestamp":1554963602,"path_taken":["M","M","M","?","$","R","E","M","T","M","?","M","?","M","R","BOSS","M","?","?","M","M"],"build_version":"2019-01-23","purchased_purges":0,"victory":false,"max_hp_per_floor":[70,70,70,70,70,70,70,70,70,70,70,70,70,70,70,70,70,70,70,70,70,70],"card_choices":[{"not_picked":["Underhanded Strike","Prepared"],"picked":"Backflip","floor":0},{"not_picked":["Outmaneuver","Sucker Punch"],"picked":"Deflect","floor":0},{"not_picked":["Outmaneuver","PiercingWail"],"picked":"Deadly Poison","floor":0},{"not_picked":["Tactician","Reflex"],"picked":"Dagger Throw","floor":0},{"not_picked":["Dodge and Roll","Sucker Punch"],"picked":"Backflip","floor":0},{"not_picked":["Outmaneuver","Cloak And Dagger"],"picked":"Quick Slash","floor":0},{"not_picked":["Heel Hook","Dodge and Roll"],"picked":"Backflip","floor":0},{"not_picked":["Underhanded Strike","Acrobatics"],"picked":"Sucker Punch","floor":0},{"not_picked":["Prepared","Bane"],"picked":"Cloak And Dagger","floor":0},{"not_picked":["Prepared","Dagger Throw"],"picked":"Sucker Punch","floor":0},{"not_picked":["Quick Slash","Dash"],"picked":"Deadly Poison","floor":0},{"not_picked":["Heel Hook","PiercingWail"],"picked":"Catalyst","floor":0},{"not_picked":["Bane","Reflex"],"picked":"Quick Slash","floor":0},{"not_picked":["Blade Dance","Blur"],"picked":"Well Laid Plans","floor":0},{"not_picked":["Underhanded Strike","Prepared"],"picked":"Caltrops","floor":0},{"not_picked":["Terror","Blade Dance"],"picked":"SKIP","floor":1},{"not_picked":["Dodge and Roll"],"picked":"Poisoned Stab","floor":2},{"not_picked":["Predator","Setup"],"picked":"SKIP","floor":3},{"not_picked":["Predator"],"picked":"PiercingWail","floor":7},{"not_picked":["Flying Knee","Dagger Spray"],"picked":"SKIP","floor":8},{"not_picked":["Finisher","Outmaneuver"],"picked":"SKIP","floor":10},{"not_picked":["Concentrate"],"picked":"Grand Finale","floor":11},{"not_picked":["Dagger Spray"],"picked":"Bouncing Flask","floor":12},{"not_picked":["Blade Dance","Expertise"],"picked":"SKIP","floor":14},{"not_picked":["Die Die Die"],"picked":"Corpse Explosion","floor":16},{"not_picked":["Caltrops"],"picked":"Leg Sweep","floor":18},{"not_picked":["Acrobatics"],"picked":"Catalyst","floor":19},{"not_picked":["Dodge and Roll","Caltrops+1"],"picked":"SKIP","floor":21}],"player_experience":915362,"relics_obtained":[{"floor":7,"key":"Shovel"},{"floor":9,"key":"Dead Branch"}],"event_choices":[{"damage_healed":0,"gold_gain":75,"player_choice":"Touch","damage_taken":7,"max_hp_gain":0,"max_hp_loss":0,"event_name":"FaceTrader","floor":4,"gold_loss":0},{"damage_healed":0,"gold_gain":0,"cards_transformed":["Sucker Punch"],"player_choice":"Transformed","damage_taken":0,"max_hp_gain":0,"max_hp_loss":0,"event_name":"Transmorgrifier","floor":13,"gold_loss":0,"cards_obtained":["Expertise"]},{"damage_healed":0,"gold_gain":0,"player_choice":"Upgraded","damage_taken":0,"max_hp_gain":0,"max_hp_loss":0,"event_name":"Upgrade Shrine","floor":20,"gold_loss":0,"cards_upgraded":["Bouncing Flask"]}],"is_beta":false,"boss_relics":[{"not_picked":["WristBlade","Snecko Eye"],"picked":"Runic Pyramid"}],"items_purged_floors":[],"is_endless":false,"potions_floor_spawned":[7,10,11,16,19],"killed_by":"Snecko","ascension_level":0}