{"gold_per_floor":[217,229,229,120,140,140,171,181,181,195,207,240,240,252,252,252],"floor_reached":16,"playtime":765,"items_purged":[],"score":154,"play_id":"1a6938bc-5eeb-4cb8-b179-7b295d569774","local_time":"20190412170305","is_ascension_mode":true,"campfire_choices":[{"data":"Neutralize","floor":6,"key":"SMITH"},{"data":"Footwork","floor":13,"key":"SMITH"},{"data":"Footwork","floor":15,"key":"SMITH"}],"neow_cost":"NONE","seed_source_timestamp":5958855584426,"circlet_count":0,"master_deck":["Defend_G","Defend_G","Defend_G","Defend_G","Defend_G","Strike_G","Strike_G","Strike_G","Strike_G","Strike_G","Survivor","Neutralize+1","Footwork+1","Backstab","Footwork+1","Sucker Punch","Flying Knee","PiercingWail","Quick Slash","Flying Knee"],"relics":["Ring of the Snake","Lantern","Anchor","Bottled Tornado"],"potions_floor_usage":[12,16,16,16],"damage_taken":[{"damage":0,"enemies":"Small Slimes","floor":1,"turns":5},{"damage":3,"enemies":"Cultist","floor":2,"turns":5},{"damage":0,"enemies":"2 Louse","floor":5,"turns":4},{"damage":27,"enemies":"Lagavulin","floor":7,"turns":11},{"damage":1,"enemies":"Looter","floor":8,"turns":3},{"damage":0,"enemies":"Gremlin Gang","floor":10,"turns":5},{"damage":0,"enemies":"Exordium Wildlife","floor":11,"turns":4},{"damage":16,"enemies":"Gremlin Nob","floor":12,"turns":5},{"damage":0,"enemies":"Blue Slaver","floor":14,"turns":4},{"damage":18,"enemies":"Hexaghost","floor":16,"turns":16}],"seed_played":"4382306249451651374","potions_obtained":[{"floor":1,"key":"FairyPotion"},{"floor":2,"key":"Regen Potion"},{"floor":8,"key":"AttackPotion"},{"floor":11,"key":"EssenceOfSteel"},{"floor":12,"key":"SpeedPotion"},{"floor":14,"key":"GhostInAJar"}],"is_trial":false,"path_per_floor":["M","M","?","$","M","R","E","M","T","M","M","E","R","M","R","B"],"character_chosen":"THE_SILENT","items_purchased":["Backstab","Footwork"],"campfire_rested":0,"item_purchase_floors":[4,4],"current_hp_per_floor":[63,60,60,60,60,60,33,32,32,32,32,16,16,16,16,0],"gold":252,"neow_bonus":"HUNDRED_GOLD","is_prod":false,"is_daily":false,"chose_seed":false,"campfire_upgraded":3,"win_rate":0,"timestamp":1555099385,"path_taken":["M","M","?","$","M","R","E","M","T","M","?","E","R","M","R","BOSS"],"build_version":"2019-01-23","purchased_purges":0,"victory":false,"max_hp_per_floor":[70,70,70,70,70,70,70,70,70,70,70,70,70,70,70,70],"card_choices":[{"not_picked":["Bouncing Flask","Cloak And Dagger"],"picked":"Footwork","floor":1},{"not_picked":["Catalyst","Deadly Poison","Terror"],"picked":"SKIP","floor":2},{"not_picked":["Backflip","Dagger Spray"],"picked":"Sucker Punch","floor":5},{"not_picked":["Grand Finale","Poisoned Stab","Blur"],"picked":"SKIP","floor":7},{"not_picked":["PiercingWail","Deadly Poison"],"picked":"Flying Knee","floor":8},{"not_picked":["Quick Slash","Dodge and Roll"],"picked":"PiercingWail","floor":10},{"not_picked":["Prepared","Outmaneuver"],"picked":"Quick Slash","floor":11},{"not_picked":["Poisoned Stab","Deadly Poison"],"picked":"Flying Knee","floor":12},{"not_picked":["Dagger Throw","Riddle With Holes","Outmaneuver"],"picked":"SKIP","floor":14}],"player_experience":620704,"relics_obtained":[{"floor":7,"key":"Lantern"},{"floor":9,"key":"Anchor"},{"floor":12,"key":"Bottled Tornado"}],"event_choices":[{"damage_healed":0,"gold_gain":0,"player_choice":"Bought 0 Potions","damage_taken":0,"max_hp_gain":0,"max_hp_loss":0,"event_name":"The Woman in Blue","floor":3,"gold_loss":0}],"is_beta":false,"boss_relics":[],"items_purged_floors":[],"is_endless":false,"potions_floor_spawned":[1,2,8,11,12,14],"killed_by":"Hexaghost","ascension_level":7}