{"gold_per_floor":[116,134,134,84,259,259,273,328,403,403,437,450,220,220,220,316,316,300,312,331,347,366,366,366],"floor_reached":24,"playtime":652,"items_purged":["Doubt"],"score":208,"play_id":"d6f0eb58-bc11-46d1-9b87-92d0547c4060","local_time":"20190325001358","is_ascension_mode":true,"campfire_choices":[{"data":"Zap","floor":6,"key":"SMITH"},{"data":"Hyperbeam","floor":15,"key":"SMITH"},{"data":"Redo","floor":23,"key":"SMITH"}],"neow_cost":"NONE","seed_source_timestamp":528275381875099,"circlet_count":0,"master_deck":["Strike_B","Defend_B","Defend_B","Defend_B","Defend_B","Zap+1","Dualcast","Capacitor","Redo+1","Scrape","Hyperbeam+1","Meteor Strike","Conserve Battery+1"],"relics":["Cracked Core","NeowsBlessing","Art of War","Pantograph","Gremlin Horn","Girya","Omamori","Cursed Key"],"potions_floor_usage":[11,19,21,22],"damage_taken":[{"damage":0,"enemies":"Jaw Worm","floor":1,"turns":1},{"damage":0,"enemies":"Small Slimes","floor":2,"turns":1},{"damage":0,"enemies":"Cultist","floor":7,"turns":1},{"damage":13,"enemies":"3 Sentries","floor":11,"turns":8},{"damage":10,"enemies":"2 Fungi Beasts","floor":12,"turns":3},{"damage":31,"enemies":"Slime Boss","floor":16,"turns":6},{"damage":31,"enemies":"2 Thieves","floor":18,"turns":4},{"damage":10,"enemies":"3 Byrds","floor":19,"turns":3},{"damage":12,"enemies":"3 Cultists","floor":20,"turns":3},{"damage":13,"enemies":"Shelled Parasite and Fungi","floor":21,"turns":3},{"damage":0,"enemies":"Sentry and Sphere","floor":22,"turns":3},{"damage":27,"enemies":"Slavers","floor":24,"turns":2}],"seed_played":"6858703427434003042","potions_obtained":[{"floor":7,"key":"Block Potion"},{"floor":11,"key":"Regen Potion"},{"floor":16,"key":"PowerPotion"},{"floor":21,"key":"Regen Potion"},{"floor":22,"key":"Dexterity Potion"}],"is_trial":false,"path_per_floor":["M","M","?","?","?","R","M","T","T","?","E","M","$","?","R","B",null,"M","M","M","M","M","R","E"],"character_chosen":"DEFECT","items_purchased":["Omamori"],"campfire_rested":0,"item_purchase_floors":[13],"current_hp_per_floor":[75,75,75,75,75,75,75,75,75,68,55,45,45,45,45,39,75,44,34,22,18,27,27,0],"gold":366,"neow_bonus":"THREE_ENEMY_KILL","is_prod":false,"is_daily":false,"chose_seed":false,"campfire_upgraded":3,"win_rate":0,"timestamp":1553498038,"path_taken":["M","M","?","?","?","R","?","?","T","?","E","M","$","?","R","BOSS","M","?","M","M","M","R","E"],"build_version":"2019-01-23","purchased_purges":1,"victory":false,"max_hp_per_floor":[75,75,75,75,75,75,75,75,75,75,75,75,75,75,75,75,75,75,75,75,75,75,75,75],"card_choices":[{"not_picked":["Compile Driver","Genetic Algorithm"],"picked":"Capacitor","floor":1},{"not_picked":["Hologram","Conserve Battery"],"picked":"Redo","floor":2},{"not_picked":["Self Repair","Consume","Scrape"],"picked":"SKIP","floor":7},{"not_picked":["Self Repair","Consume"],"picked":"Scrape","floor":7},{"not_picked":["Reinforced Body","Beam Cell","Steam"],"picked":"SKIP","floor":11},{"not_picked":["Force Field","Beam Cell"],"picked":"Hyperbeam","floor":12},{"not_picked":["Reboot","All For One"],"picked":"Meteor Strike","floor":16},{"not_picked":["BootSequence","Cold Snap"],"picked":"Conserve Battery+1","floor":18},{"not_picked":["Leap","Double Energy+1","Gash"],"picked":"SKIP","floor":19},{"not_picked":["Stack","Hello World+1","BootSequence"],"picked":"SKIP","floor":20},{"not_picked":["Streamline","Steam","Cold Snap"],"picked":"SKIP","floor":21},{"not_picked":["Leap","Coolheaded","Doom and Gloom"],"picked":"SKIP","floor":22}],"player_experience":836651,"relics_obtained":[{"floor":8,"key":"Art of War"},{"floor":9,"key":"Pantograph"},{"floor":11,"key":"Girya"}],"event_choices":[{"cards_removed":["Strike_B"],"damage_healed":0,"gold_gain":0,"player_choice":"Forget","damage_taken":0,"max_hp_gain":0,"max_hp_loss":0,"event_name":"Living Wall","floor":3,"gold_loss":0},{"cards_removed":["Strike_B"],"damage_healed":0,"gold_gain":0,"player_choice":"Card Removal","damage_taken":0,"max_hp_gain":0,"max_hp_loss":0,"event_name":"The Cleric","floor":4,"gold_loss":50},{"damage_healed":0,"gold_gain":175,"player_choice":"AGREE","damage_taken":0,"max_hp_gain":0,"max_hp_loss":0,"event_name":"Liars Game","floor":5,"gold_loss":0,"cards_obtained":["Doubt"]},{"damage_healed":0,"gold_gain":0,"player_choice":"Success","damage_taken":7,"relics_obtained":["Gremlin Horn"],"max_hp_gain":0,"max_hp_loss":0,"event_name":"Scrap Ooze","floor":10,"gold_loss":0},{"cards_removed":["Strike_B"],"damage_healed":0,"gold_gain":0,"player_choice":"Purged","damage_taken":0,"max_hp_gain":0,"max_hp_loss":0,"event_name":"Purifier","floor":14,"gold_loss":0}],"is_beta":false,"boss_relics":[{"not_picked":["Runic Dome","Black Star"],"picked":"Cursed Key"}],"items_purged_floors":[13],"is_endless":false,"potions_floor_spawned":[7,11,16,21,22],"killed_by":"Slavers","ascension_level":1}