{"gold_per_floor":[116,136,136,311,311,329,354,369,369,386,412,487,501,511,511,613,613,632,632,658,658,674,674,689,723,749,264,264,264,35,70,70,167,167,178,6,17,33,33,67,289,316,316,416,448,448,478,492,492,492,492,492,0,33,33],"floor_reached":56,"playtime":5083,"items_purged":["Regret","Strike_G"],"score":1572,"play_id":"3ecf2129-9fc9-4477-9867-77d46e731f5c","local_time":"20190214212640","is_ascension_mode":true,"campfire_choices":[{"floor":15,"key":"REST"},{"floor":23,"key":"REST"},{"floor":29,"key":"REST"},{"data":"Neutralize","floor":32,"key":"SMITH"},{"floor":46,"key":"RECALL"},{"data":"Wraith Form v2","floor":49,"key":"SMITH"},{"data":"Prepared","floor":52,"key":"SMITH"}],"neow_cost":"NONE","seed_source_timestamp":2658457940226600,"circlet_count":0,"master_deck":["Defend_G","Defend_G+1","Defend_G","Defend_G","Defend_G+1","Strike_G+1","Strike_G","Strike_G","Strike_G","Survivor","Sucker Punch+1","Sucker Punch","Dagger Throw","Underhanded Strike","Backflip","Well Laid Plans","Prepared+1","Heel Hook","Deflect","Corpse Explosion","Deflect+1","Sucker Punch+1","Crippling Poison","Bouncing Flask","Quick Slash+1","Calculated Gamble","Riddle With Holes+1","Wraith Form v2+1","Underhanded Strike+1","Slice+1","Dash+1","Burst","Terror","Doppelganger","Cloak And Dagger+1","Cloak And Dagger+1","Envenom","Prepared+1","Wraith Form v2+1","Caltrops","Blur","Quick Slash+1"],"relics":["Philosopher\u0027s Stone","Potion Belt","Thread and Needle","Matryoshka","Pantograph","White Beast Statue","Enchiridion","Red Mask","MutagenicStrength","Bag of Marbles","Molten Egg 2","War Paint","Paper Crane","Toy Ornithopter","Ice Cream","Coffee Dripper","Vajra","Pen Nib","Dodecahedron","Bag of Preparation","The Specimen","Regal Pillow","Snake Skull","DollysMirror","Whetstone"],"potions_floor_usage":[7,7,11,11,16,16,16,16,16,16,18,20,24,24,24,25,25,31,31,31,33,33,38,40,40,42,42,48,50,50,50,54,54,54,54,54,55,55,55],"damage_taken":[{"damage":0,"enemies":"Small Slimes","floor":1,"turns":3},{"damage":0,"enemies":"2 Louse","floor":2,"turns":2},{"damage":0,"enemies":"Cultist","floor":6,"turns":4},{"damage":17,"enemies":"Lagavulin","floor":7,"turns":4},{"damage":1,"enemies":"2 Fungi Beasts","floor":8,"turns":4},{"damage":2,"enemies":"Large Slime","floor":10,"turns":5},{"damage":2,"enemies":"3 Sentries","floor":11,"turns":10},{"damage":0,"enemies":"Looter","floor":13,"turns":3},{"damage":9,"enemies":"3 Louse","floor":14,"turns":3},{"damage":7,"enemies":"Slime Boss","floor":16,"turns":8},{"damage":26,"enemies":"Spheric Guardian","floor":18,"turns":6},{"damage":1,"enemies":"Masked Bandits","floor":20,"turns":2},{"damage":22,"enemies":"Chosen","floor":22,"turns":5},{"damage":15,"enemies":"Centurion and Healer","floor":24,"turns":5},{"damage":4,"enemies":"Book of Stabbing","floor":25,"turns":5},{"damage":0,"enemies":"Slavers","floor":31,"turns":5},{"damage":8,"enemies":"Collector","floor":33,"turns":8},{"damage":2,"enemies":"3 Shapes","floor":35,"turns":3},{"damage":0,"enemies":"Orb Walker","floor":37,"turns":2},{"damage":16,"enemies":"Writhing Mass","floor":38,"turns":5},{"damage":0,"enemies":"Giant Head","floor":40,"turns":9},{"damage":8,"enemies":"Reptomancer","floor":42,"turns":6},{"damage":0,"enemies":"Mind Bloom Boss Battle","floor":44,"turns":5},{"damage":0,"enemies":"Giant Head","floor":45,"turns":5},{"damage":0,"enemies":"Reptomancer","floor":47,"turns":4},{"damage":0,"enemies":"Spire Growth","floor":48,"turns":3},{"damage":29,"enemies":"Time Eater","floor":50,"turns":11},{"damage":17,"enemies":"Shield and Spear","floor":54,"turns":4},{"damage":43,"enemies":"The Heart","floor":55,"turns":7}],"seed_played":"-2591407832627517704","potions_obtained":[{"floor":5,"key":"AttackPotion"},{"floor":5,"key":"Regen Potion"},{"floor":5,"key":"FearPotion"},{"floor":6,"key":"EntropicBrew"},{"floor":7,"key":"AttackPotion"},{"floor":8,"key":"Fire Potion"},{"floor":11,"key":"Ancient Potion"},{"floor":13,"key":"SneckoOil"},{"floor":18,"key":"SkillPotion"},{"floor":20,"key":"Poison Potion"},{"floor":22,"key":"Explosive Potion"},{"floor":24,"key":"Block Potion"},{"floor":25,"key":"SpeedPotion"},{"floor":31,"key":"AttackPotion"},{"floor":33,"key":"FearPotion"},{"floor":35,"key":"LiquidBronze"},{"floor":38,"key":"LiquidBronze"},{"floor":40,"key":"EntropicBrew"},{"floor":42,"key":"Fire Potion"},{"floor":44,"key":"EssenceOfSteel"},{"floor":45,"key":"Poison Potion"},{"floor":48,"key":"GhostInAJar"},{"floor":54,"key":"PowerPotion"}],"is_trial":false,"path_per_floor":["M","M","?","?","?","M","E","M","T","M","E","?","M","M","R","B",null,"M","?","?","?","M","R","M","E","T","$","?","R","$","E","R","B",null,"M","$","M","M","?","E","?","E","T","?","E","R","E","M","R","B",null,"R","$","E","B",null],"character_chosen":"THE_SILENT","items_purchased":["EntropicBrew","Paper Crane","Quick Slash+1","Toy Ornithopter","Calculated Gamble","Vajra","Slice+1","DollysMirror","Caltrops","Blur","PowerPotion"],"campfire_rested":3,"item_purchase_floors":[27,27,27,30,30,36,36,53,53,53,53],"current_hp_per_floor":[70,70,70,70,70,70,53,52,52,50,63,52,52,43,64,63,70,44,28,27,27,5,26,11,7,7,7,7,28,28,57,57,62,70,68,68,68,54,54,64,64,62,62,70,70,70,70,70,70,51,70,70,70,53,28],"gold":33,"neow_bonus":"BOSS_RELIC","is_prod":false,"is_daily":false,"chose_seed":false,"campfire_upgraded":3,"win_rate":0,"timestamp":1550204800,"path_taken":["M","M","?","?","?","M","E","?","T","M","E","?","M","M","R","BOSS","M","?","?","?","M","R","?","E","T","$","?","R","$","E","R","BOSS","M","?","M","?","?","E","?","E","T","?","E","R","E","M","R","BOSS","R","$","E","BOSS"],"build_version":"2019-02-06","purchased_purges":2,"victory":true,"max_hp_per_floor":[70,70,70,70,70,70,70,70,70,70,70,70,70,70,70,70,70,70,70,70,70,70,70,70,70,70,70,70,70,70,70,70,70,70,70,70,70,70,70,70,70,70,70,70,70,70,70,70,70,70,70,70,70,70,70],"card_choices":[{"not_picked":["Slice","Flying Knee"],"picked":"Sucker Punch","floor":1},{"not_picked":["Poisoned Stab","Dagger Throw"],"picked":"Sucker Punch","floor":2},{"not_picked":["Endless Agony","Outmaneuver"],"picked":"Dagger Throw","floor":6},{"not_picked":["Blade Dance","Bane"],"picked":"Underhanded Strike","floor":7},{"not_picked":["Flechettes","Poisoned Stab"],"picked":"Backflip","floor":8},{"not_picked":["Bane","A Thousand Cuts"],"picked":"Well Laid Plans","floor":10},{"not_picked":["Unload","Flying Knee"],"picked":"Prepared","floor":11},{"not_picked":["Underhanded Strike","Dagger Spray"],"picked":"Heel Hook","floor":13},{"not_picked":["Bane","Slice"],"picked":"Deflect","floor":14},{"not_picked":["Grand Finale","Wraith Form v2"],"picked":"Corpse Explosion","floor":16},{"not_picked":["PiercingWail","Finisher"],"picked":"Deflect+1","floor":18},{"not_picked":["Flying Knee","Calculated Gamble"],"picked":"Sucker Punch+1","floor":20},{"not_picked":["Unload","Deadly Poison"],"picked":"Crippling Poison","floor":22},{"not_picked":["Outmaneuver","Deadly Poison","Endless Agony"],"picked":"SKIP","floor":24},{"not_picked":["Prepared","Endless Agony+1"],"picked":"Bouncing Flask","floor":25},{"not_picked":["Finisher+1","Deflect"],"picked":"Riddle With Holes+1","floor":31},{"not_picked":["Corpse Explosion","After Image"],"picked":"Wraith Form v2","floor":33},{"not_picked":["Masterful Stab+1","Slice+1"],"picked":"Underhanded Strike+1","floor":35},{"not_picked":["Riddle With Holes+1","Calculated Gamble"],"picked":"Dash+1","floor":37},{"not_picked":["Bane+1","Deadly Poison"],"picked":"Burst","floor":38},{"not_picked":["PiercingWail","Heel Hook+1"],"picked":"Terror","floor":40},{"not_picked":["Phantasmal Killer","All Out Attack+1"],"picked":"Doppelganger","floor":42},{"not_picked":["Bouncing Flask","Quick Slash+1"],"picked":"Cloak And Dagger+1","floor":44},{"not_picked":["Deflect","Finisher+1"],"picked":"Cloak And Dagger+1","floor":45},{"not_picked":["Poisoned Stab+1","Corpse Explosion"],"picked":"Envenom","floor":47},{"not_picked":["Outmaneuver","Dodge and Roll"],"picked":"Prepared+1","floor":48},{"not_picked":["Deflect+1","Flying Knee+1"],"picked":"Quick Slash+1","floor":54}],"player_experience":515792,"relics_obtained":[{"floor":7,"key":"Thread and Needle"},{"floor":9,"key":"Matryoshka"},{"floor":11,"key":"Pantograph"},{"floor":19,"key":"Enchiridion"},{"floor":20,"key":"Red Mask"},{"floor":25,"key":"Bag of Marbles"},{"floor":26,"key":"Molten Egg 2"},{"floor":26,"key":"War Paint"},{"floor":31,"key":"Ice Cream"},{"floor":40,"key":"Pen Nib"},{"floor":42,"key":"Dodecahedron"},{"floor":43,"key":"Bag of Preparation"},{"floor":44,"key":"The Specimen"},{"floor":45,"key":"Regal Pillow"},{"floor":47,"key":"Snake Skull"},{"floor":54,"key":"Whetstone"}],"event_choices":[{"damage_healed":0,"gold_gain":0,"player_choice":"Box","damage_taken":0,"relics_obtained":["Potion Belt"],"max_hp_gain":0,"max_hp_loss":0,"event_name":"Big Fish","floor":3,"gold_loss":0,"cards_obtained":["Regret"]},{"damage_healed":0,"gold_gain":175,"player_choice":"AGREE","damage_taken":0,"max_hp_gain":0,"max_hp_loss":0,"event_name":"Liars Game","floor":4,"gold_loss":0,"cards_obtained":["Doubt"]},{"damage_healed":0,"gold_gain":0,"player_choice":"Got Potions","damage_taken":0,"max_hp_gain":0,"max_hp_loss":0,"event_name":"Lab","floor":5,"gold_loss":0},{"damage_healed":0,"gold_gain":75,"player_choice":"Gather Gold","damage_taken":11,"max_hp_gain":0,"max_hp_loss":0,"event_name":"World of Goop","floor":12,"gold_loss":0},{"damage_healed":0,"gold_gain":0,"player_choice":"Obtained Book","damage_taken":16,"max_hp_gain":0,"max_hp_loss":0,"event_name":"Cursed Tome","floor":19,"gold_loss":0},{"damage_healed":0,"gold_gain":0,"player_choice":"Fought Bandits","damage_taken":0,"max_hp_gain":0,"max_hp_loss":0,"event_name":"Masked Bandits","floor":20,"gold_loss":0},{"damage_healed":0,"gold_gain":0,"player_choice":"Inject Mutagens","damage_taken":0,"relics_obtained":["MutagenicStrength"],"max_hp_gain":0,"max_hp_loss":0,"event_name":"Drug Dealer","floor":21,"gold_loss":0},{"cards_removed":["Doubt"],"damage_healed":0,"gold_gain":0,"player_choice":"Removed Curses","damage_taken":0,"max_hp_gain":0,"max_hp_loss":0,"event_name":"Fountain of Cleansing","floor":28,"gold_loss":0},{"cards_removed":["Neutralize"],"damage_healed":0,"gold_gain":0,"player_choice":"Removed Attack","damage_taken":0,"max_hp_gain":0,"max_hp_loss":0,"event_name":"Falling","floor":39,"gold_loss":0},{"damage_healed":0,"gold_gain":222,"player_choice":"Wore Mask","damage_taken":0,"max_hp_gain":0,"max_hp_loss":0,"event_name":"Tomb of Lord Red Mask","floor":41,"gold_loss":0},{"damage_healed":0,"gold_gain":0,"player_choice":"Fight","damage_taken":0,"max_hp_gain":0,"max_hp_loss":0,"event_name":"MindBloom","floor":44,"gold_loss":0}],"is_beta":true,"boss_relics":[{"not_picked":["Calling Bell","HoveringKite"],"picked":"White Beast Statue"},{"not_picked":["Lizard Tail","Empty Cage"],"picked":"Coffee Dripper"}],"items_purged_floors":[27,53],"is_endless":false,"potions_floor_spawned":[6,7,8,11,13,18,20,22,24,25,31,33,35,37,38,40,42,44,45,47,48,54],"ascension_level":2}