{"gold_per_floor":[109,121,141,4,16,46,46,60,60,70,70,70],"floor_reached":12,"playtime":404,"items_purged":[],"score":160,"play_id":"ff5c0774-121b-4e44-bf8f-03699cec0e3e","local_time":"20181217141235","is_ascension_mode":true,"campfire_choices":[{"floor":7,"key":"REST"},{"data":"Fusion","floor":11,"key":"SMITH"}],"neow_cost":"NONE","seed_source_timestamp":0,"circlet_count":0,"master_deck":["AscendersBane","Strike_B","Strike_B","Strike_B","Strike_B","Defend_B","Defend_B","Defend_B","Defend_B","Zap","Dualcast","Echo Form","Coolheaded","Rip and Tear","Conserve Battery","Cold Snap","Blizzard","Capacitor","Tempest","Leap","Fusion+1"],"special_seed":0,"relics":["Cracked Core","Girya","Molten Egg 2"],"potions_floor_usage":[6,6],"damage_taken":[{"damage":9.0,"enemies":"2 Louse","floor":1.0,"turns":3.0},{"damage":5.0,"enemies":"Jaw Worm","floor":2.0,"turns":5.0},{"damage":5.0,"enemies":"Small Slimes","floor":3.0,"turns":5.0},{"damage":14.0,"enemies":"3 Louse","floor":5.0,"turns":4.0},{"damage":20,"enemies":"Lagavulin","floor":6,"turns":6},{"damage":4,"enemies":"Blue Slaver","floor":8,"turns":5},{"damage":21,"enemies":"Exordium Thugs","floor":10,"turns":7},{"damage":7,"enemies":"3 Louse","floor":12,"turns":1}],"seed_played":"5836739136351270120","potions_obtained":[{"floor":1.0,"key":"Swift Potion"},{"floor":2.0,"key":"AttackPotion"},{"floor":10,"key":"Strength Potion"}],"is_trial":false,"path_per_floor":["M","M","M","$","M","E","R","M","T","M","R","M"],"character_chosen":"DEFECT","items_purchased":["Cold Snap","Blizzard"],"campfire_rested":1,"item_purchase_floors":[4,4],"current_hp_per_floor":[55,50,45,45,31,11,32,28,28,7,7,0],"gold":70,"neow_bonus":"ONE_RANDOM_RARE_CARD","is_prod":false,"is_daily":false,"chose_seed":false,"campfire_upgraded":1,"win_rate":0,"timestamp":1545052355,"path_taken":["M","M","M","$","M","E","R","M","T","M","R","M"],"build_version":"2018-12-13","purchased_purges":0,"victory":false,"max_hp_per_floor":[71,71,71,71,71,71,71,71,71,71,71,71],"card_choices":[{"not_picked":["Heatsinks","Steam Power"],"picked":"Coolheaded","floor":1.0},{"not_picked":["Gash","Steam"],"picked":"Rip and Tear","floor":2.0},{"not_picked":["BootSequence","Sweeping Beam"],"picked":"Conserve Battery","floor":3.0},{"not_picked":["Reprogram","Conserve Battery"],"picked":"Capacitor","floor":5.0},{"not_picked":["Go for the Eyes","Streamline"],"picked":"Tempest","floor":6},{"not_picked":["Stack","Reinforced Body"],"picked":"Leap","floor":8},{"not_picked":["Barrage+1","Hologram"],"picked":"Fusion","floor":10}],"player_experience":985168,"relics_obtained":[{"floor":6,"key":"Girya"},{"floor":9,"key":"Molten Egg 2"}],"event_choices":[],"is_beta":false,"boss_relics":[],"items_purged_floors":[],"is_endless":false,"potions_floor_spawned":[1,2,10],"killed_by":"3 Louse","ascension_level":19}