{"path_per_floor":["M","M","M","T","M","R","M","E","T","M","R","?","E","M","R","B",null,"M","$","M","T","?","E","R","T","T","?","T","?","M","E","R","B",null,"M","?","M","M","?","R","T","R","T","M","?","M","E","M","R","B"],"character_chosen":"IRONCLAD","items_purchased":["Seeing Red","Shrug It Off","Twin Strike","Uppercut"],"gold_per_floor":[10,21,41,41,53,53,68,97,124,140,140,140,168,179,179,282,282,294,16,32,57,57,121,121,121,145,45,45,45,62,89,89,194,194,214,260,272,282,282,282,282,282,363,378,378,389,424,438,438,438],"floor_reached":51,"campfire_rested":3,"playtime":6571,"current_hp_per_floor":[78,78,80,80,80,80,80,80,80,64,64,64,36,42,42,16,80,72,72,69,69,29,25,64,64,64,64,64,64,49,47,80,49,80,80,57,51,48,38,38,38,77,77,66,66,79,63,56,56,25],"items_purged":["Normality"],"gold":438,"score":578,"play_id":"42a59f4f-a5f4-488e-8e45-2f5141c367a0","is_prod":false,"is_daily":false,"is_ascension_mode":false,"campfire_upgraded":2,"path_taken":["M","M","M","?","M","R","M","E","T","M","R","?","E","?","R","BOSS","M","$","M","?","?","E","R","?","T","?","?","?","M","E","R","BOSS","M","?","M","M","?","R","?","R","T","M","?","M","E","M","R","BOSS"],"build_version":"2018-02-12-PROD1","purchased_purges":1,"victory":true,"master_deck":["Strike_R","Strike_R","Strike_R","Strike_R","Strike_R","Defend_R","Defend_R","Defend_R","Bash","Inflame","Cleave","Sword Boomerang","Armaments+1","Battle Trance","Dropkick","Infernal Blade+1","Twin Strike","Shrug It Off","Barricade","Uppercut+1","Seeing Red","Shrug It Off","Twin Strike","Uppercut","Iron Wave","Good Instincts","Swift Strike","Jack Of All Trades","Bandage Up","Body Slam","J.A.X.","Infernal Blade","Body Slam","Flex","Reaper","Spot Weakness","Iron Wave+1","Iron Wave","Armaments+1","Madness","Madness","Feel No Pain","Warcry+1","Iron Wave","Flame Barrier"],"max_hp_per_floor":[80,80,80,80,80,80,80,80,80,80,80,80,80,80,80,80,80,80,80,80,80,80,80,80,80,80,80,80,80,80,80,80,80,80,80,80,80,80,80,80,80,80,80,80,80,80,80,80,80,80],"relics":["Burning Blood","Champion Belt","Sundial","Regal Pillow","Oddly Smooth Stone","Ginger","Girya","White Beast Statue","Juzu Bracelet","Tiny Chest","Charon\u0027s Ashes","Bronze Scales","Meat on the Bone","Orichalcum","Runic Cube","Frozen Eye","Happy Flower","Dodecahedron","Du-Vu Doll"],"card_choices":[{"not_picked":["Clothesline","Pummel"],"picked":"Inflame"},{"not_picked":["Power Through","Armaments"],"picked":"Cleave"},{"not_picked":["Corruption","Heavy Blade"],"picked":"Sword Boomerang"},{"not_picked":["Dual Wield","Flex"],"picked":"Armaments"},{"not_picked":["Thunderclap","Blood for Blood"],"picked":"Battle Trance"},{"not_picked":["Burning Pact","Flex"],"picked":"Dropkick"},{"not_picked":["Shrug It Off","Searing Blow"],"picked":"Infernal Blade"},{"not_picked":["Barricade","Clash"],"picked":"Twin Strike"},{"not_picked":["Body Slam","Cleave"],"picked":"Shrug It Off"},{"not_picked":["Double Tap","Limit Break"],"picked":"Barricade"},{"not_picked":["Combust","Rampage"],"picked":"Uppercut"},{"not_picked":["Battle Trance","Uppercut"],"picked":"Iron Wave"},{"not_picked":["Armaments","Combust"],"picked":"Body Slam"},{"not_picked":["Clash","Feel No Pain"],"picked":"Body Slam"},{"not_picked":["Body Slam","Anger"],"picked":"Flex"},{"not_picked":["Berserk","Bludgeon"],"picked":"Reaper"},{"not_picked":["Twin Strike","Armaments"],"picked":"Spot Weakness"},{"not_picked":["Dropkick","Pommel Strike"],"picked":"Iron Wave"},{"not_picked":["Rampage","Uppercut"],"picked":"Iron Wave"},{"not_picked":["Twin Strike","Thunderclap"],"picked":"Armaments"},{"not_picked":["Disarm","Perfected Strike"],"picked":"Feel No Pain"},{"not_picked":["Fire Breathing","Headbutt"],"picked":"Warcry"},{"not_picked":["True Grit","Brutality"],"picked":"Iron Wave"},{"not_picked":["Burning Pact","Anger"],"picked":"Flame Barrier"}],"player_experience":86921,"potions_floor_usage":[7,8,13,18,23,31,31,33,36,36,36,38,46,47,47,50,50,50],"damage_taken":[{"damage":8,"enemies":"Blue Slaver","floor":1,"turns":7},{"damage":6,"enemies":"Jaw Worm","floor":2,"turns":3},{"damage":1,"enemies":"Cultist","floor":3,"turns":3},{"damage":2,"enemies":"Looter","floor":5,"turns":3},{"damage":1,"enemies":"Red Slaver","floor":7,"turns":3},{"damage":6,"enemies":"Lagavulin","floor":8,"turns":4},{"damage":22,"enemies":"Lots of Slimes","floor":10,"turns":4},{"damage":40,"enemies":"Gremlin Nob","floor":13,"turns":5},{"damage":0,"enemies":"3 Louse","floor":14,"turns":2},{"damage":32,"enemies":"Slime Boss","floor":16,"turns":10},{"damage":14,"enemies":"2 Thieves","floor":18,"turns":4},{"damage":9,"enemies":"Shell Parasite","floor":20,"turns":4},{"damage":19,"enemies":"Book of Stabbing","floor":23,"turns":4},{"damage":33,"enemies":"Snake Plant","floor":30,"turns":3},{"damage":24,"enemies":"Gremlin Leader","floor":31,"turns":6},{"damage":53,"enemies":"Champ","floor":33,"turns":11},{"damage":16,"enemies":"Orb Walker","floor":35,"turns":3},{"damage":33,"enemies":"Mysterious Sphere","floor":36,"turns":5},{"damage":24,"enemies":"3 Shapes","floor":37,"turns":3},{"damage":25,"enemies":"Sphere and 2 Shapes","floor":38,"turns":5},{"damage":31,"enemies":"4 Shapes","floor":44,"turns":4},{"damage":12,"enemies":"Maw","floor":46,"turns":5},{"damage":22,"enemies":"2 Orb Walkers","floor":47,"turns":4},{"damage":13,"enemies":"3 Darklings","floor":48,"turns":3},{"damage":88,"enemies":"Donu and Deca","floor":50,"turns":10}],"event_choices":[{"event_name":"Accursed Blacksmith","player_choice":"Rummage","floor":12,"damage_taken":0},{"event_name":"Knowing Skull","player_choice":"CARD CARD CARD CARD ","floor":22,"damage_taken":0},{"event_name":"Drug Dealer","player_choice":"Got JAXXED","floor":27,"damage_taken":0},{"event_name":"The Library","player_choice":"Read","floor":29,"damage_taken":0},{"event_name":"Mysterious Sphere","player_choice":"Fight","floor":36,"damage_taken":0},{"event_name":"Winding Halls","player_choice":"Embrace Madness","floor":39,"damage_taken":0}],"boss_relics":[{"not_picked":["Velvet Choker","Philosopher\u0027s Stone"],"picked":"White Beast Statue"},{"not_picked":["Tiny House","Sozu"],"picked":"Runic Cube"}],"potions_floor_spawned":[3,5,10,16,18,20,23,30,31,33,35,36,37,38,44,46,47,48],"seed_played":"5147917330236527168","ascension_level":0,"is_trial":false}