{"gold_per_floor":[117,136,136,152,102,102,35,35,115,115,115,143,159,186,186,287,287,298,65,140,140,65,65,94,94,94,94,129,129,159,172,172,269,269,285,285,285,299,319,319,348,348,348,348,348,359,369,401,401,401,401,401,91,119,119],"floor_reached":56,"playtime":4095,"items_purged":[],"score":1411,"play_id":"bbbdca1f-6085-4aa2-8875-9e73604de50b","local_time":"20190327232727","is_ascension_mode":true,"campfire_choices":[{"data":"Clothesline","floor":6,"key":"SMITH"},{"data":"Spot Weakness","floor":10,"key":"SMITH"},{"data":"Evolve","floor":15,"key":"SMITH"},{"data":"Inflame","floor":23,"key":"SMITH"},{"data":"Iron Wave","floor":25,"key":"SMITH"},{"data":"Headbutt","floor":27,"key":"SMITH"},{"floor":29,"key":"REST"},{"floor":32,"key":"RECALL"},{"data":"Strike_R","floor":40,"key":"SMITH"},{"data":"Inflame","floor":45,"key":"SMITH"},{"data":"Defend_R","floor":49,"key":"SMITH"},{"data":"Defend_R","floor":52,"key":"SMITH"}],"neow_cost":"NONE","seed_source_timestamp":25598444808325,"circlet_count":0,"master_deck":["Strike_R+1","Strike_R+1","Strike_R+1","Defend_R+1","Defend_R+1","Defend_R","Defend_R","Bash+1","Clothesline+1","Evolve+1","Spot Weakness+1","Carnage+1","Headbutt+1","Limit Break+1","Iron Wave+1","Double Tap+1","Sword Boomerang+1","Inflame+1","Power Through+1","Warcry+1","Battle Trance+1","Double Tap+1","Dark Shackles+1","Inflame+1","True Grit+1","Shrug It Off+1","Feel No Pain","Transmutation+1","Entrench+1"],"relics":["Burning Blood","Toxic Egg 2","Bag of Preparation","Gambling Chip","Busted Crown","Anchor","Blood Vial","Centennial Puzzle","Red Mask","Sozu","Whetstone","Mummified Hand","Smiling Mask","Mango"],"potions_floor_usage":[16,28,28,55,55,55],"damage_taken":[{"damage":11,"enemies":"Cultist","floor":1,"turns":4},{"damage":4,"enemies":"Jaw Worm","floor":2,"turns":5},{"damage":8,"enemies":"Small Slimes","floor":4,"turns":5},{"damage":28,"enemies":"Lagavulin","floor":12,"turns":6},{"damage":21,"enemies":"3 Louse","floor":13,"turns":4},{"damage":8,"enemies":"Gremlin Nob","floor":14,"turns":3},{"damage":31,"enemies":"Slime Boss","floor":16,"turns":7},{"damage":2,"enemies":"Chosen","floor":18,"turns":3},{"damage":29,"enemies":"Gremlin Leader","floor":24,"turns":6},{"damage":33,"enemies":"Slavers","floor":28,"turns":5},{"damage":0,"enemies":"Masked Bandits","floor":30,"turns":2},{"damage":0,"enemies":"3 Byrds","floor":31,"turns":3},{"damage":25,"enemies":"Collector","floor":33,"turns":5},{"damage":0,"enemies":"Orb Walker","floor":35,"turns":2},{"damage":6,"enemies":"3 Shapes","floor":38,"turns":2},{"damage":1,"enemies":"Jaw Worm Horde","floor":39,"turns":3},{"damage":15,"enemies":"Nemesis","floor":41,"turns":3},{"damage":0,"enemies":"4 Shapes","floor":46,"turns":4},{"damage":0,"enemies":"Writhing Mass","floor":47,"turns":2},{"damage":0,"enemies":"Giant Head","floor":48,"turns":5},{"damage":5,"enemies":"Donu and Deca","floor":50,"turns":4},{"damage":19,"enemies":"Shield and Spear","floor":54,"turns":5},{"damage":82,"enemies":"The Heart","floor":55,"turns":8}],"seed_played":"-1888784171222603702","potions_obtained":[{"floor":12,"key":"Block Potion"},{"floor":13,"key":"FearPotion"},{"floor":16,"key":"PowerPotion"},{"floor":24,"key":"BloodPotion"},{"floor":28,"key":"PowerPotion"},{"floor":31,"key":"Weak Potion"}],"is_trial":false,"path_per_floor":["M","M","?","M","?","R","$","?","T","R","?","E","M","E","R","B",null,"M","$","?","$","$","R","E","R","T","R","E","R","?","M","R","B",null,"M","?","?","M","M","R","E","?","T","?","R","M","M","E","R","B",null,"R","$","E","B",null],"character_chosen":"IRONCLAD","items_purchased":["Carnage","Inflame","Anchor","Power Through+1","Shrug It Off+1","Feel No Pain","Transmutation+1"],"campfire_rested":1,"item_purchase_floors":[7,19,19,22,53,53,53],"current_hp_per_floor":[75,77,77,75,75,75,75,75,75,75,80,58,43,41,41,16,85,85,85,77,77,77,77,54,54,54,54,37,62,70,78,78,61,85,85,85,85,85,85,85,76,76,76,76,76,81,81,81,81,81,81,81,81,82,8],"gold":119,"neow_bonus":"THREE_CARDS","is_prod":false,"is_daily":false,"chose_seed":false,"campfire_upgraded":10,"win_rate":0,"timestamp":1553740047,"path_taken":["M","M","?","?","?","R","?","?","T","R","?","E","M","E","R","BOSS","M","$","?","?","$","R","E","R","T","R","E","R","?","M","R","BOSS","M","?","?","M","?","R","E","?","T","?","R","M","M","E","R","BOSS","R","$","E","BOSS"],"build_version":"2019-01-23","purchased_purges":0,"victory":true,"max_hp_per_floor":[80,80,80,80,80,80,80,80,80,80,85,85,85,85,85,85,85,85,85,85,85,85,85,85,85,85,85,85,85,85,85,85,85,85,85,85,85,85,85,85,85,81,81,81,81,81,81,81,81,81,81,81,81,95,95],"card_choices":[{"not_picked":["Cleave","Carnage"],"picked":"Clothesline","floor":1},{"not_picked":["Blood for Blood","Perfected Strike"],"picked":"Evolve","floor":2},{"not_picked":["Fire Breathing","True Grit"],"picked":"Spot Weakness","floor":4},{"not_picked":["Rupture","Clothesline"],"picked":"Headbutt","floor":12},{"not_picked":["Clothesline","Second Wind+1"],"picked":"Limit Break+1","floor":13},{"not_picked":["Heavy Blade","Clash"],"picked":"Iron Wave","floor":14},{"not_picked":["Juggernaut","Reaper"],"picked":"Double Tap+1","floor":16},{"not_picked":[],"picked":"Sword Boomerang+1","floor":18},{"not_picked":[],"picked":"Warcry+1","floor":24},{"not_picked":[],"picked":"Battle Trance+1","floor":28},{"not_picked":["Wild Strike+1"],"picked":"SKIP","floor":31},{"not_picked":[],"picked":"Double Tap+1","floor":33},{"not_picked":["Dropkick+1"],"picked":"SKIP","floor":35},{"not_picked":[],"picked":"Dark Shackles+1","floor":36},{"not_picked":["Twin Strike"],"picked":"SKIP","floor":38},{"not_picked":["Clash+1"],"picked":"SKIP","floor":39},{"not_picked":[],"picked":"Inflame","floor":41},{"not_picked":["Clash+1"],"picked":"SKIP","floor":46},{"not_picked":["Twin Strike"],"picked":"SKIP","floor":47},{"not_picked":["Perfected Strike+1"],"picked":"SKIP","floor":48},{"not_picked":[],"picked":"Entrench+1","floor":54}],"player_experience":410580,"relics_obtained":[{"floor":9,"key":"Toxic Egg 2"},{"floor":12,"key":"Bag of Preparation"},{"floor":14,"key":"Gambling Chip"},{"floor":24,"key":"Blood Vial"},{"floor":28,"key":"Centennial Puzzle"},{"floor":30,"key":"Red Mask"},{"floor":41,"key":"Whetstone"},{"floor":43,"key":"Mummified Hand"},{"floor":48,"key":"Smiling Mask"},{"floor":54,"key":"Mango"}],"event_choices":[{"damage_healed":0,"gold_gain":0,"player_choice":"Forge","damage_taken":0,"max_hp_gain":0,"max_hp_loss":0,"event_name":"Accursed Blacksmith","floor":3,"gold_loss":0,"cards_upgraded":["Bash"]},{"cards_removed":["Strike_R"],"damage_healed":0,"gold_gain":0,"player_choice":"Card Removal","damage_taken":0,"max_hp_gain":0,"max_hp_loss":0,"event_name":"The Cleric","floor":5,"gold_loss":50},{"damage_healed":0,"gold_gain":0,"player_choice":"Grow","damage_taken":0,"max_hp_gain":0,"max_hp_loss":0,"event_name":"Living Wall","floor":8,"gold_loss":0,"cards_upgraded":["Carnage"]},{"damage_healed":0,"gold_gain":0,"player_choice":"Donut","damage_taken":0,"max_hp_gain":5,"max_hp_loss":0,"event_name":"Big Fish","floor":11,"gold_loss":0},{"damage_healed":0,"gold_gain":75,"player_choice":"Touch","damage_taken":8,"max_hp_gain":0,"max_hp_loss":0,"event_name":"FaceTrader","floor":20,"gold_loss":0},{"damage_healed":0,"gold_gain":0,"player_choice":"Fought Bandits","damage_taken":0,"max_hp_gain":0,"max_hp_loss":0,"event_name":"Masked Bandits","floor":30,"gold_loss":0},{"damage_healed":0,"gold_gain":0,"player_choice":"Memory 1","damage_taken":0,"max_hp_gain":0,"max_hp_loss":0,"event_name":"SensoryStone","floor":36,"gold_loss":0},{"damage_healed":0,"gold_gain":0,"player_choice":"Ignored","damage_taken":0,"max_hp_gain":0,"max_hp_loss":0,"event_name":"Tomb of Lord Red Mask","floor":37,"gold_loss":0},{"damage_healed":0,"gold_gain":0,"player_choice":"Max HP","damage_taken":0,"max_hp_gain":0,"max_hp_loss":4,"event_name":"Winding Halls","floor":42,"gold_loss":0},{"damage_healed":0,"gold_gain":0,"cards_transformed":["Strike_R"],"player_choice":"Transformed","damage_taken":0,"max_hp_gain":0,"max_hp_loss":0,"event_name":"Transmorgrifier","floor":44,"gold_loss":0,"cards_obtained":["True Grit"]}],"is_beta":false,"boss_relics":[{"not_picked":["Runic Pyramid","Runic Dome"],"picked":"Busted Crown"},{"not_picked":["Cursed Key","Lizard Tail"],"picked":"Sozu"}],"items_purged_floors":[],"is_endless":false,"potions_floor_spawned":[12,13,16,24,28,31,38,46,48],"ascension_level":4}