{"gold_per_floor":[217,63,80,98,98,128,141,141,141,141,159,159,4,22,22,120,120,139,65,65,165,165,200,214,225,250,268,282,282],"floor_reached":29,"playtime":2885,"items_purged":["Strike_B"],"score":296,"play_id":"b01118f5-89a8-4795-8006-411e78ad662a","local_time":"20180627212153","is_ascension_mode":true,"campfire_choices":[{"floor":8,"key":"REST"},{"data":"Static Discharge","floor":12,"key":"SMITH"},{"data":"Zap","floor":15,"key":"SMITH"}],"neow_cost":"NONE","seed_source_timestamp":295125414217025,"circlet_count":0,"master_deck":["Strike_B","Strike_B","Defend_B+1","Defend_B","Defend_B+1","Defend_B","Zap+1","Dualcast","Tempest","Static Discharge+1","BootSequence","Go for the Eyes","White Noise","Fusion","Heatsinks","Self Repair","Electrodynamics","Heatsinks","White Noise","Rebound","Cold Snap+1","Force Field+1"],"relics":["Cracked Core","Bottled Tornado","Bottled Lightning","Inserter","The Courier","Singing Bowl"],"potions_floor_usage":[14,16,16,16,23,27,27,29,29],"damage_taken":[{"damage":0,"enemies":"2 Louse","floor":1,"turns":1},{"damage":2,"enemies":"Jaw Worm","floor":3,"turns":3},{"damage":0,"enemies":"Cultist","floor":4,"turns":3},{"damage":30,"enemies":"3 Sentries","floor":6,"turns":6},{"damage":9,"enemies":"3 Louse","floor":7,"turns":3},{"damage":0,"enemies":"Exordium Wildlife","floor":11,"turns":4},{"damage":8,"enemies":"Exordium Thugs","floor":14,"turns":5},{"damage":35,"enemies":"Hexaghost","floor":16,"turns":9},{"damage":3,"enemies":"3 Byrds","floor":18,"turns":3},{"damage":13,"enemies":"Gremlin Leader","floor":23,"turns":7},{"damage":10,"enemies":"Shell Parasite","floor":24,"turns":4},{"damage":12,"enemies":"3 Cultists","floor":25,"turns":2},{"damage":11,"enemies":"Snake Plant","floor":27,"turns":4},{"damage":34,"enemies":"Sentry and Sphere","floor":28,"turns":4},{"damage":30,"floor":29,"turns":3}],"seed_played":"7039404907245665133","potions_obtained":[{"floor":6,"key":"GamblersBrew"},{"floor":7,"key":"EntropicBrew"},{"floor":11,"key":"Regen Potion"},{"floor":16,"key":"Dexterity Potion"},{"floor":18,"key":"Block Potion"},{"floor":24,"key":"SpeedPotion"},{"floor":28,"key":"AttackPotion"}],"is_trial":false,"path_per_floor":["M","$","M","M","?","E","M","R","T","?","M","R","$","M","R","B",null,"M","$","?","?","?","E","M","M","T","M","M"],"character_chosen":"DEFECT","items_purchased":["Static Discharge","BootSequence","Self Repair","Heatsinks"],"campfire_rested":1,"item_purchase_floors":[2,2,13,19],"current_hp_per_floor":[75,75,73,73,78,48,39,63,63,47,47,47,47,55,55,27,80,80,80,80,80,80,74,71,59,59,57,23,0],"gold":282,"neow_bonus":"HUNDRED_GOLD","is_prod":false,"is_daily":false,"chose_seed":false,"campfire_upgraded":2,"win_rate":0,"timestamp":1530148913,"path_taken":["M","$","M","M","?","E","?","R","T","?","M","R","$","M","R","BOSS","M","$","?","?","?","E","M","M","T","M","?","?"],"build_version":"2018-06-21v2","purchased_purges":1,"victory":false,"max_hp_per_floor":[75,75,75,75,80,80,80,80,80,80,80,80,80,80,80,80,80,80,80,80,80,80,80,80,80,80,82,82,82],"card_choices":[{"not_picked":["Barrage","Auto Shields"],"picked":"Tempest","floor":1},{"not_picked":["Sweeping Beam","Gash"],"picked":"Go for the Eyes","floor":3},{"not_picked":["Steam","Barrage"],"picked":"White Noise","floor":4},{"not_picked":["Leap","Gash"],"picked":"Fusion","floor":6},{"not_picked":["Beam Cell","Undo"],"picked":"Heatsinks","floor":7},{"not_picked":["Steam","Redo","Cold Snap"],"picked":"SKIP","floor":11},{"not_picked":["FTL","Hologram","Go for the Eyes"],"picked":"SKIP","floor":14},{"not_picked":["Core Surge","Buffer"],"picked":"Electrodynamics","floor":16},{"not_picked":["Auto Shields+1","Steam","Redo"],"picked":"SKIP","floor":18},{"not_picked":["Ball Lightning","Beam Cell"],"picked":"Rebound","floor":23},{"not_picked":["Chill","Beam Cell+1"],"picked":"Cold Snap+1","floor":24},{"not_picked":["Turbo+1","Steam","Stack"],"picked":"SKIP","floor":25},{"not_picked":["Sweeping Beam+1","Chill","Conserve Battery"],"picked":"Singing Bowl","floor":27},{"not_picked":["Beam Cell","Gash"],"picked":"Force Field+1","floor":28}],"player_experience":555534,"relics_obtained":[{"floor":6,"key":"Bottled Tornado"},{"floor":9,"key":"Bottled Lightning"},{"floor":23,"key":"The Courier"},{"floor":26,"key":"Singing Bowl"}],"event_choices":[{"event_name":"Big Fish","player_choice":"Donut","floor":5,"damage_taken":0},{"event_name":"Shining Light","player_choice":"Entered Light","floor":10,"damage_taken":0},{"event_name":"Back to Basics","player_choice":"Elegance","floor":20,"damage_taken":0},{"event_name":"Golden Shrine","player_choice":"Pray","floor":21,"damage_taken":0},{"event_name":"Duplicator","player_choice":"One dupe","floor":22,"damage_taken":0},{"event_name":"Masked Bandits","player_choice":"Fought over 282 gold","floor":29,"damage_taken":0}],"boss_relics":[{"not_picked":["Sozu","Astrolabe"],"picked":"Inserter"}],"items_purged_floors":[13],"is_endless":false,"potions_floor_spawned":[6,7,11,16,18,24,28],"ascension_level":4}