{"gold_per_floor":[114,124,142,39,39,70,98,110,148,186,198,236,248,286,298,408,420,442,379,168,188,113,113],"floor_reached":23,"playtime":984,"items_purged":["Strike_R"],"score":293,"play_id":"e0c49c82-4303-434e-95b0-1af178e9b890","local_time":"20180823133748","is_ascension_mode":true,"campfire_choices":[{"floor":8,"key":"REST"},{"floor":15,"key":"REST"}],"neow_cost":"NONE","seed_source_timestamp":243100019050118,"circlet_count":0,"master_deck":["Strike_R","Strike_R","Strike_R","Defend_R","Defend_R","Defend_R","Defend_R","Bash","Carnage","Iron Wave+1","Flex+1","Shrug It Off","Armaments","Heavy Blade","Flex","Impervious","Cleave+1","Inflame","Twin Strike"],"relics":["Burning Blood","Bag of Preparation","MawBank","Potion Belt","Strawberry","Bird Faced Urn","Champion Belt","Mark of Pain","Blood Vial"],"potions_floor_usage":[12,12,14,21,23],"damage_taken":[{"damage":5,"enemies":"Cultist","floor":1,"turns":5},{"damage":4,"enemies":"Jaw Worm","floor":2,"turns":4},{"damage":5,"enemies":"Small Slimes","floor":3,"turns":4},{"damage":42,"enemies":"Lagavulin","floor":6,"turns":6},{"damage":11,"enemies":"Blue Slaver","floor":7,"turns":4},{"damage":12,"enemies":"3 Sentries","floor":10,"turns":7},{"damage":14,"enemies":"Gremlin Nob","floor":12,"turns":4},{"damage":10,"enemies":"3 Sentries","floor":14,"turns":7},{"damage":55,"enemies":"Slime Boss","floor":16,"turns":15},{"damage":31,"enemies":"Chosen","floor":18,"turns":5},{"damage":30,"enemies":"Spheric Guardian","floor":21,"turns":4},{"damage":33,"enemies":"Slavers","floor":23,"turns":3}],"seed_played":"8083804248569368257","potions_obtained":[{"floor":1,"key":"EssenceOfSteel"},{"floor":2,"key":"Explosive Potion"},{"floor":12,"key":"Explosive Potion"},{"floor":16,"key":"LiquidBronze"},{"floor":18,"key":"SteroidPotion"}],"is_trial":false,"path_per_floor":["M","M","M","$","?","E","M","R","T","E","?","E","?","E","R","B",null,"M","?","$","M","$"],"character_chosen":"IRONCLAD","items_purchased":["Flex","Shrug It Off","Blood Vial","Inflame"],"campfire_rested":2,"item_purchase_floors":[4,4,20,20],"current_hp_per_floor":[73,75,76,76,76,40,35,59,59,60,60,52,52,48,74,25,72,47,47,47,27,27,0],"gold":113,"neow_bonus":"RANDOM_COMMON_RELIC","is_prod":false,"is_daily":false,"chose_seed":false,"campfire_upgraded":0,"win_rate":0,"timestamp":1535024268,"path_taken":["M","M","M","$","?","E","M","R","T","E","?","E","?","E","R","BOSS","M","?","$","M","$","E"],"build_version":"2018-08-16","purchased_purges":1,"victory":false,"max_hp_per_floor":[80,80,80,80,80,80,80,80,80,87,87,87,87,87,87,87,87,87,87,87,87,87,87],"card_choices":[{"not_picked":["Metallicize","Wild Strike"],"picked":"Carnage","floor":1},{"not_picked":["Headbutt","Anger"],"picked":"Iron Wave","floor":2},{"not_picked":["Reckless Charge","Rage","Clash"],"picked":"SKIP","floor":3},{"not_picked":["Perfected Strike","Pummel"],"picked":"Armaments","floor":6},{"not_picked":["Wild Strike","Metallicize"],"picked":"Heavy Blade","floor":7},{"not_picked":["Barricade","Rage","Second Wind"],"picked":"SKIP","floor":10},{"not_picked":["Headbutt","Havoc","Carnage"],"picked":"SKIP","floor":12},{"not_picked":["Iron Wave","Fiend Fire"],"picked":"Flex","floor":14},{"not_picked":["Double Tap","Bludgeon"],"picked":"Impervious","floor":16},{"not_picked":["Flex","Clash+1"],"picked":"Cleave+1","floor":18},{"not_picked":["Sever Soul","Entrench"],"picked":"Twin Strike","floor":21}],"player_experience":277848,"relics_obtained":[{"floor":6,"key":"MawBank"},{"floor":9,"key":"Potion Belt"},{"floor":10,"key":"Strawberry"},{"floor":12,"key":"Bird Faced Urn"},{"floor":14,"key":"Champion Belt"}],"event_choices":[{"event_name":"Living Wall","player_choice":"Grow","floor":5,"damage_taken":0},{"event_name":"Upgrade Shrine","player_choice":"Upgraded","floor":11,"damage_taken":0},{"event_name":"Liars Game","player_choice":"disagreed","floor":13,"damage_taken":0},{"event_name":"Beggar","player_choice":"Gave Gold","floor":19,"damage_taken":0}],"is_beta":false,"boss_relics":[{"not_picked":["Coffee Dripper","Sozu"],"picked":"Mark of Pain"}],"items_purged_floors":[22],"is_endless":false,"potions_floor_spawned":[1,2,12,16,18],"killed_by":"Slavers","ascension_level":7}