{"gold_per_floor":[144,144,144,17,62,152,197,287,287,287],"floor_reached":10,"playtime":557,"items_purged":["Defend_B"],"score":101,"play_id":"0b666c35-d923-4917-8185-40e74b9409b3","local_time":"20190428234140","daily_mods":["Specialized","Diverse","Midas"],"is_ascension_mode":false,"campfire_choices":[],"neow_cost":"","seed_source_timestamp":0,"circlet_count":0,"master_deck":["Strike_B","Strike_B","Strike_B","Strike_B","Defend_B","Defend_B","Zap","Dualcast","Ghostly Armor","Ghostly Armor","Ghostly Armor","Ghostly Armor","Ghostly Armor","Caltrops","Dagger Spray","Sucker Punch","Glacier"],"special_seed":18015,"relics":["Cracked Core","Dodecahedron","Ice Cream","Kunai"],"potions_floor_usage":[6,10],"damage_taken":[{"damage":0,"enemies":"2 Louse","floor":1,"turns":3},{"damage":1,"enemies":"Small Slimes","floor":5,"turns":3},{"damage":27,"enemies":"3 Sentries","floor":6,"turns":7},{"damage":1,"enemies":"Jaw Worm","floor":7,"turns":2},{"damage":28,"enemies":"Lagavulin","floor":8,"turns":8},{"damage":19,"enemies":"Gremlin Nob","floor":10,"turns":5}],"seed_played":"4237710228146446790","potions_obtained":[{"floor":5,"key":"PowerPotion"},{"floor":8,"key":"SteroidPotion"}],"is_trial":false,"path_per_floor":["M","$","?","$","M","E","M","E","T","E"],"character_chosen":"DEFECT","items_purchased":["Dagger Spray"],"campfire_rested":0,"item_purchase_floors":[4],"current_hp_per_floor":[75,75,75,75,74,47,46,18,18,0],"gold":287,"neow_bonus":"","is_prod":false,"is_daily":true,"chose_seed":false,"campfire_upgraded":0,"win_rate":0,"timestamp":1556520100,"path_taken":["M","$","?","$","M","E","M","E","T","E"],"build_version":"2019-01-23","purchased_purges":1,"victory":false,"max_hp_per_floor":[75,75,75,75,75,75,75,75,75,75],"card_choices":[{"not_picked":["Slice","Havoc"],"picked":"Caltrops","floor":1},{"not_picked":["Coolheaded","Recycle","Clash"],"picked":"SKIP","floor":5},{"not_picked":["True Grit","Clash"],"picked":"Sucker Punch","floor":6},{"not_picked":["Loop","Limit Break","Body Slam"],"picked":"SKIP","floor":7},{"not_picked":["Beam Cell","True Grit"],"picked":"Glacier","floor":8}],"player_experience":945516,"relics_obtained":[{"floor":6,"key":"Dodecahedron"},{"floor":8,"key":"Ice Cream"},{"floor":9,"key":"Kunai"}],"event_choices":[{"cards_removed":["Defend_B"],"damage_healed":0,"gold_gain":0,"player_choice":"Forget","damage_taken":0,"max_hp_gain":0,"max_hp_loss":0,"event_name":"Living Wall","floor":3,"gold_loss":0}],"is_beta":false,"boss_relics":[],"items_purged_floors":[4],"is_endless":false,"potions_floor_spawned":[5,8],"killed_by":"Gremlin Nob","ascension_level":0}