{"gold_per_floor":[117,128,128,4,22,48,48,65,65,65,98,116,116,116,116,213,213,213,213,213,213,135,135,135],"floor_reached":24,"playtime":1420,"items_purged":["Strike_R"],"score":372,"play_id":"b576afa1-131a-4807-b602-58f246862093","local_time":"20190403001440","is_ascension_mode":true,"campfire_choices":[{"data":"Anger","floor":7.0,"key":"SMITH"},{"data":"Shrug It Off","floor":13.0,"key":"SMITH"},{"data":"Shrug It Off","floor":15.0,"key":"SMITH"}],"neow_cost":"NONE","seed_source_timestamp":0,"circlet_count":0,"master_deck":["AscendersBane","Strike_R","Strike_R","Strike_R","Strike_R","Defend_R","Defend_R","Defend_R","Defend_R","Bash+1","Anger+1","Shrug It Off+1","Shrug It Off+1","Armaments+1","Double Tap+1","Shrug It Off+1","Shrug It Off+1","RitualDagger","Flame Barrier+1","Clothesline+1"],"special_seed":0,"relics":["Burning Blood","Pantograph","Toxic Egg 2","Matryoshka","Ornamental Fan","Anchor","Pear","Ectoplasm","Bottled Flame"],"potions_floor_usage":[23],"damage_taken":[{"damage":1.0,"enemies":"Cultist","floor":1.0,"turns":4.0},{"damage":2.0,"enemies":"Jaw Worm","floor":2.0,"turns":3.0},{"damage":6.0,"enemies":"Small Slimes","floor":5.0,"turns":4.0},{"damage":23.0,"enemies":"3 Sentries","floor":6.0,"turns":10.0},{"damage":0.0,"enemies":"Blue Slaver","floor":8.0,"turns":4.0},{"damage":29.0,"enemies":"Lagavulin","floor":11.0,"turns":7.0},{"damage":1.0,"enemies":"Looter","floor":12.0,"turns":3.0},{"damage":47.0,"enemies":"Hexaghost","floor":16.0,"turns":13.0},{"damage":2,"enemies":"Chosen","floor":18,"turns":4},{"damage":10,"enemies":"3 Byrds","floor":19,"turns":8},{"damage":43,"enemies":"Book of Stabbing","floor":23,"turns":8},{"damage":31,"enemies":"Shelled Parasite and Fungi","floor":24,"turns":2}],"seed_played":"-878664909720611385","potions_obtained":[{"floor":0.0,"key":"EssenceOfSteel"},{"floor":0.0,"key":"SneckoOil"},{"floor":0.0,"key":"Explosive Potion"}],"is_trial":false,"path_per_floor":["M","M","?","$","M","E","R","M","T","T","E","M","R","T","R","B",null,"M","M","?","?","$","E","M"],"character_chosen":"IRONCLAD","items_purchased":["FearPotion","Flame Barrier+1"],"campfire_rested":0,"item_purchase_floors":[4,22],"current_hp_per_floor":[77,80,80,80,80,63,63,69,69,69,46,51,51,61,61,45,79,83,79,63,57,57,20,0],"gold":135,"neow_bonus":"THREE_SMALL_POTIONS","is_prod":false,"is_daily":false,"chose_seed":false,"campfire_upgraded":3,"win_rate":0,"timestamp":1554261280,"path_taken":["M","?","?","$","?","E","R","M","T","?","E","M","R","?","R","BOSS","M","M","?","?","$","E","M"],"build_version":"2019-01-23","purchased_purges":1,"victory":false,"max_hp_per_floor":[80,80,80,80,80,80,80,80,80,80,80,80,80,90,90,90,90,90,90,90,90,90,90,90],"card_choices":[{"not_picked":["Wild Strike","Rampage"],"picked":"Anger","floor":1.0},{"not_picked":["Bloodletting","Havoc"],"picked":"Shrug It Off","floor":2.0},{"not_picked":["Intimidate","Shockwave"],"picked":"Shrug It Off","floor":5.0},{"not_picked":["Burning Pact","Barricade","Anger"],"picked":"SKIP","floor":6.0},{"not_picked":["Thunderclap","Combust","Pummel"],"picked":"SKIP","floor":8.0},{"not_picked":["Limit Break+1","Twin Strike"],"picked":"Armaments+1","floor":11.0},{"not_picked":["Wild Strike","Combust","Anger"],"picked":"SKIP","floor":12.0},{"not_picked":["Feed","Fiend Fire"],"picked":"Double Tap+1","floor":16.0},{"not_picked":["Anger","True Grit+1"],"picked":"Shrug It Off+1","floor":18},{"not_picked":["Sword Boomerang","Combust"],"picked":"Shrug It Off+1","floor":19},{"not_picked":["Twin Strike","Perfected Strike"],"picked":"Clothesline+1","floor":23}],"player_experience":474719,"relics_obtained":[{"floor":6.0,"key":"Pantograph"},{"floor":9.0,"key":"Toxic Egg 2"},{"floor":10.0,"key":"Matryoshka"},{"floor":11.0,"key":"Ornamental Fan"},{"floor":14.0,"key":"Anchor"},{"floor":14.0,"key":"Pear"},{"floor":23,"key":"Bottled Flame"}],"event_choices":[{"damage_healed":0.0,"max_hp_gain":0.0,"max_hp_loss":0.0,"gold_gain":0.0,"event_name":"Upgrade Shrine","player_choice":"Upgraded","floor":3.0,"gold_loss":0.0,"damage_taken":0.0,"cards_upgraded":["Bash"]},{"damage_healed":0,"gold_gain":0,"player_choice":"Obtained Book","damage_taken":16,"max_hp_gain":0,"max_hp_loss":0,"event_name":"Cursed Tome","floor":20,"gold_loss":0},{"damage_healed":0,"gold_gain":0,"player_choice":"Joined the Cult","damage_taken":6,"max_hp_gain":0,"max_hp_loss":0,"event_name":"Nest","floor":21,"gold_loss":0,"cards_obtained":["RitualDagger"]}],"is_beta":false,"boss_relics":[{"not_picked":["Empty Cage","White Beast Statue"],"picked":"Ectoplasm"}],"items_purged_floors":[4],"is_endless":false,"potions_floor_spawned":[5,12,19],"killed_by":"Shelled Parasite and Fungi","ascension_level":11}