{"gold_per_floor":[116,136,136,136,136,136,171,171,171,191,191,161,22,36,36,36],"floor_reached":16,"playtime":1029,"items_purged":[],"score":140,"play_id":"974af5ce-73d4-4afc-b70e-499c2d507fca","local_time":"20190428093247","is_ascension_mode":true,"campfire_choices":[{"floor":6,"key":"REST"},{"data":"Clothesline","floor":11,"key":"SMITH"},{"floor":15,"key":"REST"}],"neow_cost":"NONE","seed_source_timestamp":404786572907400,"circlet_count":0,"master_deck":["Strike_R","Strike_R","Strike_R","Strike_R","Defend_R","Defend_R+1","Defend_R+1","Defend_R","Bash","Pommel Strike","Clothesline+1","Shrug It Off","Shrug It Off","Panacea","Ghostly Armor"],"relics":["Burning Blood","Golden Idol","Gremlin Horn","Shuriken","Singing Bowl"],"potions_floor_usage":[],"damage_taken":[{"damage":5,"enemies":"Small Slimes","floor":1,"turns":4},{"damage":2,"enemies":"Jaw Worm","floor":2,"turns":5},{"damage":32,"enemies":"Gremlin Nob","floor":7,"turns":4},{"damage":0,"enemies":"2 Louse","floor":10,"turns":2},{"damage":25,"enemies":"Exordium Thugs","floor":12,"turns":5},{"damage":0,"enemies":"Looter","floor":14,"turns":5},{"damage":65,"enemies":"Hexaghost","floor":16,"turns":15}],"seed_played":"-8921326542196738427","potions_obtained":[{"floor":10,"key":"LiquidBronze"},{"floor":14,"key":"Strength Potion"}],"is_trial":false,"path_per_floor":["M","M","?","?","T","R","E","?","T","M","R","M","$","M","R","B"],"character_chosen":"IRONCLAD","items_purchased":["Shrug It Off","Panacea"],"campfire_rested":2,"item_purchase_floors":[13,13],"current_hp_per_floor":[81,85,67,45,45,71,45,38,38,44,44,27,27,33,60,0],"gold":36,"neow_bonus":"TEN_PERCENT_HP_BONUS","is_prod":false,"is_daily":false,"chose_seed":false,"campfire_upgraded":1,"win_rate":0,"timestamp":1556458367,"path_taken":["M","M","?","?","?","R","E","?","T","M","R","?","$","M","R","BOSS"],"build_version":"2019-01-23","purchased_purges":0,"victory":false,"max_hp_per_floor":[88,88,88,88,88,88,88,88,88,88,88,90,90,90,90,90],"card_choices":[{"not_picked":["Body Slam","Cleave"],"picked":"Pommel Strike","floor":1},{"not_picked":["Perfected Strike","Sword Boomerang","Cleave"],"picked":"SKIP","floor":2},{"not_picked":["Berserk","Clash"],"picked":"Clothesline","floor":7},{"not_picked":["Corruption","Armaments"],"picked":"Shrug It Off","floor":10},{"not_picked":["Searing Blow","Perfected Strike","Rupture"],"picked":"Singing Bowl","floor":12},{"not_picked":["Wild Strike","Searing Blow"],"picked":"Ghostly Armor","floor":14}],"player_experience":241308,"relics_obtained":[{"floor":5,"key":"Gremlin Horn"},{"floor":7,"key":"Shuriken"},{"floor":9,"key":"Singing Bowl"}],"event_choices":[{"damage_healed":0,"gold_gain":0,"player_choice":"Entered Light","damage_taken":18,"max_hp_gain":0,"max_hp_loss":0,"event_name":"Shining Light","floor":3,"gold_loss":0,"cards_upgraded":["Defend_R","Defend_R"]},{"damage_healed":0,"gold_gain":0,"player_choice":"Take Damage","damage_taken":22,"relics_obtained":["Golden Idol"],"max_hp_gain":0,"max_hp_loss":0,"event_name":"Golden Idol","floor":4,"gold_loss":0},{"cards_removed":["Strike_R"],"damage_healed":0,"gold_gain":0,"player_choice":"Card Removal","damage_taken":7,"max_hp_gain":0,"max_hp_loss":0,"event_name":"Golden Wing","floor":8,"gold_loss":0}],"is_beta":false,"boss_relics":[],"items_purged_floors":[],"is_endless":false,"potions_floor_spawned":[10,14],"killed_by":"Hexaghost","ascension_level":8}