{"gold_per_floor":[110,124,89,89,31,31,111,111,111,111,25,25,61,79,79,174,174,188,209,248,173,196,196,196],"floor_reached":24,"playtime":792,"items_purged":["Strike_B"],"score":484,"play_id":"5c8c030c-3935-4744-87ea-5a9491a85e21","local_time":"20190121140358","is_ascension_mode":true,"campfire_choices":[{"data":"Zap","floor":6.0,"key":"SMITH"},{"data":"Sweeping Beam","floor":8.0,"key":"SMITH"},{"data":"1","floor":10.0,"key":"LIFT"},{"data":"2","floor":12.0,"key":"LIFT"},{"data":"Defragment","floor":15.0,"key":"SMITH"},{"data":"Coolheaded","floor":23.0,"key":"SMITH"}],"neow_cost":"PERCENT_DAMAGE","seed_source_timestamp":0,"circlet_count":0,"master_deck":["AscendersBane","Strike_B","Strike_B","Strike_B","Defend_B","Defend_B","Defend_B","Defend_B","Zap+1","Dualcast","Sweeping Beam+1","Coolheaded+1","Gash","Defragment+1","Cold Snap","Coolheaded","Blizzard","Core Surge","Reinforced Body+1","Glacier"],"special_seed":0,"relics":["Cracked Core","Girya","Golden Idol","Mercury Hourglass","Thread and Needle","Prayer Wheel","Black Star","Red Mask"],"potions_floor_usage":[],"damage_taken":[{"damage":9.0,"enemies":"Small Slimes","floor":1.0,"turns":4.0},{"damage":2.0,"enemies":"Jaw Worm","floor":2.0,"turns":4.0},{"damage":16.0,"enemies":"3 Sentries","floor":13.0,"turns":5.0},{"damage":0.0,"enemies":"2 Louse","floor":14.0,"turns":1.0},{"damage":0.0,"enemies":"Slime Boss","floor":16.0,"turns":8.0},{"damage":3.0,"enemies":"Shell Parasite","floor":18.0,"turns":5.0},{"damage":0.0,"enemies":"3 Byrds","floor":19.0,"turns":4.0},{"damage":18.0,"enemies":"Masked Bandits","floor":20.0,"turns":5.0},{"damage":7.0,"enemies":"Shelled Parasite and Fungi","floor":22.0,"turns":6.0},{"damage":32,"enemies":"Slavers","floor":24,"turns":3}],"seed_played":"-4570569246120308178","potions_obtained":[{"floor":14.0,"key":"SpeedPotion"},{"floor":16.0,"key":"Swift Potion"},{"floor":18.0,"key":"Weak Potion"}],"is_trial":false,"path_per_floor":["M","M","?","?","$","R","T","R","T","R","$","R","E","M","R","B",null,"M","M","?","$","M","R","E"],"character_chosen":"DEFECT","items_purchased":["Gash","Defragment"],"campfire_rested":0,"item_purchase_floors":[5,11],"current_hp_per_floor":[37,35,52,52,52,52,52,52,52,52,52,52,36,36,36,36,57,54,54,36,36,29,29,0],"gold":196,"neow_bonus":"ONE_RARE_RELIC","is_prod":false,"is_daily":false,"chose_seed":false,"campfire_upgraded":4,"win_rate":0,"timestamp":1548075838,"path_taken":["M","M","?","?","$","R","?","R","T","R","?","R","E","M","R","BOSS","M","M","?","$","M","R","E"],"build_version":"2019-01-17v2","purchased_purges":1,"victory":false,"max_hp_per_floor":[71,71,71,64,64,64,64,64,64,64,64,64,64,64,64,64,64,64,64,64,64,64,64,64],"card_choices":[{"not_picked":["Hologram","Conserve Battery"],"picked":"Sweeping Beam","floor":1.0},{"not_picked":["Conserve Battery","Hologram"],"picked":"Coolheaded","floor":2.0},{"not_picked":["Go for the Eyes","Reboot"],"picked":"Cold Snap","floor":13.0},{"not_picked":["Hello World","Rip and Tear"],"picked":"Coolheaded","floor":14.0},{"not_picked":["Coolheaded","Compile Driver"],"picked":"Blizzard","floor":14.0},{"not_picked":["Amplify","Fission"],"picked":"Core Surge","floor":16.0},{"not_picked":["Turbo","Auto Shields"],"picked":"Reinforced Body+1","floor":18.0},{"not_picked":["Force Field","Coolheaded","Recycle"],"picked":"SKIP","floor":18.0},{"not_picked":["Coolheaded","Chaos","Hello World"],"picked":"SKIP","floor":19.0},{"not_picked":["Reinforced Body","BootSequence","Barrage"],"picked":"SKIP","floor":19.0},{"not_picked":["Auto Shields","BootSequence"],"picked":"Glacier","floor":20.0},{"not_picked":["Turbo","Recycle","Self Repair"],"picked":"SKIP","floor":22.0},{"not_picked":["Sweeping Beam","Darkness","Redo"],"picked":"SKIP","floor":22.0}],"player_experience":1240786,"relics_obtained":[{"floor":7.0,"key":"Mercury Hourglass"},{"floor":9.0,"key":"Thread and Needle"},{"floor":13.0,"key":"Prayer Wheel"},{"floor":20.0,"key":"Red Mask"}],"event_choices":[{"damage_healed":17.0,"max_hp_gain":0.0,"max_hp_loss":0.0,"gold_gain":0.0,"event_name":"The Cleric","player_choice":"Healed","floor":3.0,"gold_loss":35.0,"damage_taken":0.0},{"damage_healed":0.0,"max_hp_gain":0.0,"max_hp_loss":7.0,"gold_gain":0.0,"event_name":"Golden Idol","player_choice":"Lose Max HP","floor":4.0,"gold_loss":0.0,"damage_taken":0.0,"relics_obtained":["Golden Idol"]},{"damage_healed":0.0,"max_hp_gain":0.0,"max_hp_loss":0.0,"gold_gain":0.0,"event_name":"Masked Bandits","player_choice":"Fought Bandits","floor":20.0,"gold_loss":0.0,"damage_taken":0.0}],"is_beta":false,"boss_relics":[{"not_picked":["FrozenCore","Tiny House"],"picked":"Black Star"}],"items_purged_floors":[21],"is_endless":false,"potions_floor_spawned":[14,16,18],"killed_by":"Slavers","ascension_level":20}