{"gold_per_floor":[19,30,41,59,75,75,106,121,121,153,153,166,180,200,200,296,296,306,61,78,91,109,109,135,135,183,195,242,254,298,310,322,435,447,472,502,64,81,181,181,206,206,206,255,255,271,290,320,320,320],"floor_reached":51,"playtime":6520,"items_purged":[],"score":1188,"play_id":"b30a9f11-4e63-4599-a904-62588e5ab100","local_time":"20190423150450","is_ascension_mode":true,"campfire_choices":[{"data":"Neutralize","floor":6,"key":"SMITH"},{"floor":11,"key":"REST"},{"floor":15,"key":"REST"},{"data":"After Image","floor":23,"key":"SMITH"},{"data":"A Thousand Cuts","floor":25,"key":"SMITH"},{"floor":27,"key":"REST"},{"floor":32,"key":"REST"},{"data":"Infinite Blades","floor":40,"key":"SMITH"},{"data":"Infinite Blades","floor":42,"key":"SMITH"},{"data":"Footwork","floor":45,"key":"SMITH"},{"data":"Dodge and Roll","floor":49,"key":"SMITH"}],"neow_cost":"NO_GOLD","seed_source_timestamp":544757185014913,"circlet_count":0,"master_deck":["Defend_G","Defend_G","Defend_G","Defend_G","Strike_G","Strike_G","Strike_G","Strike_G","Survivor","Neutralize+1","Infinite Blades+1","Deflect","Flying Knee","Dagger Spray","After Image+1","Escape Plan","Blur","Crippling Poison","Infinite Blades+1","Cloak And Dagger","A Thousand Cuts+1","Dodge and Roll+1","Backflip","Die Die Die+1","Well Laid Plans","Footwork+1","Bullet Time","After Image+1","Caltrops+1"],"relics":["Ring of the Snake","Calipers","Nunchaku","Mummified Hand","Torii","Busted Crown","Molten Egg 2","Dodecahedron","MawBank","Pantograph","Meat on the Bone","Black Star","Shuriken","DollysMirror","Ice Cream","Frozen Egg 2","FossilizedHelix","Ninja Scroll","StoneCalendar","Snake Skull","Unceasing Top"],"potions_floor_usage":[7,10,16,20,24,24,24,28,50],"damage_taken":[{"damage":2,"enemies":"Cultist","floor":1,"turns":4},{"damage":2,"enemies":"Jaw Worm","floor":2,"turns":5},{"damage":1,"enemies":"Small Slimes","floor":3,"turns":4},{"damage":21,"enemies":"Exordium Wildlife","floor":4,"turns":8},{"damage":12,"enemies":"Large Slime","floor":5,"turns":8},{"damage":24,"enemies":"Gremlin Nob","floor":7,"turns":5},{"damage":0,"enemies":"3 Louse","floor":8,"turns":4},{"damage":0,"enemies":"Lagavulin","floor":10,"turns":11},{"damage":0,"enemies":"Looter","floor":12,"turns":4},{"damage":1,"enemies":"Exordium Wildlife","floor":13,"turns":6},{"damage":0,"enemies":"2 Fungi Beasts","floor":14,"turns":3},{"damage":15,"enemies":"The Guardian","floor":16,"turns":17},{"damage":11,"enemies":"2 Thieves","floor":18,"turns":4},{"damage":9,"enemies":"Chosen","floor":20,"turns":6},{"damage":9,"enemies":"Snecko","floor":21,"turns":6},{"damage":2,"enemies":"Centurion and Healer","floor":22,"turns":7},{"damage":3,"enemies":"Book of Stabbing","floor":24,"turns":7},{"damage":22,"enemies":"Gremlin Leader","floor":28,"turns":7},{"damage":0,"enemies":"Slavers","floor":30,"turns":4},{"damage":1,"enemies":"Collector","floor":33,"turns":11},{"damage":0,"enemies":"Orb Walker","floor":35,"turns":5},{"damage":8,"enemies":"3 Darklings","floor":36,"turns":5},{"damage":18,"enemies":"Jaw Worm Horde","floor":38,"turns":5},{"damage":0,"enemies":"Mind Bloom Boss Battle","floor":39,"turns":9},{"damage":0,"enemies":"Nemesis","floor":41,"turns":10},{"damage":0,"enemies":"2 Orb Walkers","floor":44,"turns":4},{"damage":0,"enemies":"4 Shapes","floor":46,"turns":3},{"damage":0,"enemies":"Spire Growth","floor":47,"turns":5},{"damage":0,"enemies":"Reptomancer","floor":48,"turns":6},{"damage":6,"enemies":"Donu and Deca","floor":50,"turns":7}],"seed_played":"8780891473454767685","potions_obtained":[{"floor":1,"key":"Weak Potion"},{"floor":8,"key":"Dexterity Potion"},{"floor":12,"key":"SmokeBomb"},{"floor":13,"key":"Explosive Potion"},{"floor":14,"key":"GamblersBrew"},{"floor":16,"key":"Strength Potion"},{"floor":18,"key":"GamblersBrew"},{"floor":21,"key":"Weak Potion"},{"floor":28,"key":"Fruit Juice"},{"floor":33,"key":"Weak Potion"},{"floor":35,"key":"SteroidPotion"},{"floor":41,"key":"PowerPotion"}],"is_trial":false,"path_per_floor":["M","M","?","?","?","?"],"character_chosen":"THE_SILENT","items_purchased":["Molten Egg 2","Shuriken","DollysMirror"],"campfire_rested":4,"item_purchase_floors":[19,37,37],"current_hp_per_floor":[61,59,58,37,25,25,1,1,1,1,22,22,21,21,42,27,59,48,48,39,30,28,28,25,25,25,46,29,29,29,29,51,74,75,75,67,67,49,74,74,74,74,74,74,74,74,74,74,74,69],"gold":320,"neow_bonus":"ONE_RARE_RELIC","is_prod":false,"is_daily":false,"chose_seed":false,"campfire_upgraded":7,"win_rate":0,"timestamp":1556006690,"path_taken":["M","M","?","?","M","R","E","M","T","E","R","M","M","M","R","BOSS","M","$","M","M","M","R","E","R","T","R","E","?","E","?","R","BOSS","M","M","$","M","?","R","E","R","T","?","R","M","M","E","R","BOSS"],"build_version":"2019-01-23","purchased_purges":0,"victory":true,"max_hp_per_floor":[70,70,70,70,70,70,70,70,70,70,70,70,70,70,70,70,70,70,70,70,70,70,70,70,70,70,70,75,75,75,75,75,75,75,75,75,75,75,75,75,75,75,75,75,75,75,75,75,75,75],"card_choices":[{"not_picked":["Calculated Gamble","Outmaneuver"],"picked":"Infinite Blades","floor":1},{"not_picked":["Dagger Throw","Poisoned Stab"],"picked":"Deflect","floor":2},{"not_picked":["Dagger Throw","Tactician"],"picked":"Flying Knee","floor":3},{"not_picked":["Dagger Throw","Quick Slash"],"picked":"Dagger Spray","floor":4},{"not_picked":["Poisoned Stab","Slice"],"picked":"After Image","floor":5},{"not_picked":["Setup","Bane"],"picked":"Escape Plan","floor":7},{"not_picked":["Calculated Gamble","Blade Dance"],"picked":"Blur","floor":8},{"not_picked":["Bouncing Flask","Prepared"],"picked":"Crippling Poison","floor":10},{"not_picked":["Outmaneuver","Poisoned Stab","Underhanded Strike"],"picked":"SKIP","floor":12},{"not_picked":["Quick Slash","Cloak And Dagger"],"picked":"Infinite Blades","floor":13},{"not_picked":["Heel Hook","Acrobatics"],"picked":"Cloak And Dagger","floor":14},{"not_picked":["Night Terror","Malaise"],"picked":"A Thousand Cuts","floor":16},{"not_picked":["Reflex"],"picked":"SKIP","floor":18},{"not_picked":[],"picked":"Dodge and Roll","floor":20},{"not_picked":[],"picked":"Backflip","floor":21},{"not_picked":["Slice+1"],"picked":"SKIP","floor":22},{"not_picked":[],"picked":"Die Die Die+1","floor":24},{"not_picked":["Phantasmal Killer"],"picked":"SKIP","floor":28},{"not_picked":["Dodge and Roll"],"picked":"SKIP","floor":30},{"not_picked":[],"picked":"Bullet Time","floor":33},{"not_picked":["Finisher+1"],"picked":"SKIP","floor":35},{"not_picked":["Endless Agony+1"],"picked":"SKIP","floor":36},{"not_picked":["Poisoned Stab+1"],"picked":"SKIP","floor":38},{"not_picked":["Dagger Throw+1"],"picked":"SKIP","floor":41},{"not_picked":[],"picked":"Caltrops+1","floor":44},{"not_picked":["Acrobatics"],"picked":"SKIP","floor":46},{"not_picked":["Catalyst+1"],"picked":"SKIP","floor":47},{"not_picked":["Deadly Poison"],"picked":"SKIP","floor":48}],"player_experience":281422,"relics_obtained":[{"floor":7,"key":"Nunchaku"},{"floor":9,"key":"Mummified Hand"},{"floor":10,"key":"Torii"},{"floor":24,"key":"Dodecahedron"},{"floor":26,"key":"MawBank"},{"floor":28,"key":"Pantograph"},{"floor":30,"key":"Meat on the Bone"},{"floor":39,"key":"Ice Cream"},{"floor":41,"key":"Frozen Egg 2"},{"floor":41,"key":"FossilizedHelix"},{"floor":43,"key":"Ninja Scroll"},{"floor":44,"key":"StoneCalendar"},{"floor":48,"key":"Snake Skull"},{"floor":48,"key":"Unceasing Top"}],"event_choices":[{"damage_healed":0,"gold_gain":0,"cards_transformed":["Defend_G","Strike_G"],"player_choice":"Became Test Subject","damage_taken":0,"max_hp_gain":0,"max_hp_loss":0,"event_name":"Drug Dealer","floor":29,"gold_loss":0,"cards_obtained":["Well Laid Plans","Footwork"]},{"damage_healed":0,"gold_gain":0,"player_choice":"Ignored","damage_taken":0,"max_hp_gain":0,"max_hp_loss":0,"event_name":"Ghosts","floor":31,"gold_loss":0},{"damage_healed":0,"gold_gain":0,"player_choice":"Fight","damage_taken":0,"max_hp_gain":0,"max_hp_loss":0,"event_name":"MindBloom","floor":39,"gold_loss":0},{"damage_healed":0,"gold_gain":0,"player_choice":"Fight","damage_taken":0,"max_hp_gain":0,"max_hp_loss":0,"event_name":"Mysterious Sphere","floor":44,"gold_loss":0}],"is_beta":false,"boss_relics":[{"not_picked":["Empty Cage","Pandora\u0027s Box"],"picked":"Busted Crown"},{"not_picked":["Eternal Feather","Fusion Hammer"],"picked":"Black Star"}],"items_purged_floors":[],"is_endless":false,"potions_floor_spawned":[1,8,12,13,14,16,18,21,28,33,35,41,44,47],"ascension_level":8}