{"gold_per_floor":[109,59,59,72,127,127,141,141,141,177,200,275,275,108,108,239,302,323,78,92,115,139,178,101,101,101,115,136,136],"floor_reached":29,"playtime":1071,"items_purged":["Injury"],"score":344,"play_id":"545dbcb0-d842-4b2e-8420-35e95596880a","local_time":"20180815094856","is_ascension_mode":true,"campfire_choices":[{"data":"Sword Boomerang","floor":6,"key":"SMITH"},{"floor":13,"key":"REST"},{"floor":15,"key":"REST"},{"floor":25,"key":"REST"}],"neow_cost":"CURSE","seed_source_timestamp":504913261912772,"circlet_count":0,"master_deck":["Strike_R","Strike_R","Strike_R","Strike_R","Strike_R+1","Defend_R","Defend_R","Defend_R","Defend_R","Bash+1","Sword Boomerang+1","Spot Weakness","True Grit","Jack Of All Trades","Demon Form+1","Spot Weakness","Thunderclap","Clothesline+1","Anger+1","Intimidate+1","J.A.X.","Disarm+1","Inflame+1"],"relics":["Burning Blood","Charon\u0027s Ashes","Golden Idol","Darkstone Periapt","Matryoshka","Tiny House","Lee\u0027s Waffle","Bag of Marbles","Vajra","Lantern"],"potions_floor_usage":[11,16,18,20,21,22,23,23],"damage_taken":[{"damage":11,"enemies":"Jaw Worm","floor":1,"turns":5},{"damage":0,"enemies":"2 Louse","floor":4,"turns":2},{"damage":5,"enemies":"Small Slimes","floor":7,"turns":2},{"damage":40,"enemies":"Lagavulin","floor":10,"turns":5},{"damage":17,"enemies":"3 Louse","floor":11,"turns":3},{"damage":28,"enemies":"The Guardian","floor":16,"turns":11},{"damage":21,"enemies":"Shell Parasite","floor":18,"turns":4},{"damage":33,"enemies":"2 Thieves","floor":20,"turns":3},{"damage":21,"enemies":"Chosen and Byrds","floor":21,"turns":6},{"damage":3,"enemies":"Snake Plant","floor":22,"turns":4},{"damage":45,"enemies":"Book of Stabbing","floor":23,"turns":5},{"damage":21,"enemies":"Centurion and Healer","floor":27,"turns":6},{"damage":16,"enemies":"Chosen and Byrds","floor":28,"turns":3},{"damage":24,"enemies":"Snake Plant","floor":29,"turns":3}],"seed_played":"3261927835453429863","potions_obtained":[{"floor":4,"key":"Swift Potion"},{"floor":11,"key":"Explosive Potion"},{"floor":17,"key":"EntropicBrew"},{"floor":21,"key":"AttackPotion"},{"floor":22,"key":"Fruit Juice"},{"floor":27,"key":"GamblersBrew"},{"floor":28,"key":"Strength Potion"}],"is_trial":false,"path_per_floor":["M","?","?","M","?","R","M","?","T","E","M","?","R","$","R","B",null,"M","$","M","M","M","E","?","R","T","M","M"],"character_chosen":"IRONCLAD","items_purchased":["Jack Of All Trades","Lee\u0027s Waffle","Thunderclap"],"campfire_rested":3,"item_purchase_floors":[14,19,19],"current_hp_per_floor":[67,67,51,57,57,57,58,58,58,24,13,2,26,26,50,28,72,57,92,65,50,53,19,19,48,48,33,23,0],"gold":136,"neow_bonus":"ONE_RARE_RELIC","is_prod":false,"is_daily":false,"chose_seed":false,"campfire_upgraded":1,"win_rate":0,"timestamp":1534319336,"path_taken":["M","?","?","M","?","R","M","?","T","E","?","?","R","$","R","BOSS","M","$","M","M","?","E","?","R","T","M","M","M"],"build_version":"2018-08-09","purchased_purges":1,"victory":false,"max_hp_per_floor":[80,80,80,80,80,80,80,80,80,80,80,80,80,80,80,80,85,85,92,92,92,92,97,97,97,97,97,97,97],"card_choices":[{"not_picked":["Combust","Shockwave"],"picked":"Sword Boomerang","floor":1},{"not_picked":["Warcry","Body Slam","Entrench"],"picked":"SKIP","floor":4},{"not_picked":["Power Through","Rage","Entrench"],"picked":"SKIP","floor":7},{"not_picked":["Armaments","Cleave"],"picked":"Spot Weakness","floor":10},{"not_picked":["Combust","Rampage"],"picked":"True Grit","floor":11},{"not_picked":["Immolate","Brutality"],"picked":"Demon Form","floor":16},{"not_picked":["Headbutt","Inflame"],"picked":"Spot Weakness","floor":17},{"not_picked":["Armaments","Searing Blow","Warcry"],"picked":"SKIP","floor":18},{"not_picked":["Armaments","Thunderclap"],"picked":"Clothesline+1","floor":20},{"not_picked":["Rage","Inflame"],"picked":"Anger+1","floor":21},{"not_picked":["Carnage","Barricade","Clash+1"],"picked":"SKIP","floor":22},{"not_picked":["Reckless Charge+1","Sword Boomerang"],"picked":"Intimidate+1","floor":23},{"not_picked":["Searing Blow+1","Entrench"],"picked":"Disarm+1","floor":27},{"not_picked":["Blood for Blood","Flex"],"picked":"Inflame+1","floor":28}],"player_experience":265497,"relics_obtained":[{"floor":9,"key":"Darkstone Periapt"},{"floor":10,"key":"Matryoshka"},{"floor":23,"key":"Bag of Marbles"},{"floor":26,"key":"Vajra"},{"floor":26,"key":"Lantern"}],"event_choices":[{"event_name":"The Cleric","player_choice":"Card Removal","floor":2,"damage_taken":0},{"event_name":"Shining Light","player_choice":"Entered Light","floor":3,"damage_taken":0},{"event_name":"Golden Wing","player_choice":"Gained Gold","floor":5,"damage_taken":0},{"event_name":"Golden Idol","player_choice":"Take Wound","floor":8,"damage_taken":0},{"event_name":"World of Goop","player_choice":"Gather Gold","floor":12,"damage_taken":0},{"event_name":"Drug Dealer","player_choice":"Got JAXXED","floor":24,"damage_taken":0}],"is_beta":false,"boss_relics":[{"not_picked":["Velvet Choker","Runic Cube"],"picked":"Tiny House"}],"items_purged_floors":[14],"is_endless":false,"potions_floor_spawned":[4,11,18,21,22,27,28],"killed_by":"Snake Plant","ascension_level":6}