{"gold_per_floor":[118,135,135,154,329,329,20,20,20,20,30,58,58,75,75,177,177,193,193,220,40,37,37,62,62,131,163,163,180,195,195,195,293,293,306,111,333,52,70,100,100,126,150,162,178,178,229,246,246,246,246,246,7,34,34],"floor_reached":56,"playtime":3720,"items_purged":["Doubt","Defend_B","Strike_B"],"score":1368,"play_id":"cd783466-a168-45e9-82cd-57c4bea70401","local_time":"20190121115148","is_ascension_mode":false,"campfire_choices":[{"data":"Defragment","floor":6,"key":"SMITH"},{"data":"Zap","floor":10,"key":"SMITH"},{"floor":15,"key":"REST"},{"data":"Buffer","floor":23,"key":"SMITH"},{"data":"Storm","floor":28,"key":"SMITH"},{"data":"Capacitor","floor":32,"key":"SMITH"},{"floor":41,"key":"RECALL"},{"data":"Defragment","floor":49,"key":"SMITH"},{"data":"Seek","floor":52,"key":"SMITH"}],"neow_cost":"NONE","seed_source_timestamp":551667597977100,"circlet_count":0,"master_deck":["Strike_B","Strike_B","Defend_B","Zap+1","Dualcast","Stack","Conserve Battery","Defragment+1","Conserve Battery+1","Storm+1","Leap","Go for the Eyes","Capacitor+1","Self Repair","Stack","Buffer+1","Compile Driver","Sunder+1","Cold Snap","Static Discharge","Turbo+1","Coolheaded","Machine Learning","Stack+1","Cold Snap","Self Repair+1","Storm+1","Compile Driver","Thunder Strike","Go for the Eyes+1","Ball Lightning+1","Storm","Hello World","Coolheaded","Heatsinks","Static Discharge","Seek+1","Defragment+1","Heatsinks","Rebound+1","Hologram+1","Seek","Madness","Madness","Leap+1","Defragment+1","BootSequence+1","Loop","Reboot","Stack+1"],"relics":["Lizard Tail","Bag of Marbles","Juzu Bracelet","Prayer Wheel","Coffee Dripper","MutagenicStrength","Red Mask","Mummified Hand","PreservedInsect","Enchiridion","Nuclear Battery","War Paint","Strawberry","Incense Burner","Ancient Tea Set","Nunchaku","Gremlin Horn"],"potions_floor_usage":[16,16,16,20,24,27,33,47,47,50,50],"damage_taken":[{"damage":11,"enemies":"Jaw Worm","floor":1,"turns":5},{"damage":2,"enemies":"Cultist","floor":2,"turns":5},{"damage":2,"enemies":"Small Slimes","floor":4,"turns":5},{"damage":1,"enemies":"Looter","floor":11,"turns":3},{"damage":32,"enemies":"Gremlin Nob","floor":12,"turns":5},{"damage":4,"enemies":"3 Louse","floor":14,"turns":4},{"damage":41,"enemies":"Slime Boss","floor":16,"turns":9},{"damage":13,"enemies":"Shell Parasite","floor":18,"turns":7},{"damage":23,"enemies":"Masked Bandits","floor":20,"turns":6},{"damage":6,"enemies":"2 Thieves","floor":22,"turns":4},{"damage":0,"enemies":"Book of Stabbing","floor":24,"turns":6},{"damage":0,"enemies":"Gremlin Leader","floor":27,"turns":8},{"damage":0,"enemies":"Cultist and Chosen","floor":29,"turns":4},{"damage":6,"enemies":"Chosen and Byrds","floor":30,"turns":6},{"damage":10,"enemies":"Automaton","floor":33,"turns":7},{"damage":11,"enemies":"3 Shapes","floor":35,"turns":2},{"damage":2,"enemies":"Orb Walker","floor":39,"turns":2},{"damage":0,"enemies":"Nemesis","floor":40,"turns":5},{"damage":0,"enemies":"Reptomancer","floor":42,"turns":3},{"damage":24,"enemies":"3 Darklings","floor":44,"turns":3},{"damage":0,"enemies":"Transient","floor":45,"turns":5},{"damage":16,"enemies":"2 Orb Walkers","floor":47,"turns":3},{"damage":0,"enemies":"Writhing Mass","floor":48,"turns":3},{"damage":3,"enemies":"Awakened One","floor":50,"turns":6},{"damage":14,"enemies":"Shield and Spear","floor":54,"turns":3},{"damage":80,"enemies":"The Heart","floor":55,"turns":8}],"seed_played":"6423001006187197348","potions_obtained":[{"floor":1,"key":"Dexterity Potion"},{"floor":11,"key":"Explosive Potion"},{"floor":12,"key":"Strength Potion"},{"floor":16,"key":"GamblersBrew"},{"floor":22,"key":"LiquidBronze"},{"floor":24,"key":"Block Potion"},{"floor":29,"key":"PowerPotion"},{"floor":33,"key":"Regen Potion"},{"floor":35,"key":"FocusPotion"},{"floor":44,"key":"Weak Potion"},{"floor":48,"key":"Poison Potion"}],"is_trial":false,"path_per_floor":["?","M","?","?","?","?","?","?","?","?","?","?"],"character_chosen":"DEFECT","items_purchased":["Bag of Marbles","Storm","Leap","Static Discharge","Storm","Hello World","War Paint","Coolheaded","Loop","Reboot"],"campfire_rested":1,"item_purchase_floors":[7,7,7,21,36,38,38,38,53,53],"current_hp_per_floor":[64,62,62,60,60,60,60,53,53,53,52,20,20,16,38,43,75,69,69,53,53,54,54,61,61,61,68,68,75,75,59,59,66,75,71,71,71,71,75,82,82,82,82,68,78,68,78,78,78,82,82,82,82,82,9],"gold":34,"neow_bonus":"BOSS_RELIC","is_prod":false,"is_daily":false,"chose_seed":false,"campfire_upgraded":7,"win_rate":0,"timestamp":1548096708,"path_taken":["M","M","?","?","?","R","$","?","T","R","M","E","?","M","R","BOSS","M","?","?","$","M","R","E","?","T","E","R","M","M","?","R","BOSS","M","$","?","$","M","E","R","E","T","M","M","?","?","M","R","BOSS","R","$","E","BOSS"],"build_version":"2019-01-20","purchased_purges":3,"victory":true,"max_hp_per_floor":[75,75,75,75,75,75,75,75,75,75,75,75,75,75,75,75,75,75,75,75,75,75,75,75,75,75,75,75,75,75,75,75,75,75,75,75,75,75,75,82,82,82,82,82,82,82,82,82,82,82,82,82,82,82,82],"card_choices":[{"not_picked":["Scrape","Redo"],"picked":"Stack","floor":1},{"not_picked":["Barrage","Force Field"],"picked":"Conserve Battery","floor":2},{"not_picked":["Turbo","Darkness"],"picked":"Conserve Battery","floor":4},{"not_picked":["Lockon","Darkness"],"picked":"Go for the Eyes","floor":11},{"not_picked":["Loop","Tempest"],"picked":"Capacitor","floor":12},{"not_picked":["Gash","Doom and Gloom"],"picked":"Self Repair","floor":14},{"not_picked":["Rebound","Redo"],"picked":"Stack","floor":14},{"not_picked":["Fission","Multi-Cast"],"picked":"Buffer","floor":16},{"not_picked":["FTL","Gash"],"picked":"Compile Driver","floor":18},{"not_picked":["Turbo","Loop"],"picked":"Sunder+1","floor":18},{"not_picked":["Conserve Battery","Lockon"],"picked":"Cold Snap","floor":20},{"not_picked":["Steam Power","Darkness"],"picked":"Turbo","floor":22},{"not_picked":["Undo","Compile Driver"],"picked":"Coolheaded","floor":22},{"not_picked":["All For One","Conserve Battery"],"picked":"Machine Learning","floor":24},{"not_picked":["Barrage","Consume"],"picked":"Stack+1","floor":27},{"not_picked":["Ball Lightning","Gash"],"picked":"Cold Snap","floor":29},{"not_picked":["Coolheaded","Redo"],"picked":"Self Repair+1","floor":29},{"not_picked":["Redo","Go for the Eyes"],"picked":"Storm+1","floor":30},{"not_picked":["Turbo","Gash"],"picked":"Compile Driver","floor":30},{"not_picked":["Amplify","Buffer"],"picked":"Thunder Strike","floor":33},{"not_picked":["Leap","Beam Cell"],"picked":"Go for the Eyes+1","floor":35},{"not_picked":["Sunder","Sweeping Beam+1"],"picked":"Ball Lightning+1","floor":35},{"not_picked":["Gash","Turbo"],"picked":"Heatsinks","floor":39},{"not_picked":["Ball Lightning+1","Steam+1"],"picked":"Static Discharge","floor":39},{"not_picked":["Turbo","Gash"],"picked":"Seek","floor":40},{"not_picked":["Cold Snap","Steam+1"],"picked":"Defragment+1","floor":42},{"not_picked":["Storm+1","Reprogram+1"],"picked":"Heatsinks","floor":44},{"not_picked":["Genetic Algorithm+1","Ball Lightning"],"picked":"Rebound+1","floor":44},{"not_picked":["Redo+1","Self Repair+1"],"picked":"Hologram+1","floor":45},{"not_picked":["Hologram+1","Gash+1"],"picked":"Seek","floor":45},{"not_picked":["Turbo","Doom and Gloom"],"picked":"Leap+1","floor":47},{"not_picked":["Ball Lightning","Coolheaded"],"picked":"Defragment","floor":48},{"not_picked":["Cold Snap+1","Coolheaded"],"picked":"BootSequence+1","floor":48},{"not_picked":["Steam Power","FTL+1"],"picked":"Stack+1","floor":54}],"player_experience":395971,"relics_obtained":[{"floor":9,"key":"Juzu Bracelet"},{"floor":12,"key":"Prayer Wheel"},{"floor":20,"key":"Red Mask"},{"floor":24,"key":"Mummified Hand"},{"floor":27,"key":"PreservedInsect"},{"floor":31,"key":"Enchiridion"},{"floor":40,"key":"Strawberry"},{"floor":42,"key":"Incense Burner"},{"floor":43,"key":"Ancient Tea Set"},{"floor":47,"key":"Nunchaku"},{"floor":54,"key":"Gremlin Horn"}],"event_choices":[{"damage_healed":0,"gold_gain":0,"cards_transformed":["Strike_B"],"player_choice":"Transformed","damage_taken":0,"max_hp_gain":0,"max_hp_loss":0,"event_name":"Transmorgrifier","floor":3,"gold_loss":0,"cards_obtained":["Defragment"]},{"damage_healed":0,"gold_gain":175,"player_choice":"AGREE","damage_taken":0,"max_hp_gain":0,"max_hp_loss":0,"event_name":"Liars Game","floor":5,"gold_loss":0,"cards_obtained":["Doubt"]},{"cards_removed":["Defend_B"],"damage_healed":0,"gold_gain":0,"player_choice":"Card Removal","damage_taken":7,"max_hp_gain":0,"max_hp_loss":0,"event_name":"Golden Wing","floor":8,"gold_loss":0},{"cards_removed":["Defend_B"],"damage_healed":0,"gold_gain":0,"player_choice":"Forget","damage_taken":0,"max_hp_gain":0,"max_hp_loss":0,"event_name":"Living Wall","floor":13,"gold_loss":0},{"damage_healed":0,"gold_gain":0,"player_choice":"Inject Mutagens","damage_taken":0,"relics_obtained":["MutagenicStrength"],"max_hp_gain":0,"max_hp_loss":0,"event_name":"Drug Dealer","floor":19,"gold_loss":0},{"damage_healed":0,"gold_gain":0,"player_choice":"Fought Bandits","damage_taken":0,"max_hp_gain":0,"max_hp_loss":0,"event_name":"Masked Bandits","floor":20,"gold_loss":0},{"damage_healed":0,"gold_gain":0,"player_choice":"Ignored","damage_taken":0,"max_hp_gain":0,"max_hp_loss":0,"event_name":"Beggar","floor":25,"gold_loss":0},{"damage_healed":0,"gold_gain":0,"player_choice":"Obtained Book","damage_taken":16,"max_hp_gain":0,"max_hp_loss":0,"event_name":"Cursed Tome","floor":31,"gold_loss":0},{"damage_healed":0,"gold_gain":222,"player_choice":"Wore Mask","damage_taken":0,"max_hp_gain":0,"max_hp_loss":0,"event_name":"Tomb of Lord Red Mask","floor":37,"gold_loss":0},{"damage_healed":0,"gold_gain":0,"player_choice":"Embrace Madness","damage_taken":10,"max_hp_gain":0,"max_hp_loss":0,"event_name":"Winding Halls","floor":46,"gold_loss":0,"cards_obtained":["Madness","Madness"]},{"damage_healed":0,"gold_gain":0,"player_choice":"Fight","damage_taken":0,"max_hp_gain":0,"max_hp_loss":0,"event_name":"Mysterious Sphere","floor":47,"gold_loss":0}],"is_beta":true,"boss_relics":[{"not_picked":["Orrery","Astrolabe"],"picked":"Coffee Dripper"},{"not_picked":["Eternal Feather","Velvet Choker"],"picked":"Nuclear Battery"}],"items_purged_floors":[7,21,36],"is_endless":false,"potions_floor_spawned":[1,11,12,14,16,22,24,29,33,35,44,48],"ascension_level":0}