{"path_per_floor":["M","$","?","M","M","?","R","M","T","R","M","?","E","M","R","B",null,"M","?","M","$","?","R","E","?","T","R","E","?","$","M","R","B",null,"M","?","?","$","M","E","R","$","T","?","E","?","E","M","R","B"],"character_chosen":"THE_SILENT","items_purchased":["Backflip","Bullet Time","Kunai","Backflip","Snake Skull","Accuracy"],"gold_per_floor":[116,70,145,163,177,177,177,195,195,195,212,212,247,265,265,366,366,376,376,396,24,24,24,51,51,51,51,81,81,81,95,95,192,192,211,211,211,58,77,108,108,35,35,35,60,108,434,448,448,448],"floor_reached":51,"campfire_rested":3,"playtime":7447,"current_hp_per_floor":[35,35,24,14,13,13,34,26,26,47,37,37,26,26,47,52,70,66,66,65,65,35,35,29,29,29,29,26,24,24,23,23,24,24,24,24,24,24,24,24,24,24,24,21,26,21,28,30,30,30],"items_purged":[],"gold":448,"score":1083,"play_id":"4f14b1e3-bc91-4564-9ffe-844e7c8eff05","local_time":"20180421182427","is_prod":false,"is_daily":false,"chose_seed":false,"is_ascension_mode":true,"campfire_upgraded":5,"timestamp":1524360267,"path_taken":["M","?","?","M","M","?","R","?","T","R","M","?","E","M","R","BOSS","M","?","M","$","?","R","E","?","T","R","E","?","?","M","R","BOSS","M","?","?","$","M","E","R","?","T","?","E","?","E","M","R","BOSS"],"build_version":"2018-04-19","seed_source_timestamp":316067046750070,"purchased_purges":0,"victory":true,"master_deck":["Survivor","Neutralize+1","Bouncing Flask","Backflip","Quick Slash","Cloak And Dagger","Dodge and Roll","Endless Agony","Deflect","Sucker Punch","Flying Knee","After Image+1","Well Laid Plans","Cloak And Dagger","Dodge and Roll","Leg Sweep","Sucker Punch","Sucker Punch","Well Laid Plans","Dodge and Roll","Dagger Spray","Quick Slash","Blade Dance+1","Backstab","Bullet Time+1","Backflip","Ghostly+1","Ghostly","Ghostly","Ghostly","Ghostly","Cloak And Dagger+1","Noxious Fumes","Bite","Bite","Bite","Bite","Adrenaline","Escape Plan+1","Dagger Spray+1","Deadly Poison+1","Accuracy+1","Madness","Madness","Adrenaline"],"max_hp_per_floor":[70,70,70,70,70,70,70,70,70,70,70,70,70,70,70,70,70,70,70,70,70,35,35,35,35,35,35,35,24,24,24,24,24,24,24,24,24,24,24,24,24,24,24,24,26,28,28,30,30,30],"relics":["Ring of the Snake","Torii","Juzu Bracelet","Paper Crane","Pandora\u0027s Box","Kunai","Unceasing Top","Omamori","Smiling Mask","Cursed Key","Snake Skull","Darkstone Periapt","Singing Bowl","Orichalcum","Ice Cream","Old Coin"],"card_choices":[{"not_picked":["Setup","PiercingWail"],"picked":"Bouncing Flask","floor":1},{"not_picked":["Riddle With Holes","Backflip"],"picked":"Quick Slash","floor":4},{"not_picked":["Blade Dance","Poisoned Stab"],"picked":"Cloak And Dagger","floor":5},{"not_picked":["Catalyst","Distraction"],"picked":"Dodge and Roll","floor":8},{"not_picked":["Bane","Cloak And Dagger"],"picked":"Endless Agony","floor":11},{"not_picked":["Calculated Gamble","Dagger Throw"],"picked":"Sucker Punch","floor":13},{"not_picked":["Dagger Spray","Grand Finale"],"picked":"Flying Knee","floor":14},{"not_picked":["Tactician","Doppelganger"],"picked":"After Image","floor":16},{"not_picked":["Underhanded Strike","Prepared"],"picked":"Quick Slash","floor":18},{"not_picked":["Bouncing Flask","Dash"],"picked":"Backstab","floor":20},{"not_picked":["Flying Knee","Backflip"],"picked":"Cloak And Dagger","floor":24},{"not_picked":["PiercingWail","Flechettes"],"picked":"Noxious Fumes","floor":28},{"not_picked":["Reflex","All Out Attack"],"picked":"Leg Sweep","floor":31},{"not_picked":["Phantasmal Killer","Venomology"],"picked":"Adrenaline","floor":33},{"not_picked":["Backflip","Skewer"],"picked":"Escape Plan","floor":35},{"not_picked":["Backflip","Masterful Stab"],"picked":"Dagger Spray","floor":39},{"not_picked":["PiercingWail","Outmaneuver"],"picked":"Deadly Poison","floor":40},{"not_picked":["Concentrate","Calculated Gamble"],"picked":"Adrenaline","floor":47}],"player_experience":291683,"potions_floor_usage":[11,14,16,24,31,35,40,40,46,50],"damage_taken":[{"damage":0,"enemies":"Cultist","floor":1,"turns":3},{"damage":10,"enemies":"Small Slimes","floor":4,"turns":7},{"damage":1,"enemies":"2 Louse","floor":5,"turns":3},{"damage":8,"enemies":"Red Slaver","floor":8,"turns":5},{"damage":10,"enemies":"2 Fungi Beasts","floor":11,"turns":4},{"damage":11,"enemies":"3 Sentries","floor":13,"turns":10},{"damage":0,"enemies":"Exordium Wildlife","floor":14,"turns":5},{"damage":10,"enemies":"The Guardian","floor":16,"turns":12},{"damage":4,"enemies":"3 Byrds","floor":18,"turns":5},{"damage":1,"enemies":"Spheric Guardian","floor":20,"turns":6},{"damage":6,"enemies":"Gremlin Leader","floor":24,"turns":14},{"damage":3,"enemies":"Slavers","floor":28,"turns":9},{"damage":3,"enemies":"Snake Plant","floor":31,"turns":9},{"damage":0,"enemies":"Collector","floor":33,"turns":12},{"damage":0,"enemies":"3 Shapes","floor":35,"turns":6},{"damage":0,"enemies":"3 Darklings","floor":39,"turns":8},{"damage":0,"enemies":"Giant Head","floor":40,"turns":10},{"damage":0,"enemies":"Nemesis","floor":45,"turns":7},{"damage":11,"enemies":"Mysterious Sphere","floor":46,"turns":9},{"damage":0,"enemies":"2 Orb Walkers","floor":47,"turns":8},{"damage":0,"enemies":"Maw","floor":48,"turns":10},{"damage":0,"enemies":"Awakened One","floor":50,"turns":16}],"event_choices":[{"event_name":"World of Goop","player_choice":"Gather Gold","floor":3,"damage_taken":0},{"event_name":"Shining Light","player_choice":"Ignored","floor":6,"damage_taken":0},{"event_name":"Transmorgrifier","player_choice":"Transform","floor":12,"damage_taken":0},{"event_name":"The Library","player_choice":"Read","floor":19,"damage_taken":0},{"event_name":"Ghosts","player_choice":"Became a Ghost","floor":22,"damage_taken":0},{"event_name":"Upgrade Shrine","player_choice":"Upgraded","floor":25,"damage_taken":0},{"event_name":"Vampires","player_choice":"Became a vampire","floor":29,"damage_taken":0},{"event_name":"Bonfire Elementals","player_choice":"UNCOMMON","floor":36,"damage_taken":0},{"event_name":"Winding Halls","player_choice":"Embrace Madness","floor":44,"damage_taken":0},{"event_name":"Mysterious Sphere","player_choice":"Fight","floor":46,"damage_taken":0}],"boss_relics":[{"not_picked":["White Beast Statue","Philosopher\u0027s Stone"],"picked":"Pandora\u0027s Box"},{"not_picked":["Runic Dome","Orrery"],"picked":"Cursed Key"}],"potions_floor_spawned":[1,13,14,18,28,31,33,35,39,47,48],"seed_played":"8962014430729573822","ascension_level":2,"is_trial":false}