{"gold_per_floor":[118,118,6,29,29,29,370,385,385,420,420,444,444,460,460,553,553,566,435,395,395,415,415,449,449],"floor_reached":25,"playtime":689,"items_purged":["Strike_B"],"score":508,"play_id":"d8d0070b-a1a1-4c01-9b60-195db2fceb58","local_time":"20190225140523","is_ascension_mode":true,"campfire_choices":[{"data":"Sweeping Beam","floor":6,"key":"SMITH"},{"data":"Zap","floor":11,"key":"SMITH"},{"data":"Chaos","floor":15,"key":"SMITH"},{"data":"Loop","floor":23,"key":"SMITH"}],"neow_cost":"NONE","seed_source_timestamp":362024338243528,"circlet_count":0,"master_deck":["AscendersBane","Strike_B","Defend_B","Defend_B","Defend_B","Defend_B","Zap+1","Dualcast","Hologram","Cold Snap","Sweeping Beam+1","Sunder","Self Repair","Ball Lightning","Undo","Glacier","Chaos+1","Electrodynamics","Ball Lightning","Loop+1","White Noise","Hologram"],"relics":["Cracked Core","NeowsBlessing","Golden Idol","Old Coin","WingedGreaves","Bronze Scales","Runic Pyramid","Meat on the Bone","Smiling Mask"],"potions_floor_usage":[10,14,18,24,24],"damage_taken":[{"damage":0,"enemies":"2 Louse","floor":1,"turns":1},{"damage":0,"enemies":"Jaw Worm","floor":4,"turns":1},{"damage":0,"enemies":"3 Sentries","floor":7,"turns":1},{"damage":2,"enemies":"Cultist","floor":8,"turns":4},{"damage":31,"enemies":"Lagavulin","floor":10,"turns":6},{"damage":0,"enemies":"3 Louse","floor":12,"turns":2},{"damage":0,"enemies":"Lots of Slimes","floor":14,"turns":2},{"damage":22,"enemies":"Slime Boss","floor":16,"turns":6},{"damage":1,"enemies":"Chosen","floor":18,"turns":5},{"damage":16,"enemies":"2 Thieves","floor":22,"turns":4},{"damage":43,"enemies":"Book of Stabbing","floor":24,"turns":4},{"damage":17,"enemies":"Chosen and Byrds","floor":25,"turns":5}],"seed_played":"-2044319091649063416","potions_obtained":[{"floor":7,"key":"EssenceOfSteel"},{"floor":10,"key":"Dexterity Potion"},{"floor":14,"key":"Energy Potion"},{"floor":22,"key":"Swift Potion"}],"is_trial":false,"path_per_floor":["M","?","$","M","?","R","E","M","T","E","R","M","?","M","R","B",null,"M","$","$","T","M","R","E","M"],"character_chosen":"DEFECT","items_purchased":["Cold Snap","Explosive Potion","Ball Lightning","Loop"],"campfire_rested":0,"item_purchase_floors":[3,3,19,20],"current_hp_per_floor":[64,64,64,64,64,64,64,64,64,40,40,40,40,40,40,25,54,60,60,60,60,44,44,13,0],"gold":449,"neow_bonus":"THREE_ENEMY_KILL","is_prod":false,"is_daily":false,"chose_seed":false,"campfire_upgraded":4,"win_rate":0,"timestamp":1551099923,"path_taken":["M","?","$","M","?","R","E","M","T","E","R","?","?","M","R","BOSS","M","?","$","?","M","R","E","?"],"build_version":"2019-01-23","purchased_purges":1,"victory":false,"max_hp_per_floor":[71,64,64,64,64,64,64,64,64,64,64,64,64,64,64,64,64,64,64,64,64,64,64,64,64],"card_choices":[{"not_picked":["Compile Driver","Streamline"],"picked":"Hologram","floor":1},{"not_picked":["Blizzard","Leap"],"picked":"Sweeping Beam","floor":4},{"not_picked":["Hello World","Gash"],"picked":"Self Repair","floor":7},{"not_picked":["Compile Driver","Hologram"],"picked":"Ball Lightning","floor":8},{"not_picked":["Reinforced Body","Stack"],"picked":"Undo","floor":10},{"not_picked":["Conserve Battery","Hello World"],"picked":"Glacier","floor":12},{"not_picked":["Go for the Eyes","Streamline"],"picked":"Chaos","floor":14},{"not_picked":["Multi-Cast","All For One"],"picked":"Electrodynamics","floor":16},{"not_picked":["Blizzard","Double Energy","Hello World"],"picked":"SKIP","floor":18},{"not_picked":["Sunder","Cold Snap"],"picked":"White Noise","floor":22},{"not_picked":["Coolheaded","Ball Lightning+1"],"picked":"Hologram","floor":24}],"player_experience":1346006,"relics_obtained":[{"floor":7,"key":"Old Coin"},{"floor":9,"key":"WingedGreaves"},{"floor":10,"key":"Bronze Scales"},{"floor":21,"key":"Meat on the Bone"},{"floor":24,"key":"Smiling Mask"}],"event_choices":[{"damage_healed":0,"gold_gain":0,"player_choice":"Lose Max HP","damage_taken":0,"relics_obtained":["Golden Idol"],"max_hp_gain":0,"max_hp_loss":7,"event_name":"Golden Idol","floor":2,"gold_loss":0},{"damage_healed":0,"gold_gain":0,"cards_transformed":["Strike_B"],"player_choice":"Transformed","damage_taken":0,"max_hp_gain":0,"max_hp_loss":0,"event_name":"Transmorgrifier","floor":5,"gold_loss":0,"cards_obtained":["Sunder"]},{"cards_removed":["Strike_B"],"damage_healed":0,"gold_gain":0,"player_choice":"Offered Basic","damage_taken":0,"max_hp_gain":0,"max_hp_loss":0,"event_name":"Bonfire Elementals","floor":13,"gold_loss":0}],"is_beta":false,"boss_relics":[{"not_picked":["Sozu","Orrery"],"picked":"Runic Pyramid"}],"items_purged_floors":[19],"is_endless":false,"potions_floor_spawned":[7,10,12,14,22],"killed_by":"Chosen and Byrds","ascension_level":20}