{"gold_per_floor":[119,99,113,128,141,141,176,176,199,218,218,230,230,242,242,242],"floor_reached":16,"playtime":637,"items_purged":[],"score":208,"play_id":"b32ce736-b682-4146-92fc-b9be9cc81604","local_time":"20190228134953","is_ascension_mode":true,"campfire_choices":[{"data":"Deadly Poison","floor":6,"key":"SMITH"},{"data":"Dagger Throw","floor":8,"key":"SMITH"},{"data":"Neutralize","floor":11,"key":"SMITH"},{"data":"Bouncing Flask","floor":13,"key":"SMITH"},{"floor":15,"key":"REST"}],"neow_cost":"NONE","seed_source_timestamp":620363930890129,"circlet_count":0,"master_deck":["AscendersBane","Defend_G","Defend_G","Defend_G","Defend_G","Defend_G","Strike_G","Strike_G","Strike_G","Strike_G","Strike_G","Survivor","Neutralize+1","Deadly Poison+1","PiercingWail","Dagger Throw+1","Dagger Throw","Bouncing Flask+1","Leg Sweep"],"relics":["Ring of the Snake","Smiling Mask","Snake Skull"],"potions_floor_usage":[12,16,16],"damage_taken":[{"damage":6,"enemies":"Jaw Worm","floor":1,"turns":7},{"damage":0,"enemies":"Cultist","floor":3,"turns":4},{"damage":0,"enemies":"2 Louse","floor":4,"turns":3},{"damage":1,"enemies":"Blue Slaver","floor":5,"turns":5},{"damage":20,"enemies":"3 Sentries","floor":7,"turns":11},{"damage":6,"enemies":"3 Louse","floor":10,"turns":4},{"damage":0,"enemies":"Gremlin Gang","floor":12,"turns":3},{"damage":19,"enemies":"Large Slime","floor":14,"turns":6},{"damage":33,"enemies":"Slime Boss","floor":16,"turns":9}],"seed_played":"-4141336958780631563","potions_obtained":[{"floor":0,"key":"Fire Potion"},{"floor":0,"key":"SkillPotion"},{"floor":1,"key":"GhostInAJar"},{"floor":12,"key":"Energy Potion"}],"is_trial":false,"path_per_floor":["M","?","M","M","M","R","E","R","T","M","R","M","R","M","R","B"],"character_chosen":"THE_SILENT","items_purchased":[],"campfire_rested":1,"item_purchase_floors":[],"current_hp_per_floor":[53,53,53,53,52,52,32,32,32,26,26,26,26,7,26,0],"gold":242,"neow_bonus":"THREE_SMALL_POTIONS","is_prod":false,"is_daily":false,"chose_seed":false,"campfire_upgraded":4,"win_rate":0,"timestamp":1551358193,"path_taken":["M","?","M","M","M","R","E","R","T","M","R","M","R","M","R","BOSS"],"build_version":"2019-01-23","purchased_purges":0,"victory":false,"max_hp_per_floor":[66,66,66,66,66,66,66,66,66,66,66,66,66,66,66,66],"card_choices":[{"not_picked":["Quick Slash","Riddle With Holes"],"picked":"Deadly Poison","floor":1},{"not_picked":["Deflect","Flying Knee"],"picked":"PiercingWail","floor":3},{"not_picked":["Reflex","Slice","Cloak And Dagger"],"picked":"SKIP","floor":4},{"not_picked":["Outmaneuver","Setup"],"picked":"Dagger Throw","floor":5},{"not_picked":["Backflip","Storm of Steel","PiercingWail"],"picked":"SKIP","floor":7},{"not_picked":["Prepared","Blade Dance"],"picked":"Dagger Throw","floor":10},{"not_picked":["Deflect","Deadly Poison"],"picked":"Bouncing Flask","floor":12},{"not_picked":["Quick Slash","Deadly Poison"],"picked":"Leg Sweep","floor":14}],"player_experience":1351979,"relics_obtained":[{"floor":7,"key":"Smiling Mask"},{"floor":9,"key":"Snake Skull"}],"event_choices":[{"damage_healed":0,"gold_gain":0,"player_choice":"Bought 1 Potion","damage_taken":0,"max_hp_gain":0,"max_hp_loss":0,"event_name":"The Woman in Blue","floor":2,"gold_loss":0}],"is_beta":false,"boss_relics":[],"items_purged_floors":[],"is_endless":false,"potions_floor_spawned":[1,4,5,12],"killed_by":"Slime Boss","ascension_level":20}