{"path_per_floor":["M","M","$","?","M","R","E","M","T","R","?","M","?","M","R","B",null,"M","$","?","M","M","R","?","M","T","M","M","M","E","?","R","B",null,"M","M","M","M","$","E","R","E","T","R","M","M","R","$","R","B"],"character_chosen":"THE_SILENT","items_purchased":["Envenom","Underhanded Strike","Snake Skull","Gremlin Horn"],"gold_per_floor":[118,132,54,54,66,66,95,115,142,142,242,256,431,448,448,550,550,561,438,438,457,475,475,475,490,490,507,523,543,572,497,497,597,597,613,633,651,669,414,443,443,468,468,468,481,496,496,113,113,113],"floor_reached":51,"campfire_rested":4,"playtime":5450,"current_hp_per_floor":[70,69,69,57,57,57,52,48,48,69,69,68,68,68,68,67,70,69,69,69,69,61,61,61,51,51,50,50,39,9,9,30,30,70,70,70,70,55,55,60,60,60,60,60,28,30,55,55,80,51],"items_purged":["Doubt","Strike_G","Defend_G"],"gold":113,"score":822,"play_id":"68dbc84e-7537-4f49-be99-18dc64db104a","local_time":"20180522155728","is_prod":false,"is_daily":false,"chose_seed":false,"is_ascension_mode":true,"campfire_upgraded":5,"timestamp":1527029848,"campfire_choices":[{"data":"Envenom","floor":6,"key":"SMITH"},{"floor":10,"key":"REST"},{"data":"Bouncing Flask","floor":15,"key":"SMITH"},{"data":"Doppelganger","floor":23,"key":"SMITH"},{"floor":32,"key":"REST"},{"data":"Bouncing Flask","floor":41,"key":"SMITH"},{"data":"Bouncing Flask","floor":44,"key":"SMITH"},{"floor":47,"key":"REST"},{"floor":49,"key":"REST"}],"path_taken":["M","M","$","?","?","R","E","M","T","R","?","M","?","?","R","BOSS","M","$","?","M","M","R","?","M","T","M","M","M","E","?","R","BOSS","M","?","M","M","$","E","R","E","T","R","M","?","R","$","R","BOSS"],"build_version":"2018-05-17","seed_source_timestamp":521749452102,"purchased_purges":3,"victory":true,"master_deck":["Defend_G","Defend_G","Defend_G","Defend_G","Strike_G+1","Strike_G","Strike_G","Survivor","Neutralize+1","Dash","Bouncing Flask+1","Envenom+1","Caltrops","Leg Sweep","Doppelganger+1","Dodge and Roll","Acrobatics","Adrenaline","Backstab","Underhanded Strike","Bane+1","Blur","Bouncing Flask+1","Eviscerate","Leg Sweep","Catalyst+1","Wraith Form v2","Underhanded Strike+1","Bouncing Flask+1","Malaise+1","Underhanded Strike+1"],"max_hp_per_floor":[70,70,70,70,70,70,70,70,70,70,70,70,70,70,70,70,70,70,70,70,70,70,70,70,70,70,70,70,70,70,70,70,70,70,70,70,70,70,70,84,84,84,84,84,84,84,84,84,84,84],"relics":["Velvet Choker","Art of War","Whetstone","Vajra","Snecko Eye","Orichalcum","Ancient Tea Set","Oddly Smooth Stone","Orrery","Snake Skull","Mango","Potion Belt","Blood Vial","Gremlin Horn"],"card_choices":[{"not_picked":["Bane","Dagger Throw"],"picked":"Dash","floor":1},{"not_picked":["Flying Knee","Infinite Blades"],"picked":"Bouncing Flask","floor":2},{"not_picked":["Cloak And Dagger","Escape Plan"],"picked":"Caltrops","floor":5},{"not_picked":["Backflip","Prepared"],"picked":"Leg Sweep","floor":7},{"not_picked":["Deflect","Slice"],"picked":"Doppelganger","floor":8},{"not_picked":["Prepared","Outmaneuver"],"picked":"Dodge and Roll","floor":12},{"not_picked":["Flying Knee","Dagger Throw"],"picked":"Acrobatics","floor":14},{"not_picked":["Glass Knife","Phantasmal Killer"],"picked":"Adrenaline","floor":16},{"not_picked":["Slice","Skewer"],"picked":"Backstab","floor":18},{"not_picked":["Quick Slash","PiercingWail"],"picked":"Bane+1","floor":21},{"not_picked":["Masterful Stab","Sucker Punch+1"],"picked":"Blur","floor":22},{"not_picked":["Terror+1","Crippling Poison"],"picked":"Eviscerate","floor":25},{"not_picked":["Underhanded Strike","Poisoned Stab"],"picked":"Leg Sweep","floor":27},{"not_picked":["Finisher+1","Bane+1"],"picked":"Catalyst+1","floor":28},{"not_picked":["Caltrops","All Out Attack","Flying Knee"],"picked":"SKIP","floor":29},{"not_picked":["Blade Dance+1","Deadly Poison+1","Flying Knee+1"],"picked":"SKIP","floor":30},{"not_picked":["A Thousand Cuts","Envenom"],"picked":"Wraith Form v2","floor":33},{"not_picked":["Escape Plan","Cloak And Dagger+1"],"picked":"Underhanded Strike+1","floor":34},{"not_picked":["Caltrops","Dagger Throw+1","PiercingWail+1"],"picked":"SKIP","floor":35},{"not_picked":["Bane","Deadly Poison","Dodge and Roll+1"],"picked":"SKIP","floor":36},{"not_picked":["Eviscerate+1","Quick Slash+1"],"picked":"Bouncing Flask","floor":37},{"not_picked":["Venomology","Deflect+1","Masterful Stab+1"],"picked":"SKIP","floor":38},{"not_picked":["Deflect","Escape Plan+1","Backflip"],"picked":"SKIP","floor":40},{"not_picked":["Dagger Throw","Prepared+1"],"picked":"Malaise+1","floor":42},{"not_picked":["Deflect+1","Predator"],"picked":"Underhanded Strike+1","floor":45},{"not_picked":["Quick Slash","Blade Dance","Reflex"],"picked":"SKIP","floor":46}],"player_experience":401265,"potions_floor_usage":[16,22,22,29,33,40,45,50,50],"damage_taken":[{"damage":0,"enemies":"2 Louse","floor":1,"turns":3},{"damage":1,"enemies":"Cultist","floor":2,"turns":3},{"damage":0,"enemies":"Small Slimes","floor":5,"turns":3},{"damage":5,"enemies":"3 Sentries","floor":7,"turns":9},{"damage":4,"enemies":"Gremlin Gang","floor":8,"turns":4},{"damage":1,"enemies":"Exordium Wildlife","floor":12,"turns":3},{"damage":0,"enemies":"3 Louse","floor":14,"turns":4},{"damage":1,"enemies":"Hexaghost","floor":16,"turns":8},{"damage":1,"enemies":"Chosen","floor":18,"turns":5},{"damage":0,"enemies":"Spheric Guardian","floor":21,"turns":4},{"damage":8,"enemies":"Chosen and Byrds","floor":22,"turns":4},{"damage":10,"enemies":"Slaver and Parasite","floor":25,"turns":4},{"damage":1,"enemies":"Centurion and Healer","floor":27,"turns":5},{"damage":0,"enemies":"Snake Plant","floor":28,"turns":4},{"damage":11,"enemies":"3 Cultists","floor":29,"turns":4},{"damage":30,"enemies":"Slavers","floor":30,"turns":5},{"damage":0,"enemies":"Champ","floor":33,"turns":8},{"damage":0,"enemies":"Orb Walker","floor":35,"turns":3},{"damage":0,"enemies":"3 Shapes","floor":36,"turns":4},{"damage":0,"enemies":"Maw","floor":37,"turns":5},{"damage":15,"enemies":"3 Darklings","floor":38,"turns":5},{"damage":9,"enemies":"Giant Head","floor":40,"turns":6},{"damage":0,"enemies":"2 Orb Walkers","floor":42,"turns":4},{"damage":34,"enemies":"Sphere and 2 Shapes","floor":45,"turns":3},{"damage":0,"enemies":"4 Shapes","floor":46,"turns":4},{"damage":31,"enemies":"Donu and Deca","floor":50,"turns":10}],"relics_obtained":[{"floor":7,"key":"Whetstone"},{"floor":9,"key":"Vajra"},{"floor":26,"key":"Ancient Tea Set"},{"floor":30,"key":"Oddly Smooth Stone"},{"floor":40,"key":"Mango"},{"floor":42,"key":"Potion Belt"},{"floor":43,"key":"Blood Vial"}],"event_choices":[{"event_name":"Scrap Ooze","player_choice":"success","floor":4,"damage_taken":12},{"event_name":"Golden Shrine","player_choice":"Pray","floor":11,"damage_taken":0},{"event_name":"Liars Game","player_choice":"agreed","floor":13,"damage_taken":0},{"event_name":"The Mausoleum","player_choice":"Yes","floor":20,"damage_taken":0},{"event_name":"The Library","player_choice":"Read","floor":24,"damage_taken":0},{"event_name":"Beggar","player_choice":"Gave Gold","floor":31,"damage_taken":0}],"boss_relics":[{"not_picked":["Cursed Key","Ectoplasm"],"picked":"Snecko Eye"},{"not_picked":["Tiny House","Astrolabe"],"picked":"Orrery"}],"potions_floor_spawned":[5,7,12,14,18,27,30,33,38,42,45,46],"seed_played":"-6200815816184101858","ascension_level":1,"potions_obtained":[{"floor":5,"key":"SkillPotion"},{"floor":7,"key":"AttackPotion"},{"floor":12,"key":"GamblersBrew"},{"floor":18,"key":"Explosive Potion"},{"floor":27,"key":"Ancient Potion"},{"floor":30,"key":"Weak Potion"},{"floor":33,"key":"FearPotion"},{"floor":38,"key":"Fire Potion"},{"floor":42,"key":"LiquidBronze"},{"floor":45,"key":"Explosive Potion"},{"floor":46,"key":"SteroidPotion"}],"is_trial":false}