{"gold_per_floor":[118,129,49,64,64,64,89,89,89,89,89,89,14,28,28,124,124,138,138,159,178,19,19,42,42,65,65,65,78,92,92],"floor_reached":31,"playtime":930,"items_purged":["Pain"],"score":470,"play_id":"1c93a8f8-b6cc-4ecf-8391-07ab9a316e3e","local_time":"20181231181714","is_ascension_mode":true,"campfire_choices":[{"data":"Defragment","floor":6,"key":"SMITH"},{"floor":8,"key":"REST"},{"data":"Zap","floor":11,"key":"SMITH"},{"data":"Loop","floor":15,"key":"SMITH"},{"floor":23,"key":"REST"}],"neow_cost":"NONE","seed_source_timestamp":346878058664856,"circlet_count":0,"master_deck":["AscendersBane","Strike_B","Strike_B","Strike_B","Strike_B","Defend_B","Defend_B","Defend_B","Defend_B","Zap+1","Dualcast","Compile Driver","Barrage","White Noise","Defragment+1","Ball Lightning","Undo","Injury","Loop+1","Gash","Electrodynamics","Hologram","Doom and Gloom","Glacier","Coolheaded","Sweeping Beam"],"relics":["Cracked Core","Question Card","Kunai","Golden Idol","Busted Crown","WarpedTongs","Juzu Bracelet"],"potions_floor_usage":[7,16,29,31],"damage_taken":[{"damage":1,"enemies":"Cultist","floor":1,"turns":3},{"damage":8,"enemies":"2 Louse","floor":2,"turns":2},{"damage":7,"enemies":"Jaw Worm","floor":4,"turns":2},{"damage":34,"enemies":"Gremlin Nob","floor":7,"turns":4},{"damage":6,"enemies":"2 Fungi Beasts","floor":14,"turns":3},{"damage":23,"enemies":"Hexaghost","floor":16,"turns":8},{"damage":15,"enemies":"3 Byrds","floor":18,"turns":3},{"damage":36,"enemies":"Shell Parasite","floor":20,"turns":4},{"damage":16,"enemies":"Sentry and Sphere","floor":21,"turns":5},{"damage":6,"enemies":"Centurion and Healer","floor":24,"turns":4},{"damage":5,"enemies":"3 Cultists","floor":29,"turns":3},{"damage":0,"enemies":"Cultist and Chosen","floor":30,"turns":3},{"damage":32,"enemies":"Chosen and Byrds","floor":31,"turns":5}],"seed_played":"8317641585855055743","potions_obtained":[{"floor":4,"key":"SpeedPotion"},{"floor":14,"key":"Strength Potion"},{"floor":18,"key":"FairyPotion"},{"floor":21,"key":"Swift Potion"},{"floor":30,"key":"AttackPotion"}],"is_trial":false,"path_per_floor":["M","M","$","M","?","R","E","R","T","?","R","?","$","M","R","B",null,"M","?","M","M","$","R","M","?","T","?","?","M","M","M"],"character_chosen":"DEFECT","items_purchased":["Defragment","Loop","Glacier"],"campfire_rested":2,"item_purchase_floors":[3,13,22],"current_hp_per_floor":[63,55,55,48,48,48,14,35,35,35,35,35,35,29,29,6,55,40,40,4,3,3,24,18,18,18,18,32,27,27,0],"gold":92,"neow_bonus":"THREE_CARDS","is_prod":false,"is_daily":false,"chose_seed":false,"campfire_upgraded":3,"win_rate":0,"timestamp":1546276634,"path_taken":["M","M","$","?","?","R","E","R","T","?","R","?","$","M","R","BOSS","M","?","M","?","$","R","M","?","T","?","?","M","M","M"],"build_version":"2018-12-20","purchased_purges":1,"victory":false,"max_hp_per_floor":[71,71,71,71,71,71,71,71,71,71,71,71,71,71,71,71,71,71,71,71,71,71,71,71,71,71,71,71,71,71,71],"card_choices":[{"not_picked":["Double Energy","Force Field"],"picked":"Compile Driver","floor":0},{"not_picked":["Turbo","Steam"],"picked":"Barrage","floor":1},{"not_picked":["Compile Driver","Double Energy"],"picked":"White Noise","floor":2},{"not_picked":["Coolheaded","Genetic Algorithm"],"picked":"Ball Lightning","floor":4},{"not_picked":["Blizzard","Capacitor"],"picked":"Undo","floor":7},{"not_picked":["Ball Lightning","Skim","Sweeping Beam"],"picked":"Gash","floor":14},{"not_picked":["Machine Learning","Creative AI","Multi-Cast"],"picked":"Electrodynamics","floor":16},{"not_picked":["Rebound","Loop"],"picked":"SKIP","floor":18},{"not_picked":["Streamline"],"picked":"Hologram","floor":20},{"not_picked":["Sunder"],"picked":"Doom and Gloom","floor":21},{"not_picked":["Cold Snap"],"picked":"Coolheaded","floor":24},{"not_picked":["Undo","Barrage"],"picked":"SKIP","floor":29},{"not_picked":["Steam"],"picked":"Sweeping Beam","floor":30}],"player_experience":1085553,"relics_obtained":[{"floor":7,"key":"Question Card"},{"floor":9,"key":"Kunai"},{"floor":26,"key":"Juzu Bracelet"}],"event_choices":[{"damage_healed":0,"gold_gain":0,"player_choice":"Ignored","damage_taken":0,"max_hp_gain":0,"max_hp_loss":0,"event_name":"Shining Light","floor":5,"gold_loss":0},{"damage_healed":0,"gold_gain":0,"player_choice":"Take Wound","damage_taken":0,"relics_obtained":["Golden Idol"],"max_hp_gain":0,"max_hp_loss":0,"event_name":"Golden Idol","floor":10,"gold_loss":0,"cards_obtained":["Injury"]},{"damage_healed":0,"gold_gain":0,"player_choice":"Ignored","damage_taken":0,"max_hp_gain":0,"max_hp_loss":0,"event_name":"Liars Game","floor":12,"gold_loss":0},{"damage_healed":0,"gold_gain":0,"player_choice":"Rummage","damage_taken":0,"relics_obtained":["WarpedTongs"],"max_hp_gain":0,"max_hp_loss":0,"event_name":"Accursed Blacksmith","floor":19,"gold_loss":0,"cards_obtained":["Pain"]},{"damage_healed":0,"gold_gain":0,"player_choice":"Ignored","damage_taken":0,"max_hp_gain":0,"max_hp_loss":0,"event_name":"N\u0027loth","floor":25,"gold_loss":0},{"damage_healed":0,"gold_gain":0,"player_choice":"Ignored","damage_taken":0,"max_hp_gain":0,"max_hp_loss":0,"event_name":"The Mausoleum","floor":27,"gold_loss":0},{"damage_healed":14,"gold_gain":0,"player_choice":"Heal","damage_taken":0,"max_hp_gain":0,"max_hp_loss":0,"event_name":"The Library","floor":28,"gold_loss":0}],"is_beta":false,"boss_relics":[{"not_picked":["Philosopher\u0027s Stone","Lizard Tail"],"picked":"Busted Crown"}],"items_purged_floors":[22],"is_endless":false,"potions_floor_spawned":[4,14,18,21,30],"killed_by":"Chosen and Byrds","ascension_level":20}