{"gold_per_floor":[113,113,132,132,132,132,143,143,169,199,212,247,50,68,68,68],"floor_reached":16,"playtime":668,"items_purged":["Strike_B"],"score":190,"play_id":"324d895a-9fd9-4dd9-9cfd-66d248e4db6d","local_time":"20190414022308","is_ascension_mode":true,"campfire_choices":[{"data":"Zap","floor":6,"key":"SMITH"},{"data":"Dualcast","floor":8,"key":"SMITH"},{"data":"Capacitor","floor":15,"key":"SMITH"}],"neow_cost":"PERCENT_DAMAGE","seed_source_timestamp":41832588265749,"circlet_count":0,"master_deck":["AscendersBane","Strike_B","Strike_B","Strike_B","Defend_B","Defend_B","Defend_B","Defend_B","Zap+1","Dualcast+1","Capacitor+1","Leap","Electrodynamics","Compile Driver","Coolheaded","Steam","Loop","Coolheaded"],"relics":["Cracked Core","Happy Flower","Blue Candle","PreservedInsect"],"potions_floor_usage":[5,10,10,10,14],"damage_taken":[{"damage":4,"enemies":"2 Louse","floor":1,"turns":3},{"damage":2,"enemies":"Jaw Worm","floor":3,"turns":3},{"damage":0,"enemies":"Cultist","floor":7,"turns":3},{"damage":24,"enemies":"Gremlin Nob","floor":10,"turns":4},{"damage":3,"enemies":"Blue Slaver","floor":11,"turns":4},{"damage":16,"enemies":"Lagavulin","floor":12,"turns":7},{"damage":0,"enemies":"Looter","floor":14,"turns":4},{"damage":33,"enemies":"Hexaghost","floor":16,"turns":15}],"seed_played":"5042385812928952357","potions_obtained":[{"floor":1,"key":"FocusPotion"},{"floor":5,"key":"Fruit Juice"},{"floor":5,"key":"EssenceOfSteel"},{"floor":5,"key":"FocusPotion"},{"floor":11,"key":"GamblersBrew"},{"floor":12,"key":"Dexterity Potion"},{"floor":14,"key":"LiquidBronze"}],"is_trial":false,"path_per_floor":["M","?","M","?","?","R","M","R","T","E","M","E","$","M","R","B"],"character_chosen":"DEFECT","items_purchased":["Steam","Loop"],"campfire_rested":0,"item_purchase_floors":[13,13],"current_hp_per_floor":[60,60,58,63,68,68,68,68,68,44,41,25,25,25,25,0],"gold":68,"neow_bonus":"TWENTY_PERCENT_HP_BONUS","is_prod":false,"is_daily":false,"chose_seed":false,"campfire_upgraded":3,"win_rate":0,"timestamp":1555219388,"path_taken":["M","?","M","?","?","R","M","R","T","E","?","E","$","M","R","BOSS"],"build_version":"2019-01-23","purchased_purges":1,"victory":false,"max_hp_per_floor":[89,89,89,94,99,99,99,99,99,99,99,99,99,99,99,99],"card_choices":[{"not_picked":["Beam Cell","Melter"],"picked":"Capacitor","floor":1},{"not_picked":["Stack","Gash"],"picked":"Leap","floor":3},{"not_picked":["Hello World","Steam Power","Storm"],"picked":"SKIP","floor":7},{"not_picked":["Stack","Conserve Battery"],"picked":"Electrodynamics","floor":10},{"not_picked":["Doom and Gloom","Chaos"],"picked":"Compile Driver","floor":11},{"not_picked":["Self Repair","Darkness"],"picked":"Coolheaded","floor":12},{"not_picked":["Stack","Rip and Tear"],"picked":"Coolheaded","floor":14}],"player_experience":623517,"relics_obtained":[{"floor":9,"key":"Happy Flower"},{"floor":10,"key":"Blue Candle"},{"floor":12,"key":"PreservedInsect"}],"event_choices":[{"damage_healed":0,"gold_gain":0,"player_choice":"Ignored","damage_taken":0,"max_hp_gain":0,"max_hp_loss":0,"event_name":"Liars Game","floor":2,"gold_loss":0},{"damage_healed":0,"gold_gain":0,"player_choice":"Donut","damage_taken":0,"max_hp_gain":5,"max_hp_loss":0,"event_name":"Big Fish","floor":4,"gold_loss":0},{"damage_healed":0,"gold_gain":0,"player_choice":"Got Potions","damage_taken":0,"max_hp_gain":0,"max_hp_loss":0,"event_name":"Lab","floor":5,"gold_loss":0}],"is_beta":false,"boss_relics":[],"items_purged_floors":[13],"is_endless":false,"potions_floor_spawned":[1,11,12,14],"killed_by":"Hexaghost","ascension_level":10}