{"path_per_floor":["M","?","M","M","M","R","$","E","T","M","?","?","E","M","R","B",null,"M","M","?","M","$","R","E","?","T","$","T","R","?","M","R","B",null,"M","?","?","?","?","R","E","M","T","M","?","M","R","$","R"],"character_chosen":"IRONCLAD","items_purchased":["Metallicize","Magic Flower","Finesse","Medical Kit"],"gold_per_floor":[118,68,83,97,115,115,39,68,137,154,218,318,352,362,362,462,462,481,495,524,541,178,178,203,203,203,40,120,120,120,135,135,235,235,254,254,254,254,254,254,286,304,304,317,317,327,327,73,73,73],"floor_reached":50,"campfire_rested":3,"playtime":6039,"current_hp_per_floor":[41,41,44,50,46,70,70,67,67,65,75,75,65,73,73,34,80,66,41,30,44,44,68,48,48,48,48,48,48,48,74,74,51,80,78,68,68,68,68,68,80,80,80,80,80,58,58,58,80,0],"items_purged":["Strike_R","Strike_R","Defend_R"],"gold":73,"score":523,"play_id":"c153c750-fa57-46fa-b2a4-ec1e0da5d79f","local_time":"20180521215750","is_prod":false,"is_daily":false,"chose_seed":false,"is_ascension_mode":true,"campfire_upgraded":5,"timestamp":1526965070,"campfire_choices":[{"floor":6.0,"key":"REST"},{"data":"True Grit","floor":15.0,"key":"SMITH"},{"floor":23.0,"key":"REST"},{"data":"Barricade","floor":29.0,"key":"SMITH"},{"data":"Entrench","floor":32.0,"key":"SMITH"},{"data":"Entrench","floor":40.0,"key":"SMITH"},{"data":"Armaments","floor":47.0,"key":"SMITH"},{"floor":49.0,"key":"REST"}],"path_taken":["M","?","M","M","M","R","$","E","T","M","?","?","E","M","R","BOSS","M","M","?","M","$","R","E","?","T","$","?","R","?","M","R","BOSS","M","?","?","?","?","R","E","M","T","M","?","M","R","$","R","BOSS"],"build_version":"2018-05-17","seed_source_timestamp":806947854833,"purchased_purges":4,"victory":false,"master_deck":["Strike_R","Defend_R","Bash","Rampage","Feel No Pain","Dual Wield+1","Metallicize","Barricade+1","Entrench+1","Thunderclap+1","Iron Wave+1","True Grit+1","Juggernaut","Seeing Red","Metallicize","Feel No Pain","Metallicize+1","Entrench+1","Finesse","Feel No Pain+1","Demon Form","True Grit+1","Panache","Madness","Sadistic Nature","Armaments+1","Body Slam+1"],"max_hp_per_floor":[80,80,80,80,80,80,80,80,80,80,80,80,80,80,80,80,80,80,80,80,80,80,80,80,80,80,80,80,80,80,80,80,80,80,80,80,80,80,80,80,80,80,80,80,80,80,80,80,80,80],"relics":["Burning Blood","Bird Faced Urn","Champion Belt","Molten Egg 2","Juzu Bracelet","Question Card","Velvet Choker","Red Mask","Magic Flower","Blood Vial","The Courier","Meat on the Bone","Philosopher\u0027s Stone","Torii","Shovel","Medical Kit"],"card_choices":[{"not_picked":["Reckless Charge","Twin Strike","Warcry"],"picked":"SKIP","floor":1.0},{"not_picked":["Hemokinesis","Pommel Strike"],"picked":"Rampage","floor":3.0},{"not_picked":["True Grit","Flame Barrier"],"picked":"Feel No Pain","floor":4.0},{"not_picked":["Clothesline","Warcry"],"picked":"Dual Wield","floor":5.0},{"not_picked":["Cleave","Anger"],"picked":"Barricade","floor":8.0},{"not_picked":["Shrug It Off","Shockwave"],"picked":"Entrench","floor":10.0},{"not_picked":["Armaments","Anger+1"],"picked":"Thunderclap+1","floor":11.0},{"not_picked":["Thunderclap+1","Carnage+1"],"picked":"Iron Wave+1","floor":13.0},{"not_picked":["Perfected Strike+1","Immolate+1","Clothesline+1"],"picked":"True Grit","floor":14.0},{"not_picked":["Double Tap","Brutality","Reaper+1"],"picked":"Juggernaut","floor":16.0},{"not_picked":["Wild Strike+1","Clothesline+1","Twin Strike+1"],"picked":"Seeing Red","floor":18.0},{"not_picked":["Bloodletting","Headbutt+1","Clash+1"],"picked":"Metallicize","floor":19.0},{"not_picked":["Entrench","Thunderclap+1","Cleave+1"],"picked":"Feel No Pain","floor":20.0},{"not_picked":["Battle Trance","Entrench","Fire Breathing"],"picked":"Metallicize+1","floor":21.0},{"not_picked":["Flex","Combust","Seeing Red"],"picked":"Entrench","floor":24.0},{"not_picked":["Sword Boomerang+1","Pommel Strike+1","Battle Trance"],"picked":"Feel No Pain+1","floor":31.0},{"not_picked":["Fiend Fire+1","Double Tap","Brutality"],"picked":"Demon Form","floor":33.0},{"not_picked":["Perfected Strike+1","Rupture+1","Sword Boomerang+1"],"picked":"True Grit+1","floor":35.0},{"not_picked":["Master of Strategy","Dramatic Entrance","Panacea"],"picked":"Panache","floor":36.0},{"not_picked":["Purity","Flash of Steel","Mind Blast"],"picked":"Madness","floor":36.0},{"not_picked":["Panacea","Thinking Ahead","Deep Breath"],"picked":"Sadistic Nature","floor":36.0},{"not_picked":["Hemokinesis+1","Flame Barrier","Thunderclap+1","Corruption"],"picked":"SKIP","floor":41.0},{"not_picked":["Second Wind+1","Rage+1","Rampage+1"],"picked":"Armaments","floor":42.0},{"not_picked":["Uppercut+1","Searing Blow+1","Flame Barrier+1","Pommel Strike+1"],"picked":"SKIP","floor":44.0},{"not_picked":["Second Wind+1","Bloodletting","Anger+1"],"picked":"Body Slam+1","floor":46.0}],"player_experience":389365,"potions_floor_usage":[50],"damage_taken":[{"damage":5.0,"enemies":"2 Louse","floor":1.0,"turns":3.0},{"damage":3.0,"enemies":"Jaw Worm","floor":3.0,"turns":4.0},{"damage":0.0,"enemies":"Small Slimes","floor":4.0,"turns":3.0},{"damage":12.0,"enemies":"Looter","floor":5.0,"turns":4.0},{"damage":13.0,"enemies":"3 Sentries","floor":8.0,"turns":12.0},{"damage":12.0,"enemies":"3 Louse","floor":10.0,"turns":5.0},{"damage":0.0,"enemies":"Gremlin Nob","floor":11.0,"turns":5.0},{"damage":22.0,"enemies":"Lagavulin","floor":13.0,"turns":9.0},{"damage":0.0,"enemies":"Red Slaver","floor":14.0,"turns":5.0},{"damage":51.0,"enemies":"The Guardian","floor":16.0,"turns":16.0},{"damage":26.0,"enemies":"Spheric Guardian","floor":18.0,"turns":8.0},{"damage":41.0,"enemies":"Chosen","floor":19.0,"turns":8.0},{"damage":33.0,"enemies":"Masked Bandits","floor":20.0,"turns":6.0},{"damage":16.0,"enemies":"Snake Plant","floor":21.0,"turns":10.0},{"damage":50.0,"enemies":"Book of Stabbing","floor":24.0,"turns":10.0},{"damage":10.0,"enemies":"Centurion and Healer","floor":31.0,"turns":13.0},{"damage":65.0,"enemies":"Automaton","floor":33.0,"turns":18.0},{"damage":20.0,"enemies":"Orb Walker","floor":35.0,"turns":6.0},{"damage":9.0,"enemies":"Giant Head","floor":41.0,"turns":10.0},{"damage":37.0,"enemies":"3 Darklings","floor":42.0,"turns":10.0},{"damage":15.0,"enemies":"Maw","floor":44.0,"turns":8.0},{"damage":73.0,"enemies":"4 Shapes","floor":46.0,"turns":6.0},{"damage":114,"enemies":"Awakened One","floor":50,"turns":5}],"relics_obtained":[{"floor":8.0,"key":"Champion Belt"},{"floor":9.0,"key":"Molten Egg 2"},{"floor":13.0,"key":"Question Card"},{"floor":20.0,"key":"Red Mask"},{"floor":24.0,"key":"Blood Vial"},{"floor":26.0,"key":"The Courier"},{"floor":28.0,"key":"Meat on the Bone"},{"floor":41.0,"key":"Torii"},{"floor":43.0,"key":"Shovel"}],"event_choices":[{"event_name":"The Cleric","player_choice":"Card Removal","floor":2.0,"damage_taken":0.0},{"event_name":"Dead Adventurer","player_choice":"Searched \u00272\u0027 times","floor":11.0,"damage_taken":0.0},{"event_name":"Golden Shrine","player_choice":"Pray","floor":12.0,"damage_taken":0.0},{"event_name":"Masked Bandits","player_choice":"Fought over 495 gold","floor":20.0,"damage_taken":0.0},{"event_name":"Ghosts","player_choice":"Ignored","floor":25.0,"damage_taken":0.0},{"event_name":"Cursed Tome","player_choice":"Ignored","floor":30.0,"damage_taken":0.0},{"event_name":"SensoryStone","player_choice":"Memory 3","floor":36.0,"damage_taken":0.0},{"event_name":"Bonfire Elementals","player_choice":"BASIC","floor":38.0,"damage_taken":0.0},{"event_name":"Accursed Blacksmith","player_choice":"Forge","floor":39.0,"damage_taken":0.0},{"event_name":"Purifier","player_choice":"One Purge","floor":45.0,"damage_taken":0.0}],"boss_relics":[],"potions_floor_spawned":[1,11,11,16,18,20,33,35,42,44],"seed_played":"-8154400441728604603","killed_by":"Awakened One","ascension_level":1,"potions_obtained":[{"floor":1.0,"key":"Fire Potion"},{"floor":11.0,"key":"Weak Potion"},{"floor":11.0,"key":"Explosive Potion"},{"floor":16.0,"key":"Poison Potion"},{"floor":18.0,"key":"BloodPotion"},{"floor":20.0,"key":"BloodPotion"},{"floor":33.0,"key":"Energy Potion"},{"floor":35.0,"key":"FairyPotion"},{"floor":42.0,"key":"SkillPotion"}],"is_trial":false}