{"gold_per_floor":[113,113,131,143,143,143,176,241,266,278,316,328,358,55,55,55],"floor_reached":16,"playtime":805,"items_purged":[],"score":189,"play_id":"ed46fcc0-1e64-48a0-a1b1-3ed4356ca8bd","local_time":"20190406015102","is_ascension_mode":true,"campfire_choices":[{"data":"Bash","floor":6,"key":"SMITH"},{"floor":12,"key":"REST"},{"data":"Shockwave","floor":15,"key":"SMITH"}],"neow_cost":"NONE","seed_source_timestamp":1281149561843,"circlet_count":0,"master_deck":["AscendersBane","Strike_R","Strike_R","Strike_R+1","Strike_R","Defend_R","Defend_R","Defend_R","Defend_R","Bash+1","Clothesline+1","Shockwave+1","Anger","Headbutt","Impervious"],"relics":["Burning Blood","Vajra","Whetstone","MawBank","Anchor","Art of War"],"potions_floor_usage":[8,11],"damage_taken":[{"damage":1,"enemies":"Cultist","floor":1,"turns":3},{"damage":4,"enemies":"2 Louse","floor":3,"turns":3},{"damage":6,"enemies":"Small Slimes","floor":4,"turns":3},{"damage":32,"enemies":"Lagavulin","floor":7,"turns":7},{"damage":26,"enemies":"Lagavulin Event","floor":8,"turns":5},{"damage":36,"enemies":"3 Sentries","floor":11,"turns":7},{"damage":3,"enemies":"3 Louse","floor":13,"turns":4},{"damage":41,"enemies":"Hexaghost","floor":16,"turns":9}],"seed_played":"-7641206688434899822","potions_obtained":[{"floor":3,"key":"SkillPotion"},{"floor":7,"key":"SteroidPotion"},{"floor":13,"key":"Ancient Potion"}],"is_trial":false,"path_per_floor":["M","?","M","M","?","R","E","?","T","?","E","R","M","$","R","B"],"character_chosen":"IRONCLAD","items_purchased":["Impervious","Art of War"],"campfire_rested":1,"item_purchase_floors":[14,14],"current_hp_per_floor":[80,85,87,87,87,87,61,41,41,41,11,37,40,40,40,0],"gold":55,"neow_bonus":"TEN_PERCENT_HP_BONUS","is_prod":false,"is_daily":false,"chose_seed":false,"campfire_upgraded":2,"win_rate":0,"timestamp":1554526262,"path_taken":["M","?","M","M","?","R","E","?","T","?","E","R","M","$","R","BOSS"],"build_version":"2019-01-23","purchased_purges":0,"victory":false,"max_hp_per_floor":[82,87,87,87,87,87,87,87,87,87,87,87,87,87,87,87],"card_choices":[{"not_picked":["Twin Strike","Flex"],"picked":"Clothesline","floor":1},{"not_picked":["Flex","Twin Strike"],"picked":"Shockwave","floor":3},{"not_picked":["Twin Strike","Battle Trance"],"picked":"Anger","floor":4},{"not_picked":["Second Wind","Twin Strike","Power Through"],"picked":"SKIP","floor":7},{"not_picked":["Dark Embrace","Flex"],"picked":"Headbutt","floor":8},{"not_picked":["Body Slam","Warcry","Headbutt"],"picked":"SKIP","floor":11},{"not_picked":["Warcry","Pummel","Cleave"],"picked":"SKIP","floor":13}],"player_experience":520245,"relics_obtained":[{"floor":7,"key":"Vajra"},{"floor":8,"key":"Whetstone"},{"floor":9,"key":"MawBank"},{"floor":11,"key":"Anchor"}],"event_choices":[{"damage_healed":0,"gold_gain":0,"player_choice":"Donut","damage_taken":0,"max_hp_gain":5,"max_hp_loss":0,"event_name":"Big Fish","floor":2,"gold_loss":0},{"damage_healed":0,"gold_gain":0,"player_choice":"Ignored","damage_taken":0,"max_hp_gain":0,"max_hp_loss":0,"event_name":"Shining Light","floor":5,"gold_loss":0},{"damage_healed":0,"gold_gain":0,"player_choice":"Searched \u00271\u0027 times","damage_taken":0,"max_hp_gain":0,"max_hp_loss":0,"event_name":"Dead Adventurer","floor":8,"gold_loss":0},{"cards_removed":["Strike_R"],"damage_healed":0,"gold_gain":0,"player_choice":"Purged","damage_taken":0,"max_hp_gain":0,"max_hp_loss":0,"event_name":"Purifier","floor":10,"gold_loss":0}],"is_beta":false,"boss_relics":[],"items_purged_floors":[],"is_endless":false,"potions_floor_spawned":[3,7,13],"killed_by":"Hexaghost","ascension_level":15}