{"gold_per_floor":[112,124,139,2,19,48,0,27,27,37,37],"floor_reached":11,"playtime":629,"items_purged":[],"score":111,"play_id":"0bdce971-7497-462d-958e-52f355f7d6a3","local_time":"20190425000511","is_ascension_mode":true,"campfire_choices":[],"neow_cost":"NONE","seed_source_timestamp":341668184497200,"circlet_count":0,"master_deck":["Defend_G","Defend_G","Defend_G","Defend_G","Defend_G","Strike_G","Strike_G","Strike_G","Strike_G","Strike_G","Survivor","Neutralize","Noxious Fumes","Deadly Poison","Quick Slash","Envenom","Leg Sweep","Catalyst","Crippling Poison","Poisoned Stab"],"relics":["Eternal Feather","Unceasing Top","Bag of Marbles","Orichalcum"],"potions_floor_usage":[8,8,8,11],"damage_taken":[{"damage":4,"enemies":"2 Louse","floor":1,"turns":4},{"damage":0,"enemies":"Cultist","floor":2,"turns":4},{"damage":4,"enemies":"Small Slimes","floor":3,"turns":4},{"damage":6,"enemies":"2 Fungi Beasts","floor":5,"turns":4},{"damage":19,"enemies":"3 Sentries","floor":6,"turns":9},{"damage":21,"enemies":"Gremlin Nob","floor":8,"turns":5},{"damage":0,"enemies":"Red Slaver","floor":10,"turns":4},{"damage":20,"enemies":"Gremlin Gang","floor":11,"turns":3}],"seed_played":"-6647050801564519179","potions_obtained":[{"floor":2,"key":"AttackPotion"},{"floor":5,"key":"Block Potion"},{"floor":8,"key":"Strength Potion"}],"is_trial":false,"path_per_floor":["M","M","M","$","M","E","$","E","T","M","M"],"character_chosen":"THE_SILENT","items_purchased":["Envenom","Explosive Potion"],"campfire_rested":0,"item_purchase_floors":[4,7],"current_hp_per_floor":[59,59,55,55,49,30,30,9,9,9,0],"gold":37,"neow_bonus":"BOSS_RELIC","is_prod":false,"is_daily":false,"chose_seed":false,"campfire_upgraded":0,"win_rate":0,"timestamp":1556175911,"path_taken":["M","M","M","$","M","E","$","E","T","M","M"],"build_version":"2019-04-23","purchased_purges":0,"victory":false,"max_hp_per_floor":[70,70,70,70,70,70,70,70,70,70,70],"card_choices":[{"not_picked":["Outmaneuver","Deflect"],"picked":"Noxious Fumes","floor":1},{"not_picked":["Dagger Throw","Dodge and Roll"],"picked":"Deadly Poison","floor":2},{"not_picked":["Acrobatics","Dodge and Roll"],"picked":"Quick Slash","floor":3},{"not_picked":["Bane","Blade Dance"],"picked":"Leg Sweep","floor":5},{"not_picked":["Accuracy","Dagger Throw"],"picked":"Catalyst","floor":6},{"not_picked":["PiercingWail","Reflex"],"picked":"Crippling Poison","floor":8},{"not_picked":["Dodge and Roll","Sucker Punch"],"picked":"Poisoned Stab","floor":10}],"player_experience":692356,"relics_obtained":[{"floor":6,"key":"Unceasing Top"},{"floor":8,"key":"Bag of Marbles"},{"floor":9,"key":"Orichalcum"}],"event_choices":[],"is_beta":true,"boss_relics":[],"items_purged_floors":[],"is_endless":false,"potions_floor_spawned":[2,5,8],"killed_by":"Gremlin Gang","ascension_level":6}