{"gold_per_floor":[109,109,128,49,49,80,98,4,4,30,30,56,70,70,70,171,171,186,201,215,235,252,252,277,277,301,301],"floor_reached":27,"playtime":3527,"items_purged":[],"score":455,"play_id":"4012a9e7-1afe-44b0-9131-8b82cacc06b9","local_time":"20190429200001","is_ascension_mode":true,"campfire_choices":[{"data":"Footwork","floor":11,"key":"SMITH"},{"data":"Dash","floor":15,"key":"SMITH"},{"floor":23,"key":"REST"},{"floor":25,"key":"REST"}],"neow_cost":"NONE","seed_source_timestamp":195362171460736,"circlet_count":0,"master_deck":["AscendersBane","Defend_G","Defend_G","Defend_G","Defend_G","Defend_G","Strike_G","Strike_G+1","Strike_G","Strike_G","Survivor","Neutralize","Dagger Spray+1","Flying Knee","Dash+1","Footwork+1","Poisoned Stab","Flash of Steel","Escape Plan","PiercingWail","Corpse Explosion","PiercingWail+1","Footwork+1"],"special_seed":0,"relics":["Ring of the Snake","NeowsBlessing","Blue Candle","Bottled Flame","WingedGreaves","Mercury Hourglass","Sozu","Matryoshka","Smiling Mask","Snake Skull"],"potions_floor_usage":[16,21],"damage_taken":[{"damage":0.0,"enemies":"2 Louse","floor":1.0,"turns":1.0},{"damage":0.0,"enemies":"Small Slimes","floor":3.0,"turns":1.0},{"damage":0,"enemies":"Gremlin Nob","floor":6,"turns":1},{"damage":0,"enemies":"Jaw Worm","floor":7,"turns":3},{"damage":8,"enemies":"Lagavulin","floor":10,"turns":8},{"damage":2,"enemies":"3 Sentries","floor":12,"turns":8},{"damage":0,"enemies":"Looter","floor":13,"turns":3},{"damage":18,"enemies":"The Guardian","floor":16,"turns":14},{"damage":13,"enemies":"Spheric Guardian","floor":18,"turns":4},{"damage":0,"enemies":"3 Byrds","floor":19,"turns":3},{"damage":8,"enemies":"Centurion and Healer","floor":20,"turns":4},{"damage":5,"enemies":"Snecko","floor":21,"turns":8},{"damage":16,"enemies":"Snake Plant","floor":22,"turns":5},{"damage":21,"enemies":"Gremlin Leader","floor":24,"turns":9},{"damage":38,"enemies":"Book of Stabbing","floor":27,"turns":5}],"seed_played":"4988365973280416801","potions_obtained":[{"floor":3.0,"key":"Ancient Potion"},{"floor":7,"key":"Energy Potion"},{"floor":12,"key":"Weak Potion"}],"is_trial":false,"path_per_floor":["?","?","$"],"character_chosen":"THE_SILENT","items_purchased":["Dash","Flash of Steel"],"campfire_rested":2,"item_purchase_floors":[4,8],"current_hp_per_floor":[63,56,56,56,42,42,42,42,42,34,34,32,32,32,32,14,56,43,43,35,30,14,35,14,35,35,0],"gold":301,"neow_bonus":"THREE_ENEMY_KILL","is_prod":false,"is_daily":false,"chose_seed":false,"campfire_upgraded":2,"win_rate":0,"timestamp":1556542801,"path_taken":["M","?","M","$","?","E","M","?","T","E","R","E","M","$","R","BOSS","M","M","M","M","M","R","E","R","T","E"],"build_version":"2019-01-23","purchased_purges":0,"victory":false,"max_hp_per_floor":[70,70,70,70,70,70,70,70,70,70,70,70,70,70,70,70,70,70,70,70,70,70,70,70,70,70,70],"card_choices":[{"not_picked":["Slice","Outmaneuver"],"picked":"Dagger Spray","floor":1.0},{"not_picked":["Poisoned Stab","Eviscerate"],"picked":"Flying Knee","floor":3.0},{"not_picked":["Dodge and Roll","Concentrate"],"picked":"Footwork","floor":6},{"not_picked":["Dagger Spray","Acrobatics"],"picked":"Poisoned Stab","floor":7},{"not_picked":["Underhanded Strike","Night Terror"],"picked":"Escape Plan","floor":10},{"not_picked":["Catalyst","Flying Knee","Sucker Punch"],"picked":"SKIP","floor":12},{"not_picked":["Flechettes","Dagger Spray"],"picked":"PiercingWail","floor":13},{"not_picked":["Glass Knife","Venomology"],"picked":"Corpse Explosion","floor":16},{"not_picked":["Dagger Spray","Quick Slash","Acrobatics"],"picked":"SKIP","floor":18},{"not_picked":["Acrobatics","Accuracy"],"picked":"PiercingWail+1","floor":19},{"not_picked":["Flying Knee","Flechettes","Backstab"],"picked":"SKIP","floor":20},{"not_picked":["Outmaneuver+1","Tactician"],"picked":"Footwork+1","floor":21},{"not_picked":["Bane","Reflex","Sucker Punch"],"picked":"SKIP","floor":22},{"not_picked":["Tools of the Trade","Distraction","Prepared+1"],"picked":"SKIP","floor":24}],"player_experience":323805,"relics_obtained":[{"floor":6,"key":"Blue Candle"},{"floor":9,"key":"Bottled Flame"},{"floor":10,"key":"WingedGreaves"},{"floor":12,"key":"Mercury Hourglass"},{"floor":24,"key":"Matryoshka"},{"floor":26,"key":"Smiling Mask"},{"floor":26,"key":"Snake Skull"}],"event_choices":[{"cards_removed":["Strike_G"],"damage_healed":0.0,"max_hp_gain":0.0,"max_hp_loss":0.0,"gold_gain":0.0,"event_name":"Golden Wing","player_choice":"Card Removal","floor":2.0,"gold_loss":0.0,"damage_taken":7.0},{"damage_healed":0,"gold_gain":0,"player_choice":"Entered Light","damage_taken":14,"max_hp_gain":0,"max_hp_loss":0,"event_name":"Shining Light","floor":5,"gold_loss":0,"cards_upgraded":["Strike_G","Dagger Spray"]}],"is_beta":false,"boss_relics":[{"not_picked":["Ring of the Serpent","Calling Bell"],"picked":"Sozu"}],"items_purged_floors":[],"is_endless":false,"potions_floor_spawned":[3,7,12,13,18,21,22,24],"killed_by":"Book of Stabbing","ascension_level":10}