{"gold_per_floor":[363,376,376,393,393,427,196,212,260,281,86,99,99,123,123,123],"floor_reached":16,"playtime":759,"items_purged":["Pain"],"score":114,"play_id":"ca31a385-d809-4f41-97ad-5cbc018f31de","local_time":"20190327153357","is_ascension_mode":true,"campfire_choices":[{"data":"True Grit","floor":13,"key":"SMITH"},{"data":"Whirlwind","floor":15,"key":"SMITH"}],"neow_cost":"CURSE","seed_source_timestamp":540449106472,"circlet_count":0,"master_deck":["Strike_R","Strike_R","Strike_R","Strike_R","Strike_R","Defend_R","Defend_R","Defend_R","Defend_R","Bash","Seeing Red","Inflame","Pommel Strike","Whirlwind+1","True Grit+1","Clothesline"],"relics":["Burning Blood","Golden Idol","Letter Opener","Bronze Scales","Orichalcum"],"potions_floor_usage":[10,16],"damage_taken":[{"damage":5,"enemies":"Small Slimes","floor":1,"turns":4},{"damage":4,"enemies":"2 Louse","floor":2,"turns":3},{"damage":10,"enemies":"Jaw Worm","floor":4,"turns":2},{"damage":34,"enemies":"Lagavulin","floor":6,"turns":7},{"damage":7,"enemies":"Looter","floor":8,"turns":3},{"damage":9,"enemies":"Exordium Wildlife","floor":10,"turns":3},{"damage":0,"enemies":"Lots of Slimes","floor":12,"turns":1},{"damage":16,"enemies":"Large Slime","floor":14,"turns":6},{"damage":26,"enemies":"Hexaghost","floor":16,"turns":9}],"seed_played":"-2100816799934694806","potions_obtained":[{"floor":1,"key":"Block Potion"},{"floor":6,"key":"Strength Potion"},{"floor":8,"key":"Dexterity Potion"},{"floor":12,"key":"LiquidBronze"}],"is_trial":false,"path_per_floor":["M","M","?","M","?","E","$","M","T","M","$","M","R","M","R","B"],"character_chosen":"IRONCLAD","items_purchased":["Bronze Scales","Orichalcum","Clothesline"],"campfire_rested":0,"item_purchase_floors":[7,11,11],"current_hp_per_floor":[80,80,85,81,60,32,32,31,31,28,28,34,34,24,24,0],"gold":123,"neow_bonus":"TWO_FIFTY_GOLD","is_prod":false,"is_daily":false,"chose_seed":false,"campfire_upgraded":2,"win_rate":0,"timestamp":1553711637,"path_taken":["M","M","?","M","?","E","$","M","T","M","$","M","R","M","R","BOSS"],"build_version":"2019-01-23","purchased_purges":1,"victory":false,"max_hp_per_floor":[80,80,85,85,85,85,85,85,85,85,85,85,85,85,85,85],"card_choices":[{"not_picked":["Heavy Blade","Perfected Strike"],"picked":"Seeing Red","floor":1},{"not_picked":["Combust","Twin Strike"],"picked":"Inflame","floor":2},{"not_picked":["Wild Strike","Headbutt"],"picked":"Pommel Strike","floor":4},{"not_picked":["Armaments","Combust","Twin Strike"],"picked":"SKIP","floor":6},{"not_picked":["Sentinel","Ghostly Armor"],"picked":"Whirlwind","floor":8},{"not_picked":["Cleave","Rupture"],"picked":"True Grit","floor":10},{"not_picked":["Rupture","Rage","Wild Strike"],"picked":"SKIP","floor":12},{"not_picked":["Twin Strike","Cleave","Havoc"],"picked":"SKIP","floor":14}],"player_experience":398238,"relics_obtained":[{"floor":6,"key":"Letter Opener"}],"event_choices":[{"damage_healed":0,"gold_gain":0,"player_choice":"Donut","damage_taken":0,"max_hp_gain":5,"max_hp_loss":0,"event_name":"Big Fish","floor":3,"gold_loss":0},{"damage_healed":0,"gold_gain":0,"player_choice":"Take Damage","damage_taken":21,"relics_obtained":["Golden Idol"],"max_hp_gain":0,"max_hp_loss":0,"event_name":"Golden Idol","floor":5,"gold_loss":0}],"is_beta":false,"boss_relics":[],"items_purged_floors":[7],"is_endless":false,"potions_floor_spawned":[1,6,8,12],"killed_by":"Hexaghost","ascension_level":2}