{"gold_per_floor":[117,131,147,3,3,3,30,48,100,128,145,145,170,181,181,280,280,300,320,21,21,21,49,49,49,49,62,76,76,95,19,19,115,115,126,126,1125,1137,605,631,631,631,654,654,654,8,25,42,42,42],"floor_reached":51,"playtime":2219,"items_purged":["Strike_G","Strike_G","Writhe"],"score":1160,"play_id":"a9ca0d2f-6ddd-482a-9a1d-a9f5076f65b4","local_time":"20190412010817","is_ascension_mode":true,"campfire_choices":[{"data":"Skewer","floor":6,"key":"SMITH"},{"data":"Noxious Fumes","floor":12,"key":"SMITH"},{"data":"Neutralize","floor":15,"key":"SMITH"},{"data":"After Image","floor":24,"key":"SMITH"},{"data":"Footwork","floor":29,"key":"SMITH"},{"data":"Noxious Fumes","floor":32,"key":"SMITH"},{"data":"After Image","floor":42,"key":"SMITH"},{"data":"Footwork","floor":44,"key":"SMITH"},{"data":"Noxious Fumes","floor":49,"key":"SMITH"}],"neow_cost":"NONE","seed_source_timestamp":33765845366206,"circlet_count":0,"master_deck":["Defend_G","Defend_G","Defend_G","Defend_G","Defend_G","Strike_G","Strike_G","Strike_G","Survivor","Neutralize+1","Flying Knee","Sucker Punch","Skewer+1","Noxious Fumes+1","Dagger Spray","Dash","PiercingWail","Adrenaline","After Image+1","Catalyst","All Out Attack+1","PiercingWail","Flying Knee","Noxious Fumes+1","Footwork+1","Dodge and Roll+1","Deflect","Deflect","Noxious Fumes+1","After Image+1","Catalyst","Footwork+1","Dash","Blur+1","Leg Sweep","Bouncing Flask+1"],"relics":["Ring of the Serpent","Blue Candle","Omamori","Happy Flower","PreservedInsect","Anchor","Velvet Choker","Snake Skull","Sundial","MutagenicStrength","Ninja Scroll","Kunai","Boot","Vajra","Mango","Centennial Puzzle"],"potions_floor_usage":[7,16,23,33,48,50],"damage_taken":[{"damage":1,"enemies":"Cultist","floor":1,"turns":5},{"damage":0,"enemies":"2 Louse","floor":2,"turns":2},{"damage":4,"enemies":"Jaw Worm","floor":3,"turns":4},{"damage":24,"enemies":"Lagavulin","floor":7,"turns":6},{"damage":3,"enemies":"Large Slime","floor":8,"turns":6},{"damage":7,"enemies":"Gremlin Nob","floor":10,"turns":4},{"damage":2,"enemies":"2 Fungi Beasts","floor":11,"turns":3},{"damage":0,"enemies":"3 Sentries","floor":13,"turns":5},{"damage":0,"enemies":"Blue Slaver","floor":14,"turns":4},{"damage":1,"enemies":"Hexaghost","floor":16,"turns":9},{"damage":2,"enemies":"Spheric Guardian","floor":18,"turns":4},{"damage":0,"enemies":"Chosen","floor":19,"turns":4},{"damage":0,"enemies":"Gremlin Leader","floor":23,"turns":5},{"damage":0,"enemies":"Centurion and Healer","floor":27,"turns":5},{"damage":4,"enemies":"Snake Plant","floor":28,"turns":5},{"damage":6,"enemies":"3 Cultists","floor":30,"turns":5},{"damage":13,"enemies":"Champ","floor":33,"turns":10},{"damage":10,"enemies":"3 Darklings","floor":35,"turns":5},{"damage":0,"enemies":"Orb Walker","floor":38,"turns":3},{"damage":0,"enemies":"Giant Head","floor":40,"turns":8},{"damage":17,"enemies":"Transient","floor":47,"turns":5},{"damage":0,"enemies":"Sphere and 2 Shapes","floor":48,"turns":4},{"damage":0,"enemies":"Time Eater","floor":50,"turns":13}],"seed_played":"-3898739071440005951","potions_obtained":[{"floor":0,"key":"Poison Potion"},{"floor":0,"key":"SteroidPotion"},{"floor":0,"key":"Poison Potion"},{"floor":7,"key":"Swift Potion"},{"floor":8,"key":"SteroidPotion"},{"floor":16,"key":"Block Potion"},{"floor":23,"key":"Energy Potion"},{"floor":38,"key":"FearPotion"}],"is_trial":false,"path_per_floor":["M","M","M","$","?","R","E","M","T","E","M","R","E","M","R","B",null,"M","M","$","?","?","E","R","?","T","M","M","R","M","$","R","B",null,"M","?","?","M","$","E","?","R","T","R","?","$","M","M","R","B",null],"character_chosen":"THE_SILENT","items_purchased":["Skewer","PiercingWail","Flying Knee","Noxious Fumes","Snake Skull","Noxious Fumes","Footwork","Kunai","Dash","PowerPotion","Mango","Centennial Puzzle","Leg Sweep"],"campfire_rested":0,"item_purchase_floors":[4,20,20,20,20,31,39,39,39,39,46,46,46],"current_hp_per_floor":[62,62,58,58,55,55,31,28,28,21,19,19,19,19,19,18,57,55,55,55,55,55,55,55,55,55,55,51,51,45,45,45,32,61,51,51,51,51,51,51,51,51,51,51,69,83,66,66,66,66],"gold":42,"neow_bonus":"THREE_SMALL_POTIONS","is_prod":false,"is_daily":false,"chose_seed":false,"campfire_upgraded":9,"win_rate":0,"timestamp":1555042097,"path_taken":["M","M","M","?","?","R","E","M","T","E","M","R","E","M","R","BOSS","M","M","$","?","?","E","R","?","T","M","M","R","M","$","R","BOSS","M","?","?","M","$","E","?","R","T","R","?","$","M","M","R","BOSS"],"build_version":"2019-01-23","purchased_purges":3,"victory":true,"max_hp_per_floor":[70,70,70,70,70,70,70,70,70,70,70,70,70,70,70,70,70,70,70,70,70,70,70,70,70,70,70,70,70,70,70,70,70,70,70,70,70,70,70,70,70,70,70,70,70,84,84,84,84,84],"card_choices":[{"not_picked":["Quick Slash","Outmaneuver"],"picked":"Flying Knee","floor":1},{"not_picked":["Dagger Throw","Concentrate"],"picked":"Sucker Punch","floor":2},{"not_picked":["Reflex","Escape Plan","Catalyst"],"picked":"SKIP","floor":3},{"not_picked":["Backflip","Endless Agony"],"picked":"Noxious Fumes","floor":7},{"not_picked":["Deadly Poison","Wraith Form v2"],"picked":"Dagger Spray","floor":8},{"not_picked":["Slice","Endless Agony"],"picked":"Dash","floor":10},{"not_picked":["Deflect","Masterful Stab"],"picked":"PiercingWail","floor":11},{"not_picked":["Flechettes","Outmaneuver"],"picked":"Adrenaline","floor":13},{"not_picked":["Sucker Punch","Outmaneuver","Quick Slash"],"picked":"SKIP","floor":14},{"not_picked":["Bullet Time","Night Terror"],"picked":"After Image","floor":16},{"not_picked":["Slice","PiercingWail"],"picked":"Catalyst","floor":18},{"not_picked":["Acrobatics","Dodge and Roll"],"picked":"All Out Attack+1","floor":19},{"not_picked":["Die Die Die","Bane"],"picked":"Dodge and Roll+1","floor":23},{"not_picked":["Bane+1","Blade Dance"],"picked":"Deflect","floor":27},{"not_picked":["Skewer","Setup+1"],"picked":"Deflect","floor":28},{"not_picked":["Cloak And Dagger","Sucker Punch+1","Poisoned Stab"],"picked":"SKIP","floor":30},{"not_picked":["Night Terror","Grand Finale"],"picked":"After Image","floor":33},{"not_picked":["Outmaneuver","Acrobatics"],"picked":"Catalyst","floor":35},{"not_picked":["Outmaneuver+1","Cloak And Dagger+1","Terror+1"],"picked":"SKIP","floor":38},{"not_picked":["Dash+1","Bane"],"picked":"Blur+1","floor":40},{"not_picked":["Flying Knee","Sucker Punch"],"picked":"Bouncing Flask+1","floor":47},{"not_picked":["Quick Slash","Slice","Outmaneuver+1"],"picked":"SKIP","floor":48}],"player_experience":611217,"relics_obtained":[{"floor":7,"key":"Omamori"},{"floor":9,"key":"Happy Flower"},{"floor":10,"key":"PreservedInsect"},{"floor":13,"key":"Anchor"},{"floor":23,"key":"Sundial"},{"floor":26,"key":"Ninja Scroll"},{"floor":40,"key":"Boot"},{"floor":43,"key":"Vajra"}],"event_choices":[{"damage_healed":0,"gold_gain":0,"player_choice":"Success","damage_taken":3,"relics_obtained":["Blue Candle"],"max_hp_gain":0,"max_hp_loss":0,"event_name":"Scrap Ooze","floor":5,"gold_loss":0},{"damage_healed":0,"gold_gain":0,"player_choice":"Ignored","damage_taken":0,"max_hp_gain":0,"max_hp_loss":0,"event_name":"Beggar","floor":21,"gold_loss":0},{"damage_healed":0,"gold_gain":0,"player_choice":"Read","damage_taken":0,"max_hp_gain":0,"max_hp_loss":0,"event_name":"The Library","floor":22,"gold_loss":0,"cards_obtained":["Footwork"]},{"damage_healed":0,"gold_gain":0,"player_choice":"Inject Mutagens","damage_taken":0,"relics_obtained":["MutagenicStrength"],"max_hp_gain":0,"max_hp_loss":0,"event_name":"Drug Dealer","floor":25,"gold_loss":0},{"damage_healed":0,"gold_gain":0,"player_choice":"Ignored","damage_taken":0,"max_hp_gain":0,"max_hp_loss":0,"event_name":"Tomb of Lord Red Mask","floor":36,"gold_loss":0},{"damage_healed":0,"gold_gain":999,"player_choice":"Gold","damage_taken":0,"max_hp_gain":0,"max_hp_loss":0,"event_name":"MindBloom","floor":37,"gold_loss":0,"cards_obtained":["Normality","Normality"]},{"damage_healed":0,"gold_gain":0,"player_choice":"Memory 1","damage_taken":0,"max_hp_gain":0,"max_hp_loss":0,"event_name":"SensoryStone","floor":41,"gold_loss":0},{"damage_healed":18,"gold_gain":0,"player_choice":"Writhe","damage_taken":0,"max_hp_gain":0,"max_hp_loss":0,"event_name":"Winding Halls","floor":45,"gold_loss":0,"cards_obtained":["Writhe"]}],"is_beta":false,"boss_relics":[{"not_picked":["White Beast Statue","Lizard Tail"],"picked":"Velvet Choker"},{"not_picked":["WristBlade","Black Star"],"picked":"Ring of the Serpent"}],"items_purged_floors":[4,39,46],"is_endless":false,"potions_floor_spawned":[7,8,13,16,23,27,28,30,38,47],"ascension_level":6}