{"gold_per_floor":[116,135,210,135,154,154,165,165,190,217,217,392,410,410,410,410],"floor_reached":16,"playtime":279,"items_purged":["Strike_R"],"score":105,"play_id":"f56e1e1a-b51f-4018-a825-71a5adcb2a5a","local_time":"20190325012512","is_ascension_mode":true,"campfire_choices":[{"data":"Body Slam","floor":6.0,"key":"SMITH"},{"data":"Flame Barrier","floor":8.0,"key":"SMITH"},{"data":"Flame Barrier","floor":11,"key":"SMITH"},{"data":"Shrug It Off","floor":15,"key":"SMITH"}],"neow_cost":"NONE","seed_source_timestamp":0,"circlet_count":0,"master_deck":["Strike_R","Strike_R","Strike_R","Strike_R","Defend_R","Defend_R","Defend_R","Defend_R","Bash","Flame Barrier+1","Flame Barrier+1","Shrug It Off+1","Doubt","Strike_R"],"special_seed":0,"relics":["Runic Dome","Smiling Mask","Happy Flower"],"potions_floor_usage":[10,13],"damage_taken":[{"damage":0.0,"enemies":"Cultist","floor":1.0,"turns":3.0},{"damage":1.0,"enemies":"2 Louse","floor":2.0,"turns":3.0},{"damage":2.0,"enemies":"Small Slimes","floor":5.0,"turns":4.0},{"damage":2.0,"enemies":"Blue Slaver","floor":7.0,"turns":3.0},{"damage":17,"enemies":"3 Sentries","floor":10,"turns":8},{"damage":6,"enemies":"3 Louse","floor":13,"turns":4},{"damage":0,"enemies":"The Guardian","floor":16,"turns":1}],"seed_played":"-7231490120361673178","potions_obtained":[{"floor":2.0,"key":"AttackPotion"},{"floor":7.0,"key":"Poison Potion"}],"is_trial":false,"path_per_floor":["M","M","?","$","M","R","M","R","T","E","R","?","M","?","R","B"],"character_chosen":"IRONCLAD","items_purchased":[],"campfire_rested":0,"item_purchase_floors":[],"current_hp_per_floor":[80,79,71,71,69,69,67,67,67,50,50,50,44,44,44,44],"gold":410,"neow_bonus":"BOSS_RELIC","is_prod":false,"is_daily":false,"chose_seed":false,"campfire_upgraded":4,"win_rate":0,"timestamp":1553502312,"path_taken":["M","M","?","$","?","R","M","R","T","E","R","?","M","?","R","BOSS"],"build_version":"2019-01-23","purchased_purges":1,"victory":false,"max_hp_per_floor":[80,80,80,80,80,80,80,80,80,80,80,80,80,80,80,80],"card_choices":[{"not_picked":["Thunderclap","Clothesline"],"picked":"Body Slam","floor":1.0},{"not_picked":["Twin Strike","Cleave"],"picked":"Flame Barrier","floor":2.0},{"not_picked":["Perfected Strike","Anger","Warcry"],"picked":"SKIP","floor":5.0},{"not_picked":["Impervious","Perfected Strike"],"picked":"Flame Barrier","floor":7.0},{"not_picked":["Power Through","Inflame"],"picked":"Shrug It Off","floor":10},{"not_picked":["Perfected Strike","Disarm","Anger"],"picked":"SKIP","floor":13}],"player_experience":840887,"relics_obtained":[{"floor":9.0,"key":"Smiling Mask"},{"floor":10,"key":"Happy Flower"}],"event_choices":[{"damage_healed":0.0,"max_hp_gain":0.0,"max_hp_loss":0.0,"gold_gain":75.0,"event_name":"FaceTrader","player_choice":"Touch","floor":3.0,"gold_loss":0.0,"damage_taken":8.0},{"damage_healed":0,"gold_gain":175,"player_choice":"AGREE","damage_taken":0,"max_hp_gain":0,"max_hp_loss":0,"event_name":"Liars Game","floor":12,"gold_loss":0,"cards_obtained":["Doubt"]},{"cards_removed":["Body Slam"],"damage_healed":0,"gold_gain":0,"player_choice":"Took Card","damage_taken":0,"max_hp_gain":0,"max_hp_loss":0,"event_name":"NoteForYourself","floor":14,"gold_loss":0,"cards_obtained":["Strike_R"]}],"is_beta":false,"boss_relics":[],"items_purged_floors":[4],"is_endless":false,"potions_floor_spawned":[2,7],"killed_by":"The Guardian","ascension_level":1}