{"path_per_floor":["M","?","?","$","?","E","?","?","T","R","M","?","$","$","R","B",null,"M","M","M","$","M","R","E","R","T","?","?","M","R","?","R","B",null,"M","?","M","T","?","R","M","R","T","M","?","$","M","M","R","B"],"character_chosen":"THE_SILENT","items_purchased":["Leg Sweep","Accuracy","Mind Blast","Bag of Preparation","Catalyst+1"],"gold_per_floor":[111,111,111,36,36,69,69,69,69,69,88,88,88,49,49,180,180,205,179,194,94,113,113,151,151,151,151,151,171,171,171,171,291,291,311,311,336,404,463,463,488,488,488,513,513,33,58,79,79,79],"floor_reached":51,"campfire_rested":5,"playtime":6697,"item_purchase_floors":[],"current_hp_per_floor":[70,70,70,70,56,51,32,25,25,48,46,46,46,46,69,30,77,70,48,45,45,16,39,22,45,45,38,38,35,35,19,19,14,38,37,37,37,37,37,37,31,31,31,30,20,20,22,22,34,27],"items_purged":["Injury","Strike_G","Strike_G"],"gold":79,"score":750,"play_id":"6a1be589-552f-4f66-95d7-0c46e769234c","local_time":"20180527192450","is_prod":false,"is_daily":false,"chose_seed":false,"is_ascension_mode":true,"campfire_upgraded":4,"win_rate":0,"timestamp":1527474290,"campfire_choices":[{"floor":10.0,"key":"REST"},{"floor":15.0,"key":"REST"},{"floor":23.0,"key":"REST"},{"floor":25.0,"key":"REST"},{"data":"Ghostly","floor":30.0,"key":"SMITH"},{"data":"Catalyst","floor":32.0,"key":"SMITH"},{"data":"Ghostly","floor":40,"key":"SMITH"},{"data":"Ghostly","floor":42,"key":"SMITH"},{"floor":49,"key":"REST"}],"path_taken":["M","?","?","$","?","E","?","?","T","R","M","?","?","$","R","BOSS","M","?","M","$","M","R","E","R","T","?","?","M","R","?","R","BOSS","M","?","M","?","?","R","M","R","T","M","?","$","?","?","R","BOSS"],"build_version":"2018-05-24","seed_source_timestamp":211015984006,"purchased_purges":3,"victory":true,"master_deck":["Defend_G","Strike_G+1","Survivor+1","Neutralize","Noxious Fumes+1","Catalyst+1","Heel Hook","Leg Sweep","Corpse Explosion+1","Ghostly+1","Ghostly+1","Ghostly","Ghostly","Ghostly+1","Bullet Time","Blade Dance+1","Heel Hook+1","Venomology+1","Eviscerate+1","Secret Technique+1","Blind+1","Mind Blast","Accuracy","Mind Blast","Catalyst+1","Noxious Fumes+1"],"max_hp_per_floor":[70,70,70,70,70,77,77,77,77,77,77,77,77,77,77,77,77,77,77,77,77,77,77,77,77,77,38,38,38,38,38,38,38,38,38,38,38,38,38,38,38,38,38,38,38,38,43,43,43,43],"relics":["Ring of the Snake","Strawberry","Golden Idol","Paper Crane","Snecko Eye","Dead Branch","Mercury Hourglass","Enchiridion","Astrolabe","Toxic Egg 2","Ice Cream","Kunai","Bag of Preparation"],"card_choices":[{"not_picked":["Outmaneuver","Skewer"],"picked":"Noxious Fumes","floor":1.0},{"not_picked":["Prepared","Bane"],"picked":"Catalyst","floor":6.0},{"not_picked":["All Out Attack","Cloak And Dagger"],"picked":"Heel Hook","floor":11.0},{"not_picked":["Bullet Time","Phantasmal Killer"],"picked":"Corpse Explosion","floor":16.0},{"not_picked":["Deflect","Escape Plan","Expertise"],"picked":"SKIP","floor":18.0},{"not_picked":["Backflip","Sucker Punch","Cloak And Dagger"],"picked":"SKIP","floor":19.0},{"not_picked":["Deadly Poison+1","Poisoned Stab+1","Dagger Spray"],"picked":"SKIP","floor":20.0},{"not_picked":["Dagger Spray","Backflip+1","Outmaneuver"],"picked":"SKIP","floor":22.0},{"not_picked":["Outmaneuver+1","Deadly Poison","Burst"],"picked":"SKIP","floor":24.0},{"not_picked":["Finisher","Well Laid Plans","PiercingWail"],"picked":"SKIP","floor":29.0},{"not_picked":["Glass Knife","Die Die Die"],"picked":"Bullet Time","floor":33},{"not_picked":["Flying Knee+1","Prepared"],"picked":"Eviscerate+1","floor":35},{"not_picked":["Dodge and Roll+1","Acrobatics","Quick Slash"],"picked":"SKIP","floor":37},{"not_picked":["Prepared+1","Poisoned Stab","Corpse Explosion"],"picked":"SKIP","floor":41},{"not_picked":["Prepared+1","Terror+1","Flying Knee+1"],"picked":"SKIP","floor":44},{"not_picked":["Madness","Purity"],"picked":"Secret Technique","floor":45},{"not_picked":["Mind Blast","Trip"],"picked":"Blind","floor":45},{"not_picked":["Dark Shackles","Purity"],"picked":"Mind Blast","floor":45},{"not_picked":["Endless Agony+1","Acrobatics+1"],"picked":"Noxious Fumes+1","floor":47},{"not_picked":["Heel Hook+1","Escape Plan+1","Prepared+1"],"picked":"SKIP","floor":48}],"player_experience":432490,"potions_floor_usage":[33,35,37,47,50,50],"damage_taken":[{"damage":0.0,"enemies":"2 Louse","floor":1.0,"turns":3.0},{"damage":12.0,"enemies":"3 Sentries","floor":6.0,"turns":6.0},{"damage":2.0,"enemies":"Jaw Worm","floor":11.0,"turns":4.0},{"damage":39.0,"enemies":"Slime Boss","floor":16.0,"turns":13.0},{"damage":7.0,"enemies":"Chosen","floor":18.0,"turns":7.0},{"damage":22.0,"enemies":"2 Thieves","floor":19.0,"turns":5.0},{"damage":3.0,"enemies":"Snecko","floor":20.0,"turns":6.0},{"damage":29.0,"enemies":"3 Cultists","floor":22.0,"turns":6.0},{"damage":17.0,"enemies":"Gremlin Leader","floor":24.0,"turns":10.0},{"damage":3.0,"enemies":"Slaver and Parasite","floor":29.0,"turns":6.0},{"damage":5,"enemies":"Collector","floor":33,"turns":4},{"damage":1,"enemies":"Orb Walker","floor":35,"turns":3},{"damage":0,"enemies":"3 Darklings","floor":37,"turns":3},{"damage":0,"enemies":"Mysterious Sphere","floor":39,"turns":4},{"damage":6,"enemies":"4 Shapes","floor":41,"turns":5},{"damage":1,"enemies":"Sphere and 2 Shapes","floor":44,"turns":5},{"damage":3,"enemies":"3 Darklings","floor":47,"turns":5},{"damage":0,"enemies":"Maw","floor":48,"turns":6},{"damage":7,"enemies":"Awakened One","floor":50,"turns":9}],"relics_obtained":[{"floor":6.0,"key":"Strawberry"},{"floor":9.0,"key":"Paper Crane"},{"floor":24.0,"key":"Dead Branch"},{"floor":26.0,"key":"Mercury Hourglass"},{"floor":31.0,"key":"Enchiridion"},{"floor":38,"key":"Toxic Egg 2"},{"floor":39,"key":"Ice Cream"},{"floor":43,"key":"Kunai"}],"event_choices":[{"event_name":"Living Wall","player_choice":"Forget","floor":2.0,"damage_taken":0.0},{"event_name":"Accursed Blacksmith","player_choice":"Forge","floor":3.0,"damage_taken":0.0},{"event_name":"Shining Light","player_choice":"Entered Light","floor":5.0,"damage_taken":0.0},{"event_name":"Golden Idol","player_choice":"Take Damage","floor":7.0,"damage_taken":0.0},{"event_name":"Golden Wing","player_choice":"Card Removal","floor":8.0,"damage_taken":0.0},{"event_name":"Purifier","player_choice":"One Purge","floor":12.0,"damage_taken":0.0},{"event_name":"Ghosts","player_choice":"Became a Ghost","floor":27.0,"damage_taken":0.0},{"event_name":"Vampires","player_choice":"Ignored","floor":28.0,"damage_taken":0.0},{"event_name":"Cursed Tome","player_choice":"Obtained Book","floor":31.0,"damage_taken":0.0},{"event_name":"Upgrade Shrine","player_choice":"Upgraded","floor":36,"damage_taken":0},{"event_name":"Mysterious Sphere","player_choice":"Fight","floor":39,"damage_taken":0},{"event_name":"SensoryStone","player_choice":"Memory 3","floor":45,"damage_taken":0}],"boss_relics":[{"not_picked":["Runic Dome","Runic Pyramid"],"picked":"Astrolabe"}],"items_purged_floors":[],"potions_floor_spawned":[1,11,20,24,29,39,44,47],"seed_played":"-1267397423983839804","ascension_level":2,"potions_obtained":[{"floor":1.0,"key":"FearPotion"},{"floor":11.0,"key":"Ancient Potion"},{"floor":20.0,"key":"AttackPotion"},{"floor":24.0,"key":"Swift Potion"},{"floor":44,"key":"Fruit Juice"},{"floor":47,"key":"AttackPotion"}],"is_trial":false}