{"gold_per_floor":[115,115,132,146,158,183,258,258,281,294,313,313,313,323,323,420,420,432,432,81,153,153,176,176,176,176,30,30,30,57,68,68,166,166,177,177,177,177,4,4],"floor_reached":40,"playtime":13387,"items_purged":["Pain","Doubt"],"score":427,"play_id":"57a31434-ad48-4683-bd62-576542d8edb5","local_time":"20190420200039","is_ascension_mode":false,"campfire_choices":[{"data":"Armaments","floor":8,"key":"SMITH"},{"floor":15,"key":"REST"},{"data":"Inflame","floor":24,"key":"SMITH"},{"data":"Twin Strike","floor":28,"key":"SMITH"},{"data":"Spot Weakness","floor":32,"key":"SMITH"}],"neow_cost":"NONE","seed_source_timestamp":694568399907900,"circlet_count":0,"master_deck":["Strike_R","Strike_R","Strike_R+1","Strike_R","Defend_R","Defend_R","Defend_R","Defend_R","Bash","Clothesline+1","Anger+1","Battle Trance","Armaments+1","Headbutt","Twin Strike+1","Anger","Offering","Shame","Rampage","Inflame+1","Offering","Ghostly","Ghostly","Ghostly","Ghostly","Ghostly","Spot Weakness+1","Cleave+1","Limit Break","Corruption","Madness","Madness"],"relics":["Burning Blood","Bronze Scales","Happy Flower","Ancient Tea Set","Juzu Bracelet","Calling Bell","Omamori","Mercury Hourglass","WingedGreaves","GremlinMask","Medical Kit","Letter Opener","Whetstone","Paper Frog","Bag of Preparation","Bag of Marbles","Mark of Pain","Incense Burner"],"potions_floor_usage":[10,16,16,33,33,38,40],"damage_taken":[{"damage":6,"enemies":"Jaw Worm","floor":1,"turns":3},{"damage":5,"enemies":"Small Slimes","floor":3,"turns":3},{"damage":5,"enemies":"2 Louse","floor":4,"turns":2},{"damage":6,"enemies":"Exordium Thugs","floor":5,"turns":5},{"damage":15,"enemies":"Gremlin Nob","floor":6,"turns":4},{"damage":18,"enemies":"Gremlin Gang","floor":10,"turns":4},{"damage":2,"enemies":"Looter","floor":11,"turns":3},{"damage":1,"enemies":"Large Slime","floor":14,"turns":3},{"damage":8,"enemies":"Slime Boss","floor":16,"turns":7},{"damage":28,"enemies":"2 Thieves","floor":18,"turns":4},{"damage":9,"enemies":"Gremlin Leader","floor":30,"turns":4},{"damage":8,"enemies":"Shell Parasite","floor":31,"turns":3},{"damage":37,"enemies":"Champ","floor":33,"turns":9},{"damage":10,"enemies":"Orb Walker","floor":35,"turns":3},{"damage":0,"enemies":"3 Darklings","floor":38,"turns":1},{"damage":39,"enemies":"Reptomancer","floor":40,"turns":2}],"seed_played":"-5573354774776228514","potions_obtained":[{"floor":1,"key":"EssenceOfSteel"},{"floor":4,"key":"Block Potion"},{"floor":5,"key":"Swift Potion"},{"floor":14,"key":"Weak Potion"},{"floor":16,"key":"SmokeBomb"},{"floor":30,"key":"Regen Potion"}],"is_trial":false,"path_per_floor":["M","?","M","M","M","E","?","R","T","M","M","?","?","M","R","B",null,"M","?","$","T","?","T","R","?","T","$","R","?","E","M","R","B",null,"M","?","T","M","$","E"],"character_chosen":"IRONCLAD","items_purchased":["Inflame","Medical Kit","Bag of Preparation","LiquidBronze"],"campfire_rested":1,"item_purchase_floors":[20,20,27,39],"current_hp_per_floor":[80,73,74,75,75,66,55,55,55,43,47,22,22,27,51,49,80,58,58,58,58,58,58,58,40,40,40,40,40,37,35,35,12,40,36,31,31,37,37,0],"gold":4,"neow_bonus":"RANDOM_COMMON_RELIC","is_prod":false,"is_daily":false,"chose_seed":false,"campfire_upgraded":4,"win_rate":0,"timestamp":1555804839,"path_taken":["M","?","M","M","M","E","?","R","T","M","?","?","?","M","R","BOSS","M","?","$","?","?","?","R","?","T","$","R","?","E","M","R","BOSS","M","?","?","M","$","E"],"build_version":"2019-01-23","purchased_purges":2,"victory":false,"max_hp_per_floor":[80,80,80,80,80,80,80,80,80,80,80,80,80,80,80,80,80,80,80,80,80,80,80,80,40,40,40,40,40,40,40,40,40,40,40,40,40,40,40,40],"card_choices":[{"not_picked":["Combust","Havoc","Battle Trance"],"picked":"SKIP","floor":1},{"not_picked":["Headbutt","Sword Boomerang"],"picked":"Clothesline","floor":3},{"not_picked":["Spot Weakness","Thunderclap"],"picked":"Anger","floor":4},{"not_picked":["Flex","Clash"],"picked":"Battle Trance","floor":5},{"not_picked":["Burning Pact","Bloodletting"],"picked":"Armaments","floor":6},{"not_picked":["Reaper","Perfected Strike"],"picked":"Headbutt","floor":10},{"not_picked":["Sword Boomerang","Pommel Strike"],"picked":"Twin Strike","floor":11},{"not_picked":["Clothesline","Inflame"],"picked":"Anger","floor":14},{"not_picked":["Feed","Exhume"],"picked":"Offering","floor":16},{"not_picked":["Clothesline","Clash"],"picked":"Rampage","floor":18},{"not_picked":["Sword Boomerang+1","Anger"],"picked":"Spot Weakness","floor":30},{"not_picked":["Dual Wield","Warcry"],"picked":"Cleave+1","floor":31},{"not_picked":["Juggernaut","Reaper"],"picked":"Limit Break","floor":33},{"not_picked":["Headbutt","Thunderclap"],"picked":"Corruption","floor":35}],"player_experience":72650,"relics_obtained":[{"floor":6,"key":"Happy Flower"},{"floor":9,"key":"Ancient Tea Set"},{"floor":17,"key":"Omamori"},{"floor":17,"key":"Mercury Hourglass"},{"floor":17,"key":"WingedGreaves"},{"floor":21,"key":"Letter Opener"},{"floor":23,"key":"Whetstone"},{"floor":26,"key":"Paper Frog"},{"floor":30,"key":"Bag of Marbles"},{"floor":37,"key":"Incense Burner"}],"event_choices":[{"cards_removed":["Strike_R"],"damage_healed":0,"gold_gain":0,"player_choice":"Card Removal","damage_taken":7,"max_hp_gain":0,"max_hp_loss":0,"event_name":"Golden Wing","floor":2,"gold_loss":0},{"damage_healed":0,"gold_gain":75,"player_choice":"Gather Gold","damage_taken":11,"max_hp_gain":0,"max_hp_loss":0,"event_name":"World of Goop","floor":7,"gold_loss":0},{"damage_healed":0,"gold_gain":0,"player_choice":"Success","damage_taken":25,"relics_obtained":["Juzu Bracelet"],"max_hp_gain":0,"max_hp_loss":0,"event_name":"Scrap Ooze","floor":12,"gold_loss":0},{"damage_healed":0,"gold_gain":0,"player_choice":"Grow","damage_taken":0,"max_hp_gain":0,"max_hp_loss":0,"event_name":"Living Wall","floor":13,"gold_loss":0,"cards_upgraded":["Anger"]},{"damage_healed":0,"gold_gain":0,"player_choice":"Trade","damage_taken":0,"relics_obtained":["GremlinMask"],"max_hp_gain":0,"max_hp_loss":0,"event_name":"FaceTrader","floor":19,"gold_loss":0},{"damage_healed":0,"gold_gain":0,"player_choice":"Copied","damage_taken":0,"max_hp_gain":0,"max_hp_loss":0,"event_name":"Duplicator","floor":22,"gold_loss":0,"cards_obtained":["Offering"]},{"damage_healed":0,"gold_gain":0,"player_choice":"Became a Ghost","damage_taken":0,"max_hp_gain":0,"max_hp_loss":40,"event_name":"Ghosts","floor":25,"gold_loss":0,"cards_obtained":["Ghostly","Ghostly","Ghostly","Ghostly","Ghostly"]},{"damage_healed":0,"gold_gain":0,"player_choice":"Ignored","damage_taken":0,"max_hp_gain":0,"max_hp_loss":0,"event_name":"Vampires","floor":29,"gold_loss":0},{"damage_healed":0,"gold_gain":0,"player_choice":"Embrace Madness","damage_taken":5,"max_hp_gain":0,"max_hp_loss":0,"event_name":"Winding Halls","floor":36,"gold_loss":0,"cards_obtained":["Madness","Madness"]}],"is_beta":false,"boss_relics":[{"not_picked":["Orrery","Black Blood"],"picked":"Calling Bell"},{"not_picked":["White Beast Statue","Runic Cube"],"picked":"Mark of Pain"}],"items_purged_floors":[20,39],"is_endless":false,"potions_floor_spawned":[1,4,5,14,16,30,38],"killed_by":"Reptomancer","ascension_level":0}