{"gold_per_floor":[114,114,129,129,129,159,159,159,159,159,189,189,219,234,234,334,334,349,364,204,219,219,219,249,264,339,438,353,253,283,298,298,398,398,413,444,444,459,459,489,137,137,162,162,192,207,222,22,22,22],"floor_reached":51,"playtime":2074,"items_purged":[],"score":1034,"play_id":"7677267a-cb25-42c1-ac64-d13e77af044f","local_time":"20190408014523","daily_mods":["Draft","ControlledChaos","Night Terrors"],"is_ascension_mode":false,"campfire_choices":[{"data":"Body Slam","floor":7,"key":"SMITH"},{"data":"True Grit","floor":10,"key":"SMITH"},{"data":"Dual Wield","floor":15,"key":"SMITH"},{"data":"Armaments","floor":23,"key":"SMITH"},{"data":"Body Slam","floor":32,"key":"SMITH"},{"data":"Shockwave","floor":42,"key":"SMITH"},{"data":"Impervious","floor":49,"key":"SMITH"}],"neow_cost":"","seed_source_timestamp":0,"circlet_count":0,"master_deck":["Body Slam+1","Body Slam+1","Headbutt","Armaments+1","True Grit+1","Shockwave+1","Shrug It Off","Dual Wield+1","Shrug It Off","Shrug It Off","Shrug It Off","Feed","Impervious+1","Disarm+1","Offering+1","Pummel+1","Battle Trance","Impervious","Disarm+1","Body Slam+1","Feel No Pain","Barricade+1","Rampage","Seeing Red+1","Sword Boomerang+1"],"special_seed":17994,"relics":["Burning Blood","Frozen Eye","Orichalcum","The Courier","Juzu Bracelet","Meat on the Bone","Vajra","Astrolabe","Membership Card","Bag of Preparation","Mercury Hourglass","Question Card","Matryoshka","Bottled Flame","Coffee Dripper","Incense Burner","Pantograph","Pen Nib","Ornamental Fan","Potion Belt","Letter Opener","Omamori","Ancient Tea Set","Smiling Mask","Centennial Puzzle","Charon\u0027s Ashes","Paper Frog","Kunai"],"potions_floor_usage":[11,16,24,24,30,33,47,50,50,50],"damage_taken":[{"damage":0,"enemies":"Jaw Worm","floor":1,"turns":4},{"damage":0,"enemies":"2 Louse","floor":3,"turns":3},{"damage":13,"enemies":"Gremlin Nob","floor":6,"turns":4},{"damage":0,"enemies":"3 Sentries","floor":11,"turns":4},{"damage":18,"enemies":"Lagavulin","floor":13,"turns":4},{"damage":0,"enemies":"Small Slimes","floor":14,"turns":2},{"damage":14,"enemies":"The Guardian","floor":16,"turns":12},{"damage":6,"enemies":"Spheric Guardian","floor":18,"turns":1},{"damage":0,"enemies":"Chosen","floor":19,"turns":3},{"damage":6,"enemies":"3 Cultists","floor":21,"turns":2},{"damage":0,"enemies":"Book of Stabbing","floor":24,"turns":4},{"damage":6,"enemies":"Sentry and Sphere","floor":25,"turns":1},{"damage":6,"enemies":"Gremlin Leader","floor":30,"turns":6},{"damage":6,"enemies":"Centurion and Healer","floor":31,"turns":4},{"damage":47,"enemies":"Automaton","floor":33,"turns":8},{"damage":16,"enemies":"3 Darklings","floor":35,"turns":3},{"damage":22,"enemies":"2 Orb Walkers","floor":36,"turns":5},{"damage":0,"enemies":"Orb Walker","floor":38,"turns":2},{"damage":6,"enemies":"Nemesis","floor":40,"turns":7},{"damage":6,"enemies":"Giant Head","floor":45,"turns":4},{"damage":8,"enemies":"Transient","floor":46,"turns":5},{"damage":6,"enemies":"Maw","floor":47,"turns":5},{"damage":24,"enemies":"Awakened One","floor":50,"turns":6}],"seed_played":"-2695250490538151915","potions_obtained":[{"floor":1,"key":"LiquidBronze"},{"floor":6,"key":"Explosive Potion"},{"floor":13,"key":"Block Potion"},{"floor":16,"key":"PowerPotion"},{"floor":21,"key":"LiquidBronze"},{"floor":24,"key":"SkillPotion"},{"floor":30,"key":"SpeedPotion"},{"floor":31,"key":"SpeedPotion"},{"floor":36,"key":"Block Potion"},{"floor":40,"key":"PowerPotion"},{"floor":45,"key":"FearPotion"},{"floor":47,"key":"GamblersBrew"}],"is_trial":false,"path_per_floor":["M","?","M","?","$","E","R","$","T","R","E","T","E","M","R","B",null,"M","M","$","M","?","R","E","M","T","?","?","$","E","M","R","B",null,"M","?","?","M","?","E","$","R","T","T","E","M","M","$","R","B",null],"character_chosen":"IRONCLAD","items_purchased":["Membership Card","Matryoshka","Pen Nib","Ornamental Fan","Rampage","Potion Belt","Letter Opener","Paper Frog","Kunai"],"campfire_rested":0,"item_purchase_floors":[20,29,41,41,41,41,41,48,48],"current_hp_per_floor":[80,80,80,80,80,73,73,73,73,73,83,83,71,77,77,69,84,84,84,84,84,84,84,84,84,84,84,84,84,84,87,87,58,87,80,64,64,70,70,70,70,70,70,70,70,68,68,68,68,72],"gold":22,"neow_bonus":"","is_prod":false,"is_daily":true,"chose_seed":false,"campfire_upgraded":7,"win_rate":0,"timestamp":1554713123,"path_taken":["M","?","M","?","$","E","R","$","T","R","E","?","E","M","R","BOSS","M","M","$","M","?","R","E","M","T","?","?","?","E","M","R","BOSS","M","?","?","M","?","E","?","R","T","?","E","M","M","$","R","BOSS"],"build_version":"2019-01-23","purchased_purges":0,"victory":true,"max_hp_per_floor":[80,80,80,80,80,80,80,80,80,80,84,84,84,84,84,84,84,84,84,84,84,84,84,84,84,84,84,84,84,84,87,87,87,87,90,90,90,90,90,90,90,90,90,90,90,90,90,90,90,90],"card_choices":[{"not_picked":["Power Through","Perfected Strike"],"picked":"Body Slam","floor":0},{"not_picked":["Perfected Strike","Ghostly Armor"],"picked":"Body Slam","floor":0},{"not_picked":["Heavy Blade","Anger"],"picked":"Headbutt","floor":0},{"not_picked":["Shrug It Off","Iron Wave"],"picked":"Armaments","floor":0},{"not_picked":["Inflame","Headbutt"],"picked":"True Grit","floor":0},{"not_picked":["Evolve","Thunderclap"],"picked":"Shockwave","floor":0},{"not_picked":["Evolve","Sever Soul"],"picked":"Headbutt","floor":0},{"not_picked":["Havoc","Clash"],"picked":"Shrug It Off","floor":0},{"not_picked":["Headbutt","Heavy Blade"],"picked":"Rage","floor":0},{"not_picked":["Heavy Blade","Rupture"],"picked":"Disarm","floor":0},{"not_picked":["Second Wind","Dropkick"],"picked":"Dual Wield","floor":0},{"not_picked":["Power Through","Clash"],"picked":"Shrug It Off","floor":0},{"not_picked":["Anger","Bloodletting"],"picked":"Pummel","floor":0},{"not_picked":["Fire Breathing","Sever Soul"],"picked":"Shrug It Off","floor":0},{"not_picked":["Seeing Red","Warcry"],"picked":"Shrug It Off","floor":0},{"not_picked":["Cleave","Flex","Second Wind"],"picked":"SKIP","floor":1},{"not_picked":["Wild Strike","Sentinel","Sword Boomerang"],"picked":"SKIP","floor":3},{"not_picked":["Spot Weakness","Headbutt"],"picked":"Feed","floor":6},{"not_picked":["Combust","Clothesline","Anger"],"picked":"SKIP","floor":11},{"not_picked":["Flex","Sentinel","Perfected Strike"],"picked":"SKIP","floor":13},{"not_picked":["Thunderclap","Heavy Blade","Flex"],"picked":"SKIP","floor":14},{"not_picked":["Dark Embrace","Reaper"],"picked":"Impervious","floor":16},{"not_picked":["True Grit","Cleave","Uppercut"],"picked":"SKIP","floor":18},{"not_picked":["Flex","Twin Strike"],"picked":"Battle Trance","floor":19},{"not_picked":["True Grit","Clothesline+1","Blood for Blood+1"],"picked":"SKIP","floor":21},{"not_picked":["True Grit","Clothesline+1","Blood for Blood+1"],"picked":"SKIP","floor":21},{"not_picked":["Disarm","Whirlwind"],"picked":"Impervious","floor":24},{"not_picked":["Pommel Strike","Havoc+1"],"picked":"Disarm+1","floor":25},{"not_picked":["Inflame","Immolate","Warcry"],"picked":"Body Slam","floor":30},{"not_picked":["Heavy Blade+1","Bloodletting+1","Rampage"],"picked":"Feel No Pain","floor":31},{"not_picked":["Berserk","Dark Embrace","Bludgeon"],"picked":"Barricade","floor":33},{"not_picked":["Rampage","Bloodletting+1","Headbutt+1","Heavy Blade+1"],"picked":"SKIP","floor":35},{"not_picked":["Anger","Carnage+1","Body Slam","Sever Soul+1"],"picked":"SKIP","floor":38},{"not_picked":["Feed","Flex","Twin Strike+1","Sever Soul+1"],"picked":"SKIP","floor":40},{"not_picked":["Headbutt+1","Ghostly Armor","Body Slam+1"],"picked":"Seeing Red+1","floor":45},{"not_picked":["Clash+1","Armaments+1","Shrug It Off","Blood for Blood+1"],"picked":"SKIP","floor":46},{"not_picked":["Armaments+1","Sentinel","Thunderclap+1"],"picked":"Sword Boomerang+1","floor":47}],"player_experience":905117,"relics_obtained":[{"floor":6,"key":"Orichalcum"},{"floor":9,"key":"The Courier"},{"floor":11,"key":"Juzu Bracelet"},{"floor":12,"key":"Meat on the Bone"},{"floor":13,"key":"Vajra"},{"floor":24,"key":"Bag of Preparation"},{"floor":26,"key":"Mercury Hourglass"},{"floor":30,"key":"Bottled Flame"},{"floor":36,"key":"Incense Burner"},{"floor":40,"key":"Pantograph"},{"floor":43,"key":"Omamori"},{"floor":43,"key":"Ancient Tea Set"},{"floor":44,"key":"Smiling Mask"},{"floor":44,"key":"Centennial Puzzle"},{"floor":45,"key":"Charon\u0027s Ashes"}],"event_choices":[{"damage_healed":0,"gold_gain":0,"player_choice":"Leave","damage_taken":0,"max_hp_gain":0,"max_hp_loss":0,"event_name":"The Cleric","floor":2,"gold_loss":0},{"damage_healed":0,"gold_gain":0,"player_choice":"Grow","damage_taken":0,"max_hp_gain":0,"max_hp_loss":0,"event_name":"Living Wall","floor":4,"gold_loss":0,"cards_upgraded":["Body Slam"]},{"damage_healed":0,"gold_gain":0,"player_choice":"Ignored","damage_taken":0,"max_hp_gain":0,"max_hp_loss":0,"event_name":"Beggar","floor":22,"gold_loss":0},{"damage_healed":0,"gold_gain":99,"player_choice":"Stole From Cult","damage_taken":0,"max_hp_gain":0,"max_hp_loss":0,"event_name":"Nest","floor":27,"gold_loss":0},{"damage_healed":0,"gold_gain":0,"player_choice":"Obtained Relic","damage_taken":0,"relics_obtained":["Question Card"],"max_hp_gain":0,"max_hp_loss":0,"event_name":"Addict","floor":28,"gold_loss":85},{"damage_healed":0,"gold_gain":0,"player_choice":"Fight","damage_taken":0,"max_hp_gain":0,"max_hp_loss":0,"event_name":"Mysterious Sphere","floor":36,"gold_loss":0},{"damage_healed":0,"gold_gain":0,"player_choice":"Forge","damage_taken":0,"max_hp_gain":0,"max_hp_loss":0,"event_name":"Accursed Blacksmith","floor":37,"gold_loss":0,"cards_upgraded":["Barricade"]},{"cards_removed":["Disarm"],"damage_healed":0,"gold_gain":0,"player_choice":"Card Removal","damage_taken":0,"max_hp_gain":0,"max_hp_loss":0,"event_name":"Wheel of Change","floor":39,"gold_loss":0}],"is_beta":false,"boss_relics":[{"not_picked":["Runic Pyramid","White Beast Statue"],"picked":"Astrolabe"},{"not_picked":["Runic Cube","Cursed Key"],"picked":"Coffee Dripper"}],"items_purged_floors":[],"is_endless":false,"potions_floor_spawned":[1,6,13,16,21,24,30,31,36,40,45,47],"ascension_level":0}