{"path_per_floor":["M","$","?","M","?","E","R","M","T","M","M","R","M","?","R","B",null,"M"],"character_chosen":"DEFECT","items_purchased":[],"gold_per_floor":[111,36,36,53,53,87,87,103,403,419,439,439,458,408,408,503,503,513,453],"floor_reached":19,"campfire_rested":2,"playtime":1244,"item_purchase_floors":[],"current_hp_per_floor":[68,68,68,64,50,23,43,40,40,35,26,46,42,42,42,18,68,39,0],"items_purged":["Strike_B"],"gold":453,"score":169,"play_id":"e0fce271-4797-466e-afcc-623637141551","local_time":"20180615201527","is_prod":false,"is_daily":false,"chose_seed":false,"is_ascension_mode":false,"campfire_upgraded":1,"win_rate":0,"timestamp":1529108127,"campfire_choices":[{"floor":7.0,"key":"REST"},{"floor":12.0,"key":"REST"},{"data":"Creative AI","floor":15.0,"key":"SMITH"}],"path_taken":["M","$","?","M","?","E","R","M","T","M","?","R","M","?","R","BOSS","M","?"],"build_version":"2018-06-07v3","seed_source_timestamp":132990951872899,"purchased_purges":1,"victory":false,"master_deck":["Strike_B","Strike_B","Defend_B","Defend_B","Defend_B+1","Defend_B","Zap+1","Dualcast","Creative AI+1","Gash","Hello World","Genetic Algorithm","Reprogram","Loop","Echo Form","Machine Learning"],"max_hp_per_floor":[68,68,68,68,68,68,68,68,68,68,68,68,68,68,68,68,68,68,68],"relics":["Cracked Core","Prayer Wheel","Old Coin","White Beast Statue"],"card_choices":[{"not_picked":["Echo Form","Buffer"],"picked":"Creative AI","floor":0.0},{"not_picked":["Go for the Eyes","Leap"],"picked":"Gash","floor":1.0},{"not_picked":["Steam","Turbo","Undo"],"picked":"SKIP","floor":4.0},{"not_picked":["Auto Shields","Ball Lightning"],"picked":"Hello World","floor":6.0},{"not_picked":["Conserve Battery","Leap"],"picked":"Genetic Algorithm","floor":8.0},{"not_picked":["Scrape","Leap","Beam Cell"],"picked":"SKIP","floor":8.0},{"not_picked":["Streamline","Conserve Battery"],"picked":"Reprogram","floor":10.0},{"not_picked":["Cold Snap","Doom and Gloom"],"picked":"Loop","floor":10.0},{"not_picked":["Go for the Eyes","Redo"],"picked":"Echo Form","floor":11.0},{"not_picked":["Auto Shields","Doom and Gloom","Coolheaded"],"picked":"SKIP","floor":11.0},{"not_picked":["Steam Power","Compile Driver","Conserve Battery"],"picked":"SKIP","floor":13.0},{"not_picked":["Go for the Eyes","Stack","Streamline"],"picked":"SKIP","floor":13.0},{"not_picked":["Core Surge","Reboot"],"picked":"Machine Learning","floor":16.0},{"not_picked":["Auto Shields","Reinforced Body+1","Doom and Gloom+1"],"picked":"SKIP","floor":18},{"not_picked":["Stack","Sweeping Beam","Coolheaded+1"],"picked":"SKIP","floor":18}],"player_experience":523431,"potions_floor_usage":[19],"damage_taken":[{"damage":0.0,"enemies":"2 Louse","floor":1.0,"turns":2.0},{"damage":4.0,"enemies":"Cultist","floor":4.0,"turns":4.0},{"damage":27.0,"enemies":"3 Sentries","floor":6.0,"turns":6.0},{"damage":3.0,"enemies":"Jaw Worm","floor":8.0,"turns":4.0},{"damage":5.0,"enemies":"Large Slime","floor":10.0,"turns":6.0},{"damage":9.0,"enemies":"Exordium Wildlife","floor":11.0,"turns":3.0},{"damage":4.0,"enemies":"3 Louse","floor":13.0,"turns":3.0},{"damage":24.0,"enemies":"Hexaghost","floor":16.0,"turns":9.0},{"damage":29,"enemies":"Chosen","floor":18,"turns":6},{"damage":40,"enemies":"2 Thieves","floor":19,"turns":2}],"relics_obtained":[{"floor":6.0,"key":"Prayer Wheel"},{"floor":9.0,"key":"Old Coin"}],"event_choices":[{"event_name":"The Lab","player_choice":"Got Potions","floor":3.0,"damage_taken":0.0},{"event_name":"Shining Light","player_choice":"Entered Light","floor":5.0,"damage_taken":0.0},{"event_name":"The Cleric","player_choice":"Card Removal","floor":14.0,"damage_taken":0.0}],"boss_relics":[{"not_picked":["Cursed Key","Calling Bell"],"picked":"White Beast Statue"}],"items_purged_floors":[],"potions_floor_spawned":[4,6,11,13,18],"seed_played":"-6454118086596375956","killed_by":"2 Thieves","ascension_level":0,"potions_obtained":[{"floor":3.0,"key":"Weak Potion"},{"floor":3.0,"key":"Fire Potion"},{"floor":3.0,"key":"Poison Potion"},{"floor":4.0,"key":"PowerPotion"},{"floor":6.0,"key":"AttackPotion"},{"floor":11.0,"key":"SteroidPotion"},{"floor":18,"key":"SpeedPotion"}],"is_trial":false}