{"gold_per_floor":[12,28,28,28,40,69,69,100,179,179,204,10,44,59,59,157,157,177,77,77,77,92,123,163,200,236,248,359,381,393,438,450,566,578,601,613,680,19,33,33,43,61,61,61,95,95,111,130,130,130],"floor_reached":51,"playtime":10656,"items_purged":["Strike_G","Defend_G","Backstab"],"score":887,"play_id":"9124aa83-5b8e-488c-9eae-3e566be80012","local_time":"20190423104100","is_ascension_mode":true,"campfire_choices":[{"data":"Neutralize","floor":7.0,"key":"SMITH"},{"data":"Envenom","floor":10.0,"key":"SMITH"},{"data":"Footwork","floor":15.0,"key":"SMITH"},{"data":"Noxious Fumes","floor":27,"key":"SMITH"},{"floor":30,"key":"REST"},{"floor":32,"key":"REST"},{"floor":40,"key":"REST"},{"floor":44,"key":"DIG"},{"floor":46,"key":"REST"},{"floor":49,"key":"REST"}],"neow_cost":"NO_GOLD","seed_source_timestamp":0,"circlet_count":0,"master_deck":["Defend_G","Defend_G","Survivor","Neutralize+1","Flying Knee+1","Poisoned Stab+1","Infinite Blades","Acrobatics","Envenom+1","Backflip","Footwork+1","PiercingWail+1","Malaise","Bouncing Flask+1","Storm of Steel+1","Malaise+1","Noxious Fumes+1","Well Laid Plans","Adrenaline","PiercingWail","Adrenaline+1","Crippling Poison","Madness","Madness","Backflip","PiercingWail","Escape Plan+1","Catalyst+1","Catalyst+1","PiercingWail+1"],"special_seed":0,"relics":["Ring of the Snake","Gambling Chip","Potion Belt","Letter Opener","Omamori","Ornamental Fan","Astrolabe","Pear","MawBank","Juzu Bracelet","Pen Nib","Snake Skull","Fusion Hammer","Shovel","Chemical X","Happy Flower","Whetstone","Bronze Scales","War Paint"],"potions_floor_usage":[31,33,37,39,42,42,45,45,45,45,50,50],"damage_taken":[{"damage":0.0,"enemies":"Jaw Worm","floor":1.0,"turns":4.0},{"damage":1.0,"enemies":"2 Louse","floor":2.0,"turns":4.0},{"damage":0.0,"enemies":"Cultist","floor":5.0,"turns":3.0},{"damage":4.0,"enemies":"3 Sentries","floor":6.0,"turns":9.0},{"damage":6.0,"enemies":"Gremlin Nob","floor":8.0,"turns":3.0},{"damage":13.0,"enemies":"3 Sentries","floor":11.0,"turns":7.0},{"damage":0.0,"enemies":"Lagavulin","floor":13.0,"turns":6.0},{"damage":0.0,"enemies":"Blue Slaver","floor":14.0,"turns":4.0},{"damage":15.0,"enemies":"Slime Boss","floor":16.0,"turns":16.0},{"damage":0.0,"enemies":"Chosen","floor":18.0,"turns":6.0},{"damage":0.0,"enemies":"3 Byrds","floor":22.0,"turns":6.0},{"damage":30.0,"enemies":"Gremlin Leader","floor":23.0,"turns":7.0},{"damage":7.0,"enemies":"Shelled Parasite and Fungi","floor":24.0,"turns":8.0},{"damage":17,"enemies":"Book of Stabbing","floor":25,"turns":7},{"damage":6,"enemies":"Snake Plant","floor":29,"turns":6},{"damage":30,"enemies":"Slavers","floor":31,"turns":6},{"damage":16,"enemies":"Champ","floor":33,"turns":9},{"damage":11,"enemies":"Orb Walker","floor":35,"turns":4},{"damage":46,"enemies":"2 Orb Walkers","floor":37,"turns":5},{"damage":7,"enemies":"3 Darklings","floor":39,"turns":4},{"damage":0,"enemies":"Sphere and 2 Shapes","floor":41,"turns":4},{"damage":10,"enemies":"Jaw Worm Horde","floor":42,"turns":3},{"damage":31,"enemies":"Reptomancer","floor":45,"turns":5},{"damage":0,"enemies":"Writhing Mass","floor":47,"turns":5},{"damage":8,"enemies":"Sphere and 2 Shapes","floor":48,"turns":4},{"damage":5,"enemies":"Donu and Deca","floor":50,"turns":7}],"seed_played":"2308270930758746616","potions_obtained":[{"floor":5.0,"key":"EssenceOfSteel"},{"floor":6.0,"key":"AttackPotion"},{"floor":11.0,"key":"SkillPotion"},{"floor":16.0,"key":"Block Potion"},{"floor":23.0,"key":"Explosive Potion"},{"floor":24,"key":"SteroidPotion"},{"floor":31,"key":"Energy Potion"},{"floor":35,"key":"Weak Potion"},{"floor":41,"key":"EntropicBrew"},{"floor":48,"key":"Poison Potion"}],"is_trial":false,"path_per_floor":["M","M","?","?","M","E","R","E","T","R","E","$","E","M","R","B",null,"M","$","?","?","M","E","M","E","T","R","?","M","R","E","R","B",null,"M","?","?","$","M","R","M","M","T","R","E","R","M","M","R","B",null],"character_chosen":"THE_SILENT","items_purchased":["Footwork","PiercingWail","Chemical X","Happy Flower","PiercingWail","GamblersBrew","AttackPotion","Poison Potion"],"campfire_rested":5,"item_purchase_floors":[12,12,38,38,38,38,38,38],"current_hp_per_floor":[70,69,62,67,67,63,63,57,57,57,44,44,44,44,44,29,75,75,75,85,77,77,47,40,23,23,23,23,17,42,12,37,21,85,74,63,17,17,10,35,35,25,25,25,8,33,33,25,50,45],"gold":130,"neow_bonus":"TRANSFORM_TWO_CARDS","is_prod":false,"is_daily":false,"chose_seed":false,"campfire_upgraded":4,"win_rate":0,"timestamp":1556030460,"path_taken":["M","M","?","?","M","E","R","E","T","R","E","?","E","M","R","BOSS","M","?","?","?","M","E","?","E","T","R","?","M","R","E","R","BOSS","M","?","?","$","M","R","M","M","T","R","E","R","M","M","R","BOSS"],"build_version":"2019-01-23","purchased_purges":3,"victory":true,"max_hp_per_floor":[70,70,70,75,75,75,75,75,75,75,75,75,75,75,75,75,75,75,75,85,85,85,85,85,85,85,85,85,85,85,85,85,85,85,85,85,85,85,85,85,85,85,85,85,85,85,85,85,85,85],"card_choices":[{"not_picked":["Dagger Spray","Accuracy"],"picked":"Infinite Blades","floor":1.0},{"not_picked":["Reflex","Prepared"],"picked":"Acrobatics","floor":2.0},{"not_picked":["Dagger Throw","Cloak And Dagger"],"picked":"Backstab","floor":5.0},{"not_picked":["Deadly Poison","Tactician"],"picked":"Envenom","floor":6.0},{"not_picked":["Bane","Sucker Punch"],"picked":"Backflip","floor":8.0},{"not_picked":["Underhanded Strike","Blade Dance","Prepared"],"picked":"SKIP","floor":11.0},{"not_picked":["Tactician","Eviscerate","Quick Slash"],"picked":"SKIP","floor":13.0},{"not_picked":["Deflect","Accuracy","Finisher"],"picked":"SKIP","floor":14.0},{"not_picked":["A Thousand Cuts","Tools of the Trade"],"picked":"Malaise","floor":16.0},{"not_picked":["Dagger Spray","Infinite Blades","Quick Slash"],"picked":"SKIP","floor":18.0},{"not_picked":["Poisoned Stab","Dodge and Roll+1"],"picked":"Noxious Fumes","floor":22.0},{"not_picked":["Backflip+1","Poisoned Stab"],"picked":"Well Laid Plans","floor":23.0},{"not_picked":["Backflip","Dagger Throw+1","Skewer"],"picked":"SKIP","floor":24},{"not_picked":["Blade Dance","All Out Attack"],"picked":"Adrenaline","floor":25},{"not_picked":["Sucker Punch","Bane","Dodge and Roll"],"picked":"SKIP","floor":29},{"not_picked":["Poisoned Stab+1","Expertise+1"],"picked":"PiercingWail","floor":31},{"not_picked":["Tools of the Trade","Corpse Explosion"],"picked":"Adrenaline","floor":33},{"not_picked":["Prepared","Infinite Blades"],"picked":"Crippling Poison","floor":35},{"not_picked":["Reflex","Dodge and Roll"],"picked":"Backflip","floor":37},{"not_picked":["Catalyst+1","Flying Knee"],"picked":"Escape Plan+1","floor":39},{"not_picked":["Reflex+1","Sucker Punch+1"],"picked":"Catalyst+1","floor":41},{"not_picked":["Prepared+1","Blade Dance+1","Outmaneuver"],"picked":"SKIP","floor":42},{"not_picked":["Backstab+1","Poisoned Stab+1","Prepared+1"],"picked":"SKIP","floor":45},{"not_picked":["Reflex+1","Tactician+1"],"picked":"Catalyst+1","floor":47},{"not_picked":["Calculated Gamble","Underhanded Strike"],"picked":"PiercingWail+1","floor":48}],"player_experience":130768,"relics_obtained":[{"floor":6.0,"key":"Gambling Chip"},{"floor":8.0,"key":"Potion Belt"},{"floor":9.0,"key":"Letter Opener"},{"floor":11.0,"key":"Omamori"},{"floor":13.0,"key":"Ornamental Fan"},{"floor":23.0,"key":"MawBank"},{"floor":25,"key":"Juzu Bracelet"},{"floor":26,"key":"Pen Nib"},{"floor":31,"key":"Snake Skull"},{"floor":37,"key":"Shovel"},{"floor":43,"key":"Whetstone"},{"floor":44,"key":"Bronze Scales"},{"floor":45,"key":"War Paint"}],"event_choices":[{"cards_removed":["Strike_G"],"damage_healed":0.0,"max_hp_gain":0.0,"max_hp_loss":0.0,"gold_gain":0.0,"event_name":"Golden Wing","player_choice":"Card Removal","floor":3.0,"gold_loss":0.0,"damage_taken":7.0},{"damage_healed":0.0,"max_hp_gain":5.0,"max_hp_loss":0.0,"gold_gain":0.0,"event_name":"Big Fish","player_choice":"Donut","floor":4.0,"gold_loss":0.0,"damage_taken":0.0},{"damage_healed":0.0,"max_hp_gain":0.0,"max_hp_loss":0.0,"gold_gain":0.0,"event_name":"The Mausoleum","player_choice":"Opened","floor":20.0,"gold_loss":0.0,"damage_taken":0.0,"relics_obtained":["Pear"],"cards_obtained":["Writhe"]},{"damage_healed":0.0,"max_hp_gain":0.0,"max_hp_loss":0.0,"gold_gain":0.0,"event_name":"Wheel of Change","player_choice":"Damaged","floor":21.0,"gold_loss":0.0,"damage_taken":8.0},{"damage_healed":0,"gold_gain":99,"player_choice":"Stole From Cult","damage_taken":0,"max_hp_gain":0,"max_hp_loss":0,"event_name":"Nest","floor":28,"gold_loss":0},{"damage_healed":0,"gold_gain":0,"player_choice":"Embrace Madness","damage_taken":11,"max_hp_gain":0,"max_hp_loss":0,"event_name":"Winding Halls","floor":36,"gold_loss":0,"cards_obtained":["Madness","Madness"]},{"damage_healed":0,"gold_gain":0,"player_choice":"Fight","damage_taken":0,"max_hp_gain":0,"max_hp_loss":0,"event_name":"Mysterious Sphere","floor":37,"gold_loss":0}],"is_beta":false,"boss_relics":[{"not_picked":["Tiny House","Busted Crown"],"picked":"Astrolabe"},{"not_picked":["WristBlade","Lizard Tail"],"picked":"Fusion Hammer"}],"items_purged_floors":[12,19,38],"is_endless":false,"potions_floor_spawned":[5,6,11,16,23,24,31,35,41,48],"ascension_level":2}