{"gold_per_floor":[109,109,109,59,59,98,119,119,119,119,143,182,182,21,21,149,149,174,174,89,74,124,164,189,214,214,214,248,273,273,20,20,151,151,167,167,188,206,221,221,259,272,272,312,55,388,414,428,428,428],"floor_reached":50,"playtime":3091,"items_purged":["Defend_R","Defend_R"],"score":728,"play_id":"ca6bb650-5cc4-4bce-b2fe-8dd9c3c913cd","local_time":"20190121202647","is_ascension_mode":false,"campfire_choices":[{"data":"Shrug It Off","floor":13,"key":"SMITH"},{"floor":15,"key":"REST"},{"data":"Bash","floor":27,"key":"SMITH"},{"data":"Demon Form","floor":32,"key":"SMITH"},{"data":"Clothesline","floor":40,"key":"SMITH"},{"floor":49,"key":"RECALL"}],"neow_cost":"NONE","seed_source_timestamp":583216297306300,"circlet_count":0,"master_deck":["Defend_R","Defend_R","Bash+1","Metallicize","Metallicize","Shrug It Off+1","Havoc+1","Inflame","Intimidate+1","Clothesline+1","Demon Form+1","Shrug It Off+1","Anger+1","Entrench+1","Pommel Strike+1","Burning Pact+1","True Grit+1","Armaments+1","Bite","Bite","Bite","Bite","Bite","Armaments+1","True Grit+1","Metallicize","Impervious+1","Battle Trance+1","Sword Boomerang+1","Flame Barrier+1","Demon Form","Sword Boomerang+1","Corruption+1","Fiend Fire","Bash","Inflame+1","Flame Barrier+1","Havoc+1","Armaments+1","True Grit+1","Ghostly Armor+1"],"relics":["Burning Blood","NeowsBlessing","Mercury Hourglass","Meat on the Bone","Singing Bowl","Ornamental Fan","Toxic Egg 2","Pear","Mark of Pain","MutagenicStrength","Lantern","Boot","Charon\u0027s Ashes","Orrery","Vajra","Self Forming Clay","Du-Vu Doll","Anchor","Question Card"],"potions_floor_usage":[18,28,29,33,48,48,50],"damage_taken":[{"damage":0,"enemies":"Jaw Worm","floor":1,"turns":1},{"damage":0,"enemies":"3 Sentries","floor":6,"turns":1},{"damage":0,"enemies":"Small Slimes","floor":7,"turns":1},{"damage":0,"enemies":"2 Louse","floor":11,"turns":3},{"damage":12,"enemies":"Lagavulin","floor":12,"turns":7},{"damage":8,"enemies":"Slime Boss","floor":16,"turns":10},{"damage":9,"enemies":"Spheric Guardian","floor":18,"turns":4},{"damage":17,"enemies":"2 Thieves","floor":21,"turns":4},{"damage":17,"enemies":"Slavers","floor":23,"turns":6},{"damage":25,"enemies":"3 Cultists","floor":24,"turns":5},{"damage":0,"enemies":"Shelled Parasite and Fungi","floor":25,"turns":4},{"damage":12,"enemies":"Gremlin Leader","floor":28,"turns":7},{"damage":0,"enemies":"Snake Plant","floor":29,"turns":3},{"damage":29,"enemies":"Champ","floor":33,"turns":10},{"damage":0,"enemies":"Orb Walker","floor":35,"turns":4},{"damage":3,"enemies":"3 Shapes","floor":37,"turns":3},{"damage":34,"enemies":"Spire Growth","floor":38,"turns":5},{"damage":21,"enemies":"Writhing Mass","floor":39,"turns":7},{"damage":12,"enemies":"Nemesis","floor":41,"turns":5},{"damage":8,"enemies":"3 Darklings","floor":42,"turns":5},{"damage":0,"enemies":"Reptomancer","floor":44,"turns":7},{"damage":40,"enemies":"Nemesis","floor":47,"turns":7},{"damage":15,"enemies":"Spire Growth","floor":48,"turns":4},{"damage":51,"enemies":"Donu and Deca","floor":50,"turns":10}],"seed_played":"4492703648506597709","potions_obtained":[{"floor":6,"key":"Explosive Potion"},{"floor":16,"key":"Block Potion"},{"floor":18,"key":"SteroidPotion"},{"floor":28,"key":"Fire Potion"},{"floor":29,"key":"Ancient Potion"},{"floor":41,"key":"EssenceOfSteel"},{"floor":42,"key":"EssenceOfSteel"}],"is_trial":false,"path_per_floor":["?","?","?","?","?","T","$","?","?","?","M","?","?","M","?"],"character_chosen":"IRONCLAD","items_purchased":["Intimidate+1","Clothesline","Armaments+1","True Grit+1","Metallicize","Havoc+1","Anchor","Armaments+1"],"campfire_rested":1,"item_purchase_floors":[14,14,31,31,31,45,45,45],"current_hp_per_floor":[80,73,73,73,53,59,65,58,58,58,64,68,68,68,90,88,90,87,87,87,76,76,65,58,64,64,64,58,64,63,63,63,53,63,63,63,65,42,52,52,54,62,62,71,71,71,53,44,44,0],"gold":428,"neow_bonus":"THREE_ENEMY_KILL","is_prod":false,"is_daily":false,"chose_seed":false,"campfire_upgraded":4,"win_rate":0,"timestamp":1548127607,"path_taken":["M","?","?","?","?","E","M","?","T","?","M","E","R","?","R","BOSS","M","?","?","M","?","E","M","?","T","R","E","M","?","$","R","BOSS","M","?","?","M","M","R","E","M","T","E","$","?","E","M","R","BOSS"],"build_version":"2019-01-20","purchased_purges":2,"victory":false,"max_hp_per_floor":[80,80,80,80,80,80,80,80,80,80,80,90,90,90,90,90,90,90,90,90,90,90,90,90,90,90,90,90,90,63,63,63,63,63,63,63,65,67,69,69,69,71,71,71,71,71,71,71,71,71],"card_choices":[{"not_picked":["Perfected Strike","Pommel Strike"],"picked":"Metallicize","floor":1},{"not_picked":["Iron Wave","Clash"],"picked":"Metallicize","floor":6},{"not_picked":["Intimidate","Pummel"],"picked":"Shrug It Off","floor":7},{"not_picked":["Spot Weakness+1","Clash"],"picked":"Havoc+1","floor":11},{"not_picked":["Headbutt","Armaments+1"],"picked":"Inflame","floor":12},{"not_picked":["Feed","Juggernaut"],"picked":"Demon Form","floor":16},{"not_picked":["Rage+1","Pommel Strike"],"picked":"Shrug It Off+1","floor":18},{"not_picked":["Searing Blow+1","Fire Breathing"],"picked":"Anger+1","floor":21},{"not_picked":["Cleave","Dropkick+1"],"picked":"Entrench+1","floor":23},{"not_picked":["Body Slam","Combust"],"picked":"Pommel Strike+1","floor":24},{"not_picked":["Body Slam","Pommel Strike"],"picked":"Burning Pact+1","floor":25},{"not_picked":["Iron Wave","Cleave"],"picked":"True Grit+1","floor":28},{"not_picked":["Fiend Fire","Hemokinesis"],"picked":"Armaments+1","floor":29},{"not_picked":["Demon Form","Double Tap+1"],"picked":"Impervious+1","floor":33},{"not_picked":["Wild Strike+1","Power Through+1"],"picked":"Battle Trance+1","floor":34},{"not_picked":["Heavy Blade","Shockwave+1"],"picked":"Sword Boomerang+1","floor":34},{"not_picked":["Thunderclap","Armaments+1"],"picked":"Flame Barrier+1","floor":34},{"not_picked":["Body Slam+1","Whirlwind"],"picked":"Demon Form","floor":34},{"not_picked":["Clothesline","Wild Strike+1"],"picked":"Sword Boomerang+1","floor":34},{"not_picked":["Rage+1","Flex+1"],"picked":"Corruption+1","floor":35},{"not_picked":["Cleave","Searing Blow","Clash+1"],"picked":"Singing Bowl","floor":37},{"not_picked":["Pommel Strike","Offering+1","Headbutt+1"],"picked":"Singing Bowl","floor":38},{"not_picked":["Anger+1","Clash","True Grit+1"],"picked":"Singing Bowl","floor":39},{"not_picked":["Battle Trance+1","Searing Blow+1"],"picked":"Inflame+1","floor":41},{"not_picked":["Anger","Entrench+1","Perfected Strike"],"picked":"Singing Bowl","floor":42},{"not_picked":["Thunderclap","Sever Soul+1"],"picked":"Flame Barrier+1","floor":44},{"not_picked":["Iron Wave+1","Rampage"],"picked":"True Grit+1","floor":47},{"not_picked":["Searing Blow+1","Clothesline+1","Entrench+1"],"picked":"Ghostly Armor+1","floor":48}],"player_experience":403976,"relics_obtained":[{"floor":6,"key":"Meat on the Bone"},{"floor":9,"key":"Ornamental Fan"},{"floor":10,"key":"Toxic Egg 2"},{"floor":12,"key":"Pear"},{"floor":23,"key":"Boot"},{"floor":28,"key":"Charon\u0027s Ashes"},{"floor":41,"key":"Vajra"},{"floor":43,"key":"Self Forming Clay"},{"floor":44,"key":"Du-Vu Doll"},{"floor":47,"key":"Question Card"}],"event_choices":[{"cards_removed":["Strike_R"],"damage_healed":0,"gold_gain":0,"player_choice":"Card Removal","damage_taken":7,"max_hp_gain":0,"max_hp_loss":0,"event_name":"Golden Wing","floor":2,"gold_loss":0},{"damage_healed":0,"gold_gain":0,"player_choice":"Box","damage_taken":0,"relics_obtained":["Mercury Hourglass"],"max_hp_gain":0,"max_hp_loss":0,"event_name":"Big Fish","floor":3,"gold_loss":0,"cards_obtained":["Regret"]},{"cards_removed":["Regret"],"damage_healed":0,"gold_gain":0,"player_choice":"Card Removal","damage_taken":0,"max_hp_gain":0,"max_hp_loss":0,"event_name":"The Cleric","floor":4,"gold_loss":50},{"damage_healed":0,"gold_gain":0,"player_choice":"Take Damage","damage_taken":20,"relics_obtained":["Golden Idol"],"max_hp_gain":0,"max_hp_loss":0,"event_name":"Golden Idol","floor":5,"gold_loss":0},{"damage_healed":0,"gold_gain":0,"player_choice":"Success","damage_taken":7,"relics_obtained":["Singing Bowl"],"max_hp_gain":0,"max_hp_loss":0,"event_name":"Scrap Ooze","floor":8,"gold_loss":0},{"damage_healed":0,"gold_gain":0,"player_choice":"Inject Mutagens","damage_taken":0,"relics_obtained":["MutagenicStrength"],"max_hp_gain":0,"max_hp_loss":0,"event_name":"Drug Dealer","floor":19,"gold_loss":0},{"damage_healed":0,"gold_gain":0,"player_choice":"Obtained Relic","damage_taken":0,"relics_obtained":["Lantern"],"max_hp_gain":0,"max_hp_loss":0,"event_name":"Addict","floor":20,"gold_loss":85},{"damage_healed":0,"gold_gain":100,"player_choice":"Bet on Murderer","damage_taken":0,"max_hp_gain":0,"max_hp_loss":0,"event_name":"The Joust","floor":22,"gold_loss":50},{"damage_healed":0,"gold_gain":0,"player_choice":"Became a vampire","damage_taken":0,"max_hp_gain":0,"max_hp_loss":27,"event_name":"Vampires","floor":30,"gold_loss":0,"cards_obtained":["Bite","Bite","Bite","Bite","Bite"]},{"damage_healed":0,"gold_gain":0,"player_choice":"2 cards matched","damage_taken":0,"max_hp_gain":0,"max_hp_loss":0,"event_name":"Match and Keep!","floor":36,"gold_loss":0,"cards_obtained":["Fiend Fire","Bash"]},{"damage_healed":0,"gold_gain":333,"player_choice":"Gave Idol","damage_taken":0,"max_hp_gain":0,"max_hp_loss":0,"event_name":"The Moai Head","floor":46,"relics_lost":["Golden Idol"],"gold_loss":0}],"is_beta":true,"boss_relics":[{"not_picked":["Black Blood","Philosopher\u0027s Stone"],"picked":"Mark of Pain"},{"not_picked":["Snecko Eye","Calling Bell"],"picked":"Orrery"}],"items_purged_floors":[14,31],"is_endless":false,"potions_floor_spawned":[6,16,18,28,29,41,42,47],"killed_by":"Donu and Deca","ascension_level":0}