{"gold_per_floor":[19,33,33,48,59,91,91,91,91,125,125,138,138,148,148,245,245,258,268,268,280,280,280,299,299,299,299,224,258,13,26,26,126,126,144,144,244,298,298,298,173,173,200,200,218,218],"floor_reached":46,"playtime":1413,"items_purged":["Clash","Heavy Blade","Defend_R"],"score":468,"play_id":"5c45705d-cb30-448c-83a1-e914819a95d0","local_time":"20190324183237","is_ascension_mode":true,"campfire_choices":[{"data":"Shockwave","floor":8,"key":"SMITH"},{"data":"Dropkick","floor":11,"key":"SMITH"},{"data":"Power Through","floor":13,"key":"SMITH"},{"data":"Spot Weakness","floor":15,"key":"SMITH"},{"data":"Dual Wield","floor":23,"key":"SMITH"},{"data":"Dropkick","floor":25,"key":"SMITH"},{"data":"Defend_R","floor":27,"key":"SMITH"},{"data":"Defend_R","floor":32,"key":"SMITH"},{"floor":40,"key":"DIG"}],"neow_cost":"NO_GOLD","seed_source_timestamp":507031484819400,"circlet_count":0,"master_deck":["Defend_R+1","Defend_R+1","Defend_R","Power Through+1","Dropkick+1","Shockwave+1","Spot Weakness+1","Dropkick+1","Thunderclap+1"],"relics":["Burning Blood","Art of War","Pantograph","Pear","Coffee Dripper","Mercury Hourglass","Dodecahedron","Juzu Bracelet","Empty Cage","Ginger","Shovel","Bottled Lightning","Red Skull"],"potions_floor_usage":[4,10,16,29,29],"damage_taken":[{"damage":2,"enemies":"Small Slimes","floor":1,"turns":4},{"damage":4,"enemies":"Cultist","floor":2,"turns":4},{"damage":0,"enemies":"Jaw Worm","floor":4,"turns":2},{"damage":16,"enemies":"Large Slime","floor":5,"turns":12},{"damage":38,"enemies":"Lagavulin","floor":6,"turns":8},{"damage":12,"enemies":"Gremlin Nob","floor":10,"turns":4},{"damage":0,"enemies":"2 Fungi Beasts","floor":12,"turns":4},{"damage":4,"enemies":"Blue Slaver","floor":14,"turns":3},{"damage":37,"enemies":"Slime Boss","floor":16,"turns":7},{"damage":0,"enemies":"3 Byrds","floor":18,"turns":5},{"damage":2,"enemies":"Chosen","floor":19,"turns":5},{"damage":3,"enemies":"Snecko","floor":21,"turns":5},{"damage":4,"enemies":"3 Cultists","floor":24,"turns":4},{"damage":23,"enemies":"Slavers","floor":29,"turns":3},{"damage":0,"enemies":"Cultist and Chosen","floor":31,"turns":5},{"damage":18,"enemies":"Collector","floor":33,"turns":6},{"damage":7,"enemies":"3 Shapes","floor":35,"turns":4},{"damage":16,"enemies":"Mind Bloom Boss Battle","floor":37,"turns":9},{"damage":15,"enemies":"2 Orb Walkers","floor":38,"turns":4},{"damage":5,"enemies":"3 Darklings","floor":45,"turns":5},{"damage":0,"enemies":"Giant Head","floor":46,"turns":5}],"seed_played":"-7357911198312464964","potions_obtained":[{"floor":1,"key":"FearPotion"},{"floor":2,"key":"FearPotion"},{"floor":10,"key":"SkillPotion"},{"floor":12,"key":"SteroidPotion"},{"floor":19,"key":"Poison Potion"},{"floor":21,"key":"SteroidPotion"}],"is_trial":false,"path_per_floor":["M","M","?","M","M","E","?","R","T","E","R","M","R","M","R","B",null,"M","M","?","M","?","R","M","R","T","R","$","E","$","M","R","B",null,"M","?","?","?","?","R","$","?","T","?","M","E"],"character_chosen":"IRONCLAD","items_purchased":["Juzu Bracelet"],"campfire_rested":0,"item_purchase_floors":[30],"current_hp_per_floor":[80,80,72,78,68,36,80,80,80,84,84,90,90,90,90,59,90,90,90,90,90,90,90,90,90,90,90,90,73,73,79,79,78,90,89,89,80,71,71,71,71,71,71,71,72,72],"gold":218,"neow_bonus":"TRANSFORM_TWO_CARDS","is_prod":false,"is_daily":false,"chose_seed":false,"campfire_upgraded":8,"win_rate":0,"timestamp":1553477557,"path_taken":["M","M","?","?","M","E","?","R","T","E","R","?","R","M","R","BOSS","M","M","?","M","?","R","M","R","T","R","$","E","$","M","R","BOSS","M","?","?","?","?","R","$","?","T","?","M","E"],"build_version":"2019-01-23","purchased_purges":3,"victory":false,"max_hp_per_floor":[80,80,80,80,80,80,80,80,80,90,90,90,90,90,90,90,90,90,90,90,90,90,90,90,90,90,90,90,90,90,90,90,90,90,90,90,90,90,90,90,90,85,85,85,85,85],"card_choices":[{"not_picked":["Reckless Charge","Havoc","Combust"],"picked":"SKIP","floor":1},{"not_picked":["Thunderclap","Dual Wield"],"picked":"Dropkick","floor":2},{"not_picked":["Flex","Sever Soul","Cleave"],"picked":"SKIP","floor":4},{"not_picked":["Pommel Strike","Infernal Blade"],"picked":"Shockwave","floor":5},{"not_picked":["Cleave","Blood for Blood","Infernal Blade"],"picked":"SKIP","floor":6},{"not_picked":["Cleave","Blood for Blood","Infernal Blade"],"picked":"SKIP","floor":6},{"not_picked":["Thunderclap","Bloodletting","Havoc"],"picked":"SKIP","floor":10},{"not_picked":["Armaments","Twin Strike","Thunderclap"],"picked":"SKIP","floor":12},{"not_picked":["Pommel Strike","Wild Strike"],"picked":"Spot Weakness","floor":14},{"not_picked":["Armaments","Warcry","Headbutt"],"picked":"SKIP","floor":18},{"not_picked":["Cleave","Flex","Seeing Red"],"picked":"SKIP","floor":19},{"not_picked":["Exhume","Thunderclap","Heavy Blade"],"picked":"SKIP","floor":21},{"not_picked":["Exhume","Thunderclap","Heavy Blade"],"picked":"SKIP","floor":21},{"not_picked":["Seeing Red","Body Slam"],"picked":"Dropkick","floor":24},{"not_picked":["Seeing Red","Havoc","Power Through"],"picked":"SKIP","floor":29},{"not_picked":["Searing Blow","Cleave+1","Warcry+1"],"picked":"SKIP","floor":31},{"not_picked":["Body Slam+1","Inflame+1","Perfected Strike+1"],"picked":"SKIP","floor":35},{"not_picked":["Corruption+1","Headbutt+1"],"picked":"Thunderclap+1","floor":37},{"not_picked":["Body Slam","Twin Strike","Ghostly Armor+1"],"picked":"SKIP","floor":45}],"player_experience":827042,"relics_obtained":[{"floor":6,"key":"Art of War"},{"floor":9,"key":"Pantograph"},{"floor":10,"key":"Pear"},{"floor":26,"key":"Mercury Hourglass"},{"floor":29,"key":"Dodecahedron"},{"floor":37,"key":"Ginger"},{"floor":38,"key":"Shovel"},{"floor":40,"key":"Bottled Lightning"},{"floor":43,"key":"Red Skull"}],"event_choices":[{"damage_healed":0,"gold_gain":0,"player_choice":"Damaged","damage_taken":8,"max_hp_gain":0,"max_hp_loss":0,"event_name":"Wheel of Change","floor":3,"gold_loss":0},{"cards_removed":["Intimidate"],"damage_healed":44,"gold_gain":0,"player_choice":"Offered Uncommon","damage_taken":0,"max_hp_gain":0,"max_hp_loss":0,"event_name":"Bonfire Elementals","floor":7,"gold_loss":0},{"damage_healed":0,"gold_gain":0,"player_choice":"Read","damage_taken":0,"max_hp_gain":0,"max_hp_loss":0,"event_name":"The Library","floor":20,"gold_loss":0,"cards_obtained":["Dual Wield"]},{"damage_healed":0,"gold_gain":0,"cards_transformed":["Strike_R","Strike_R"],"player_choice":"Became Test Subject","damage_taken":0,"max_hp_gain":0,"max_hp_loss":0,"event_name":"Drug Dealer","floor":22,"gold_loss":0,"cards_obtained":["Heavy Blade","Clash"]},{"damage_healed":0,"gold_gain":0,"player_choice":"Memory 1","damage_taken":0,"max_hp_gain":0,"max_hp_loss":0,"event_name":"SensoryStone","floor":36,"gold_loss":0},{"damage_healed":0,"gold_gain":0,"player_choice":"Fight","damage_taken":0,"max_hp_gain":0,"max_hp_loss":0,"event_name":"MindBloom","floor":37,"gold_loss":0},{"damage_healed":0,"gold_gain":0,"player_choice":"Fight","damage_taken":0,"max_hp_gain":0,"max_hp_loss":0,"event_name":"Mysterious Sphere","floor":38,"gold_loss":0},{"cards_removed":["Dual Wield"],"damage_healed":0,"gold_gain":0,"player_choice":"Removed Skill","damage_taken":0,"max_hp_gain":0,"max_hp_loss":0,"event_name":"Falling","floor":39,"gold_loss":0},{"damage_healed":0,"gold_gain":0,"player_choice":"Max HP","damage_taken":0,"max_hp_gain":0,"max_hp_loss":5,"event_name":"Winding Halls","floor":42,"gold_loss":0},{"damage_healed":0,"gold_gain":0,"player_choice":"Ignored","damage_taken":0,"max_hp_gain":0,"max_hp_loss":0,"event_name":"Tomb of Lord Red Mask","floor":44,"gold_loss":0}],"is_beta":false,"boss_relics":[{"not_picked":["Mark of Pain","Snecko Eye"],"picked":"Coffee Dripper"},{"not_picked":["Eternal Feather","Runic Cube"],"picked":"Empty Cage"}],"items_purged_floors":[28,30,41],"is_endless":false,"potions_floor_spawned":[1,2,10,12,19,21,24],"killed_by":"Giant Head","ascension_level":1}