{"gold_per_floor":[113,133,8,25,25,54,64,89,144,169,169,184,252,264,264,264],"floor_reached":16,"playtime":465,"items_purged":[],"score":244,"play_id":"4914e8b2-2a18-492d-a0e2-a805d9dbdc91","local_time":"20190102134901","is_ascension_mode":true,"campfire_choices":[{"data":"Biased Cognition","floor":15,"key":"SMITH"}],"neow_cost":"NONE","seed_source_timestamp":504060930516675,"circlet_count":0,"master_deck":["AscendersBane","Strike_B","Strike_B","Strike_B","Strike_B","Defend_B","Defend_B","Defend_B","Defend_B","Zap","Dualcast","Compile Driver","Cold Snap","Sweeping Beam","Self Repair","Ball Lightning","Biased Cognition+1","Ball Lightning","Core Surge","Auto Shields","Parasite","Chill"],"relics":["Cracked Core","The Courier","Question Card","Lantern","Bag of Marbles"],"potions_floor_usage":[6,16],"damage_taken":[{"damage":4,"enemies":"2 Louse","floor":1,"turns":3},{"damage":11,"enemies":"Small Slimes","floor":2,"turns":3},{"damage":0,"enemies":"Cultist","floor":4,"turns":3},{"damage":6,"enemies":"Gremlin Nob","floor":6,"turns":3},{"damage":6,"enemies":"Exordium Wildlife","floor":7,"turns":3},{"damage":30,"enemies":"Lagavulin","floor":8,"turns":4},{"damage":14,"enemies":"3 Sentries","floor":10,"turns":6},{"damage":0,"enemies":"Large Slime","floor":12,"turns":3},{"damage":1,"enemies":"2 Fungi Beasts","floor":14,"turns":2},{"damage":42,"enemies":"The Guardian","floor":16,"turns":4}],"seed_played":"6389786396215634349","potions_obtained":[{"floor":2,"key":"Ancient Potion"},{"floor":7,"key":"Dexterity Potion"}],"is_trial":false,"path_per_floor":["M","M","$","M","?","E","M","E","T","E","?","M","?","M","R","B"],"character_chosen":"DEFECT","items_purchased":["Self Repair","FocusPotion"],"campfire_rested":0,"item_purchase_floors":[3,3],"current_hp_per_floor":[60,49,49,56,56,50,51,28,28,21,38,38,38,37,37,0],"gold":264,"neow_bonus":"THREE_CARDS","is_prod":false,"is_daily":false,"chose_seed":false,"campfire_upgraded":1,"win_rate":0,"timestamp":1546433341,"path_taken":["M","M","$","M","?","E","M","E","T","E","?","M","?","M","R","BOSS"],"build_version":"2018-12-20","purchased_purges":0,"victory":false,"max_hp_per_floor":[71,71,71,71,71,71,71,71,71,71,71,71,71,71,71,71],"card_choices":[{"not_picked":["Double Energy","Redo"],"picked":"Compile Driver","floor":0},{"not_picked":["Rebound","Turbo"],"picked":"Cold Snap","floor":1},{"not_picked":["Compile Driver","Steam Power"],"picked":"Sweeping Beam","floor":2},{"not_picked":["Leap","Stack"],"picked":"Ball Lightning","floor":4},{"not_picked":["Gash","Blizzard"],"picked":"Biased Cognition","floor":6},{"not_picked":["Hello World","Turbo"],"picked":"Ball Lightning","floor":7},{"not_picked":["Tempest","Conserve Battery"],"picked":"Core Surge","floor":8},{"not_picked":["Turbo","Rebound","Barrage"],"picked":"Auto Shields","floor":10},{"not_picked":["Scrape","Fusion","Stack"],"picked":"Chill","floor":12},{"not_picked":["Skim","Sweeping Beam","Compile Driver","Redo"],"picked":"SKIP","floor":14}],"player_experience":1091840,"relics_obtained":[{"floor":6,"key":"The Courier"},{"floor":8,"key":"Question Card"},{"floor":9,"key":"Lantern"},{"floor":10,"key":"Bag of Marbles"}],"event_choices":[{"damage_healed":0,"gold_gain":0,"player_choice":"Ignored","damage_taken":0,"max_hp_gain":0,"max_hp_loss":0,"event_name":"Liars Game","floor":5,"gold_loss":0},{"damage_healed":17,"gold_gain":0,"player_choice":"Healed and dodged fight","damage_taken":0,"max_hp_gain":0,"max_hp_loss":0,"event_name":"Mushrooms","floor":11,"gold_loss":0,"cards_obtained":["Parasite"]},{"damage_healed":0,"gold_gain":68,"player_choice":"Gained Gold","damage_taken":0,"max_hp_gain":0,"max_hp_loss":0,"event_name":"Golden Wing","floor":13,"gold_loss":0}],"is_beta":false,"boss_relics":[],"items_purged_floors":[],"is_endless":false,"potions_floor_spawned":[2,7,12,14],"killed_by":"The Guardian","ascension_level":20}