{"gold_per_floor":[115,115,11,11,58,58,92,104,127,159,37,64,64,79,79,79],"floor_reached":16,"playtime":487,"items_purged":["Strike_G"],"score":176,"play_id":"e2d93727-1564-4442-98bc-3f4704101a6b","local_time":"20190409150356","is_ascension_mode":true,"campfire_choices":[{"data":"Backstab","floor":6,"key":"SMITH"},{"data":"Dagger Spray","floor":13,"key":"SMITH"},{"data":"Leg Sweep","floor":15,"key":"SMITH"}],"neow_cost":"NONE","seed_source_timestamp":47564287929448,"circlet_count":0,"master_deck":["Defend_G","Defend_G","Defend_G","Defend_G","Defend_G","Strike_G","Strike_G","Strike_G","Strike_G","Survivor","Neutralize+1","Dodge and Roll","Backstab+1","PiercingWail","Dash","Dagger Spray+1","Leg Sweep+1","Dodge and Roll","Deflect"],"relics":["Ring of the Snake","NeowsBlessing","Art of War","Potion Belt","Vajra","Happy Flower","Snake Skull"],"potions_floor_usage":[],"damage_taken":[{"damage":0,"enemies":"Cultist","floor":1,"turns":1},{"damage":0,"enemies":"3 Sentries","floor":7,"turns":1},{"damage":0,"enemies":"Small Slimes","floor":8,"turns":1},{"damage":8,"enemies":"Gremlin Nob","floor":10,"turns":4},{"damage":13,"enemies":"Lagavulin","floor":12,"turns":7},{"damage":0,"enemies":"Jaw Worm","floor":14,"turns":2},{"damage":58,"enemies":"Hexaghost","floor":16,"turns":16}],"seed_played":"-7422320652763708902","potions_obtained":[{"floor":7,"key":"EssenceOfSteel"},{"floor":8,"key":"Explosive Potion"},{"floor":14,"key":"Energy Potion"}],"is_trial":false,"path_per_floor":["M","?","$","?","T","R","E","M","T","E","$","E","R","M","R","B"],"character_chosen":"THE_SILENT","items_purchased":["Backstab","PiercingWail","Dodge and Roll"],"campfire_rested":0,"item_purchase_floors":[3,3,11],"current_hp_per_floor":[70,70,70,75,75,75,75,75,75,67,67,54,54,54,54,0],"gold":79,"neow_bonus":"THREE_ENEMY_KILL","is_prod":false,"is_daily":false,"chose_seed":false,"campfire_upgraded":3,"win_rate":0,"timestamp":1554833036,"path_taken":["M","?","$","?","?","R","E","M","T","E","$","E","R","M","R","BOSS"],"build_version":"2019-01-23","purchased_purges":1,"victory":false,"max_hp_per_floor":[70,70,70,75,75,75,75,75,75,75,75,75,75,75,75,75],"card_choices":[{"not_picked":["Underhanded Strike","Concentrate"],"picked":"Dodge and Roll","floor":1},{"not_picked":["Riddle With Holes","Blade Dance"],"picked":"Dash","floor":7},{"not_picked":["Deadly Poison","Cloak And Dagger"],"picked":"Dagger Spray","floor":8},{"not_picked":["Distraction","Tools of the Trade"],"picked":"Leg Sweep","floor":10},{"not_picked":["Calculated Gamble","Outmaneuver","Dagger Throw"],"picked":"SKIP","floor":12},{"not_picked":["Escape Plan","Finisher"],"picked":"Deflect","floor":14}],"player_experience":566754,"relics_obtained":[{"floor":5,"key":"Art of War"},{"floor":7,"key":"Potion Belt"},{"floor":9,"key":"Vajra"},{"floor":10,"key":"Happy Flower"},{"floor":12,"key":"Snake Skull"}],"event_choices":[{"damage_healed":0,"gold_gain":0,"player_choice":"Grow","damage_taken":0,"max_hp_gain":0,"max_hp_loss":0,"event_name":"Living Wall","floor":2,"gold_loss":0,"cards_upgraded":["Neutralize"]},{"damage_healed":0,"gold_gain":0,"player_choice":"Donut","damage_taken":0,"max_hp_gain":5,"max_hp_loss":0,"event_name":"Big Fish","floor":4,"gold_loss":0}],"is_beta":false,"boss_relics":[],"items_purged_floors":[11],"is_endless":false,"potions_floor_spawned":[7,8,14],"killed_by":"Hexaghost","ascension_level":5}