{"gold_per_floor":[114,389,21,31,51,85,85,119,119,131,8,26,26,61,61,158,158,158,62,62,62,62,62,62,62,62,62,62,62,62,62,62,62,62,62,62,62,62,0,0,0,0],"floor_reached":42,"playtime":4868,"items_purged":["Regret"],"score":658,"play_id":"4a927544-bd7b-440f-8366-47250f0246a1","local_time":"20190411022541","is_ascension_mode":true,"campfire_choices":[{"data":"Noxious Fumes","floor":7,"key":"SMITH"},{"floor":15,"key":"REST"},{"floor":23,"key":"REST"},{"floor":32,"key":"REST"},{"data":"Tools of the Trade","floor":40,"key":"SMITH"}],"neow_cost":"NONE","seed_source_timestamp":34620910003024,"circlet_count":0,"master_deck":["Defend_G","Defend_G","Defend_G","Defend_G","Strike_G","Strike_G","Strike_G","Strike_G","Strike_G","Survivor","Neutralize+1","Skewer","Neutralize+1","Sucker Punch","Well Laid Plans","Dagger Throw","Sucker Punch","Noxious Fumes+1","Tools of the Trade+1","Deflect","Bouncing Flask","Backstab","Acrobatics","Deflect","Quick Slash","PiercingWail","Glass Knife","Heel Hook+1","Deflect","PiercingWail","All Out Attack","Predator+1","Noxious Fumes+1","Malaise","Leg Sweep+1","Dagger Throw","Tactician","Malaise","PiercingWail+1","Footwork+1","Catalyst"],"relics":["Ring of the Serpent","DollysMirror","Prayer Wheel","Ginger","FossilizedHelix","Vajra","Ectoplasm","Pocketwatch","Ancient Tea Set","MutagenicStrength","Anchor","Red Mask"],"potions_floor_usage":[14,22,28,33,33,42],"damage_taken":[{"damage":0,"enemies":"2 Louse","floor":1,"turns":2},{"damage":0,"enemies":"Cultist","floor":4,"turns":3},{"damage":0,"enemies":"Small Slimes","floor":5,"turns":3},{"damage":21,"enemies":"3 Sentries","floor":6,"turns":9},{"damage":33,"enemies":"Gremlin Nob","floor":8,"turns":5},{"damage":0,"enemies":"Exordium Wildlife","floor":10,"turns":2},{"damage":0,"enemies":"Large Slime","floor":12,"turns":5},{"damage":3,"enemies":"3 Sentries","floor":14,"turns":9},{"damage":0,"enemies":"Slime Boss","floor":16,"turns":8},{"damage":9,"enemies":"3 Byrds","floor":18,"turns":4},{"damage":0,"enemies":"Spheric Guardian","floor":21,"turns":3},{"damage":13,"enemies":"Snake Plant","floor":22,"turns":4},{"damage":0,"enemies":"Cultist and Chosen","floor":24,"turns":4},{"damage":21,"enemies":"Slavers","floor":25,"turns":5},{"damage":9,"enemies":"Book of Stabbing","floor":28,"turns":5},{"damage":0,"enemies":"Centurion and Healer","floor":30,"turns":4},{"damage":0,"enemies":"Snake Plant","floor":31,"turns":4},{"damage":89,"enemies":"Champ","floor":33,"turns":12},{"damage":3,"enemies":"Orb Walker","floor":35,"turns":5},{"damage":0,"enemies":"3 Shapes","floor":41,"turns":4},{"damage":69,"enemies":"Giant Head","floor":42,"turns":9}],"seed_played":"1381724712959423062","potions_obtained":[{"floor":1,"key":"PowerPotion"},{"floor":6,"key":"SkillPotion"},{"floor":8,"key":"Strength Potion"},{"floor":12,"key":"Energy Potion"},{"floor":14,"key":"Ancient Potion"},{"floor":20,"key":"GhostInAJar"},{"floor":24,"key":"Regen Potion"},{"floor":28,"key":"Regen Potion"},{"floor":33,"key":"Weak Potion"},{"floor":35,"key":"Strength Potion"}],"is_trial":false,"path_per_floor":["M","?","$","M","M","E","R","E","T","M","$","M","?","E","R","B",null,"M","$","?","M","M","R","M","E","T","?","E","$","M","M","R","B",null,"M","?","?","?","?","R","M","E"],"character_chosen":"THE_SILENT","items_purchased":["DollysMirror","Sucker Punch","Well Laid Plans","Backstab","Acrobatics","PiercingWail","All Out Attack"],"campfire_rested":3,"item_purchase_floors":[3,3,3,11,11,19,19],"current_hp_per_floor":[70,70,70,70,70,49,49,16,16,16,16,16,16,13,34,34,61,52,52,52,52,39,60,60,39,39,39,30,30,30,30,51,7,54,51,51,51,51,51,51,51,0],"gold":0,"neow_bonus":"UPGRADE_CARD","is_prod":false,"is_daily":false,"chose_seed":false,"campfire_upgraded":2,"win_rate":0,"timestamp":1554960341,"path_taken":["M","?","$","M","?","E","R","E","T","M","$","M","?","E","R","BOSS","M","$","?","M","?","R","M","E","T","?","E","$","M","M","R","BOSS","M","?","?","?","?","R","M","E"],"build_version":"2019-01-23","purchased_purges":1,"victory":false,"max_hp_per_floor":[70,70,70,70,70,70,70,70,70,70,70,70,70,70,70,70,70,70,70,70,70,70,70,70,70,70,70,70,70,70,70,70,70,70,70,70,70,66,66,66,66,66],"card_choices":[{"not_picked":["Dagger Spray","Bane"],"picked":"Skewer","floor":1},{"not_picked":["Bouncing Flask","Slice"],"picked":"Dagger Throw","floor":4},{"not_picked":["Concentrate","Poisoned Stab"],"picked":"Sucker Punch","floor":5},{"not_picked":["Reflex","Sucker Punch"],"picked":"Noxious Fumes","floor":6},{"not_picked":["Poisoned Stab","Riddle With Holes"],"picked":"Tools of the Trade","floor":8},{"not_picked":["PiercingWail","Escape Plan"],"picked":"Deflect","floor":10},{"not_picked":["Bane","Deadly Poison"],"picked":"Bouncing Flask","floor":10},{"not_picked":["Unload","Underhanded Strike"],"picked":"Deflect","floor":12},{"not_picked":["Well Laid Plans","Finisher"],"picked":"Quick Slash","floor":12},{"not_picked":["Catalyst","Underhanded Strike"],"picked":"PiercingWail","floor":14},{"not_picked":["Burst","Tools of the Trade"],"picked":"Glass Knife","floor":16},{"not_picked":["Deadly Poison","Outmaneuver"],"picked":"Heel Hook+1","floor":18},{"not_picked":["Flying Knee","Prepared"],"picked":"Deflect","floor":18},{"not_picked":["All Out Attack","Bane"],"picked":"Predator+1","floor":21},{"not_picked":["Masterful Stab","Deflect"],"picked":"Noxious Fumes+1","floor":21},{"not_picked":["Calculated Gamble","Quick Slash","Outmaneuver"],"picked":"SKIP","floor":22},{"not_picked":["Blade Dance","Outmaneuver","Dagger Spray"],"picked":"SKIP","floor":22},{"not_picked":["Distraction+1","Predator"],"picked":"Malaise","floor":24},{"not_picked":["Underhanded Strike","Bouncing Flask","Riddle With Holes"],"picked":"SKIP","floor":24},{"not_picked":["Quick Slash","Concentrate","Slice"],"picked":"SKIP","floor":25},{"not_picked":["Riddle With Holes","Venomology"],"picked":"Leg Sweep+1","floor":28},{"not_picked":["Blade Dance+1","Expertise","Bane"],"picked":"SKIP","floor":30},{"not_picked":["Outmaneuver","Slice","Poisoned Stab"],"picked":"SKIP","floor":30},{"not_picked":["Dash","Riddle With Holes"],"picked":"Dagger Throw","floor":31},{"not_picked":["Dodge and Roll","Finisher"],"picked":"Tactician","floor":31},{"not_picked":["Unload","Night Terror"],"picked":"Malaise","floor":33},{"not_picked":["Riddle With Holes+1","Outmaneuver+1"],"picked":"PiercingWail+1","floor":35},{"not_picked":["Flying Knee","Underhanded Strike"],"picked":"Footwork+1","floor":35},{"not_picked":["Expertise","Reflex"],"picked":"Catalyst","floor":41},{"not_picked":["Dagger Spray","Quick Slash","Outmaneuver+1"],"picked":"SKIP","floor":41}],"player_experience":594026,"relics_obtained":[{"floor":6,"key":"Prayer Wheel"},{"floor":8,"key":"Ginger"},{"floor":9,"key":"FossilizedHelix"},{"floor":14,"key":"Vajra"},{"floor":25,"key":"Pocketwatch"},{"floor":26,"key":"Ancient Tea Set"},{"floor":28,"key":"Anchor"}],"event_choices":[{"damage_healed":0,"gold_gain":275,"player_choice":"Desecrate","damage_taken":0,"max_hp_gain":0,"max_hp_loss":0,"event_name":"Golden Shrine","floor":2,"gold_loss":0,"cards_obtained":["Regret"]},{"damage_healed":0,"gold_gain":0,"player_choice":"Fled","damage_taken":0,"max_hp_gain":0,"max_hp_loss":0,"event_name":"Scrap Ooze","floor":13,"gold_loss":0},{"damage_healed":0,"gold_gain":0,"player_choice":"Got Potions","damage_taken":0,"max_hp_gain":0,"max_hp_loss":0,"event_name":"Lab","floor":20,"gold_loss":0},{"damage_healed":0,"gold_gain":0,"player_choice":"Inject Mutagens","damage_taken":0,"relics_obtained":["MutagenicStrength"],"max_hp_gain":0,"max_hp_loss":0,"event_name":"Drug Dealer","floor":27,"gold_loss":0},{"damage_healed":0,"gold_gain":0,"player_choice":"Memory 1","damage_taken":0,"max_hp_gain":0,"max_hp_loss":0,"event_name":"SensoryStone","floor":36,"gold_loss":0},{"cards_removed":["Defend_G"],"damage_healed":0,"gold_gain":0,"player_choice":"Removed Skill","damage_taken":0,"max_hp_gain":0,"max_hp_loss":0,"event_name":"Falling","floor":37,"gold_loss":0},{"damage_healed":0,"gold_gain":0,"player_choice":"Max HP","damage_taken":0,"max_hp_gain":0,"max_hp_loss":4,"event_name":"Winding Halls","floor":38,"gold_loss":0},{"damage_healed":0,"gold_gain":0,"player_choice":"Paid","damage_taken":0,"relics_obtained":["Red Mask"],"max_hp_gain":0,"max_hp_loss":0,"event_name":"Tomb of Lord Red Mask","floor":39,"gold_loss":62}],"is_beta":false,"boss_relics":[{"not_picked":["Velvet Choker","Empty Cage"],"picked":"Ectoplasm"},{"not_picked":["White Beast Statue","WristBlade"],"picked":"Ring of the Serpent"}],"items_purged_floors":[3],"is_endless":false,"potions_floor_spawned":[1,6,8,12,14,24,28,30,31,33,35],"killed_by":"Giant Head","ascension_level":5}