{"gold_per_floor":[109,184,201,215,215,215,250,309,334,334,345,345,379,397,397,495,495,512,512,512,525,544,544,544,573,623,623,636,636,667,667,667,763,763,774,820,820,820,260,324,324,324,324,324,324,359,373,391,391,494,494,513,102,122,137,137,137,147,181,181,198,209,224,224,238,238,336,336,356,102,102,102,102,133,133,146,171,186,101,117,38,38,38,143,143,156,168,188,202,217,217,0,14,47,47,62,62,97,149,149,149],"floor_reached":101,"playtime":7613,"items_purged":["Defend_G"],"score":2372,"play_id":"393e5436-46e1-484f-8f36-b97dbb29f42a","local_time":"20180701131458","is_ascension_mode":false,"campfire_choices":[{"data":"Dagger Spray","floor":6,"key":"SMITH"},{"floor":10,"key":"REST"},{"floor":12,"key":"REST"},{"data":"Cloak And Dagger","floor":15,"key":"SMITH"},{"data":"Well Laid Plans","floor":23,"key":"SMITH"},{"floor":29,"key":"REST"},{"data":"Ghostly","floor":32,"key":"SMITH"},{"data":"Ghostly","floor":41,"key":"SMITH"},{"data":"Ghostly","floor":45,"key":"SMITH"},{"data":"Ghostly","floor":49,"key":"SMITH"},{"floor":57,"key":"REST"},{"floor":64,"key":"REST"},{"floor":66,"key":"REST"},{"floor":75,"key":"REST"},{"floor":83,"key":"REST"},{"floor":91,"key":"REST"},{"floor":97,"key":"REST"},{"floor":100,"key":"REST"}],"neow_cost":"","seed_source_timestamp":0,"circlet_count":0,"master_deck":["Defend_G","Defend_G","Defend_G","Survivor","Neutralize+1","Escape Plan+1","Escape Plan+1","Dagger Spray+1","Escape Plan","PiercingWail","Backflip","Blade Dance","Cloak And Dagger+1","Die Die Die","Deadly Poison+1","Bite","Bite","Bite","Bite","Well Laid Plans+1","Dodge and Roll+1","Choke+1","Die Die Die","Finisher","Blur+1","Ghostly+1","Ghostly+1","Ghostly+1","Ghostly+1","Ghostly+1","Doppelganger","Bouncing Flask+1","Outmaneuver+1","Madness","Madness","Finesse","Glass Knife","Quick Slash+1","Setup+1","Escape Plan+1","Adrenaline+1","Deflect+1","Calculated Gamble+1","Footwork","Backflip+1","Backflip+1","Bouncing Flask+1","Distraction+1","Footwork","Terror+1","Well Laid Plans","Night Terror+1","Dash+1","RitualDagger","Sucker Punch+1","Noxious Fumes","Footwork","Escape Plan+1","Burst+1","Accuracy","Blur+1","Concentrate+1","After Image","Noxious Fumes","Infinite Blades","Crippling Poison+1","Doppelganger+1","Backflip+1","Dash+1","Expertise+1","Bullet Time+1","Backflip+1"],"relics":["Ring of the Snake","Bronze Scales","Pantograph","Matryoshka","Black Star","Vajra","Oddly Smooth Stone","Boot","Juzu Bracelet","Enchiridion","Dream Catcher","Pen Nib","Sozu","Turnip","Letter Opener","War Paint","Omamori","Tiny Chest","Thread and Needle","Regal Pillow","Toxic Egg 2","Kunai","Bottled Flame","Fusion Hammer","Mango","Question Card","Mummified Hand","CultistMask","Potion Belt","Red Mask","Incense Burner"],"potions_floor_usage":[7,8,13,13,25,25,25,40],"damage_taken":[{"damage":0,"enemies":"Jaw Worm","floor":1,"turns":4},{"damage":0,"enemies":"2 Louse","floor":3,"turns":3},{"damage":0,"enemies":"Small Slimes","floor":4,"turns":4},{"damage":31,"enemies":"Lagavulin","floor":7,"turns":10},{"damage":21,"enemies":"Gremlin Nob","floor":8,"turns":4},{"damage":4,"enemies":"Red Slaver","floor":11,"turns":5},{"damage":0,"enemies":"3 Sentries","floor":13,"turns":6},{"damage":1,"enemies":"2 Fungi Beasts","floor":14,"turns":3},{"damage":20,"enemies":"The Guardian","floor":16,"turns":15},{"damage":9,"enemies":"Chosen","floor":18,"turns":6},{"damage":16,"enemies":"2 Thieves","floor":21,"turns":3},{"damage":21,"enemies":"3 Cultists","floor":22,"turns":4},{"damage":9,"enemies":"Gremlin Leader","floor":25,"turns":4},{"damage":9,"enemies":"Snecko","floor":28,"turns":4},{"damage":8,"enemies":"Book of Stabbing","floor":30,"turns":5},{"damage":17,"enemies":"Automaton","floor":33,"turns":12},{"damage":3,"enemies":"3 Shapes","floor":35,"turns":7},{"damage":0,"floor":36,"turns":3},{"damage":0,"enemies":"2 Orb Walkers","floor":40,"turns":3},{"damage":0,"floor":42,"turns":5},{"damage":0,"enemies":"Nemesis","floor":46,"turns":5},{"damage":0,"enemies":"Flame Bruiser 1 Orb","floor":47,"turns":3},{"damage":0,"enemies":"Maw","floor":48,"turns":6},{"damage":13,"enemies":"Time Eater","floor":50,"turns":13},{"damage":0,"enemies":"Cultist","floor":52,"turns":2},{"damage":0,"enemies":"Jaw Worm","floor":54,"turns":2},{"damage":0,"enemies":"2 Louse","floor":55,"turns":2},{"damage":0,"enemies":"Blue Slaver","floor":58,"turns":2},{"damage":0,"enemies":"Gremlin Nob","floor":59,"turns":3},{"damage":0,"enemies":"Large Slime","floor":61,"turns":4},{"damage":0,"enemies":"Exordium Thugs","floor":62,"turns":2},{"damage":0,"enemies":"Blue Slaver","floor":63,"turns":3},{"damage":0,"enemies":"Looter","floor":65,"turns":2},{"damage":0,"enemies":"Hexaghost","floor":67,"turns":6},{"damage":0,"enemies":"Shell Parasite","floor":69,"turns":3},{"damage":0,"enemies":"Slavers","floor":74,"turns":5},{"damage":0,"enemies":"2 Thieves","floor":76,"turns":4},{"damage":0,"enemies":"Gremlin Leader","floor":77,"turns":7},{"damage":28,"enemies":"Cultist and Chosen","floor":78,"turns":5},{"damage":0,"enemies":"Centurion and Healer","floor":80,"turns":4},{"damage":0,"enemies":"Champ","floor":84,"turns":11},{"damage":16,"enemies":"3 Darklings","floor":86,"turns":6},{"damage":0,"enemies":"Flame Bruiser 1 Orb","floor":87,"turns":4},{"damage":0,"enemies":"4 Shapes","floor":88,"turns":4},{"damage":8,"enemies":"Sphere and 2 Shapes","floor":89,"turns":4},{"damage":0,"enemies":"Spire Growth","floor":90,"turns":5},{"damage":0,"enemies":"Maw","floor":93,"turns":9},{"damage":9,"enemies":"Giant Head","floor":94,"turns":9},{"damage":1,"enemies":"4 Shapes","floor":96,"turns":3},{"damage":13,"enemies":"2 Orb Walkers","floor":98,"turns":5},{"damage":2,"floor":99,"turns":4},{"damage":51,"enemies":"Time Eater","floor":101,"turns":2}],"seed_played":"-2288254389414053712","potions_obtained":[{"floor":3,"key":"GhostInAJar"},{"floor":7,"key":"Regen Potion"},{"floor":8,"key":"SkillPotion"},{"floor":11,"key":"SkillPotion"},{"floor":16,"key":"PowerPotion"},{"floor":21,"key":"PowerPotion"},{"floor":22,"key":"SkillPotion"},{"floor":25,"key":"GhostInAJar"}],"is_trial":true,"path_per_floor":["M","?","M","M","?","R","E","?","T","R","M","R","E","M","R","B",null,"M","?","?","M","M","R","?","E","T","?","M","R","E","?","R","B",null,"M","?","?","?","$","E","R","?","T","?","R","E","M","M","R","B",null,"M","$","M","M","?","R","M","E","T","M","M","M","R","M","R","B",null,"M","$","?","?","?","E","R","M","E","M","?","M","$","?","R","B",null,"M","M","M","M","M","R","?","M","E","?","M","R","E","?","R"],"character_chosen":"THE_SILENT","items_purchased":["Letter Opener","War Paint","Finesse","Mango","Calculated Gamble+1","Footwork","Mummified Hand","Accuracy"],"campfire_rested":11,"item_purchase_floors":[39,39,39,53,53,53,70,81],"current_hp_per_floor":[70,59,59,59,59,59,28,21,21,42,40,61,63,64,64,50,70,61,61,61,55,44,44,44,43,43,27,26,47,49,35,35,20,35,34,35,31,31,31,35,35,35,35,35,35,35,35,35,35,32,35,35,49,49,49,39,49,49,49,49,49,49,49,49,49,49,49,49,49,49,49,43,43,47,49,49,49,23,23,23,23,23,49,49,49,37,41,45,41,43,49,49,49,40,40,43,49,44,46,49,0],"gold":149,"neow_bonus":"","is_prod":false,"is_daily":false,"chose_seed":false,"campfire_upgraded":7,"win_rate":0,"timestamp":1530476098,"path_taken":["M","?","?","M","?","R","E","?","T","R","?","R","E","M","R","BOSS","M","?","?","M","?","R","?","E","T","?","M","R","E","?","R","BOSS","M","?","?","?","$","E","R","?","T","?","R","E","M","M","R","BOSS","M","$","M","M","?","R","M","E","T","M","M","M","R","M","R","BOSS","M","$","?","?","?","E","R","M","E","M","?","M","?","?","R","BOSS","M","M","M","M","M","R","?","M","E","?","M","R","E","?","R","BOSS"],"build_version":"2018-06-29","purchased_purges":1,"victory":false,"max_hp_per_floor":[70,70,70,70,70,70,70,70,70,70,70,70,70,70,70,70,70,70,70,70,70,70,70,70,70,70,70,70,70,70,35,35,35,35,35,35,35,35,35,35,35,35,35,35,35,35,35,35,35,35,35,35,49,49,49,49,49,49,49,49,49,49,49,49,49,49,49,49,49,49,49,49,49,49,49,49,49,49,49,49,49,49,49,49,49,49,49,49,49,49,49,49,49,49,49,49,49,49,49,49,49],"card_choices":[{"not_picked":["Dagger Throw","Backflip"],"picked":"Escape Plan","floor":1},{"not_picked":["Underhanded Strike","Dagger Spray"],"picked":"Escape Plan","floor":3},{"not_picked":["Expertise","PiercingWail"],"picked":"Dagger Spray","floor":4},{"not_picked":["Eviscerate","Poisoned Stab"],"picked":"Escape Plan","floor":7},{"not_picked":["Finisher","Prepared"],"picked":"PiercingWail","floor":8},{"not_picked":["Outmaneuver","Heel Hook"],"picked":"Backflip","floor":11},{"not_picked":["Deadly Poison","Setup"],"picked":"Blade Dance","floor":13},{"not_picked":["Deadly Poison","Poisoned Stab"],"picked":"Cloak And Dagger","floor":14},{"not_picked":["Bullet Time","Corpse Explosion"],"picked":"Die Die Die","floor":16},{"not_picked":["Poisoned Stab","Setup"],"picked":"Deadly Poison+1","floor":18},{"not_picked":["Backstab","Bane"],"picked":"Dodge and Roll+1","floor":21},{"not_picked":["Blade Dance","Reflex"],"picked":"Choke+1","floor":22},{"not_picked":["Accuracy","Flechettes"],"picked":"Die Die Die","floor":25},{"not_picked":["Prepared","Deflect"],"picked":"Finisher","floor":28},{"not_picked":["Well Laid Plans+1","Choke"],"picked":"Blur","floor":30},{"not_picked":["Grand Finale","Venomology"],"picked":"Doppelganger","floor":33},{"not_picked":["Poisoned Stab","Bane"],"picked":"Bouncing Flask+1","floor":35},{"not_picked":["Dagger Spray+1","Blade Dance"],"picked":"Outmaneuver+1","floor":36},{"not_picked":["Endless Agony","Sucker Punch"],"picked":"Glass Knife","floor":40},{"not_picked":["PiercingWail+1","Deadly Poison"],"picked":"Quick Slash+1","floor":42},{"not_picked":["Catalyst+1","Dagger Spray+1"],"picked":"Setup+1","floor":46},{"not_picked":["PiercingWail+1","Bane"],"picked":"Escape Plan+1","floor":47},{"not_picked":["Grand Finale","Underhanded Strike","Deadly Poison+1"],"picked":"SKIP","floor":48},{"not_picked":["Die Die Die","Glass Knife"],"picked":"Adrenaline+1","floor":50},{"not_picked":["Slice","Catalyst+1"],"picked":"Deflect+1","floor":52},{"not_picked":["Slice","Dagger Spray","Choke"],"picked":"SKIP","floor":54},{"not_picked":["Quick Slash","Tactician+1"],"picked":"Backflip+1","floor":55},{"not_picked":["PiercingWail+1","Predator"],"picked":"Backflip+1","floor":57},{"not_picked":["Acrobatics+1","Flying Knee"],"picked":"Bouncing Flask+1","floor":58},{"not_picked":["Deadly Poison+1","Finisher","Masterful Stab"],"picked":"SKIP","floor":59},{"not_picked":["Dagger Spray","Slice","Dagger Throw","Quick Slash"],"picked":"SKIP","floor":61},{"not_picked":["Acrobatics+1","Dagger Throw","Bane"],"picked":"Distraction+1","floor":62},{"not_picked":["Prepared+1","Outmaneuver+1","Dagger Throw"],"picked":"Footwork","floor":63},{"not_picked":["Flechettes","Quick Slash","Prepared+1"],"picked":"Terror+1","floor":65},{"not_picked":["Riddle With Holes","Bane","Deflect+1"],"picked":"Well Laid Plans","floor":66},{"not_picked":["Adrenaline+1","Venomology+1","Die Die Die"],"picked":"Night Terror+1","floor":67},{"not_picked":["PiercingWail+1","Finisher","Quick Slash"],"picked":"Dash+1","floor":69},{"not_picked":["Poisoned Stab","Prepared+1","Underhanded Strike"],"picked":"Sucker Punch+1","floor":74},{"not_picked":["Reflex+1","Tools of the Trade","Predator+1"],"picked":"Noxious Fumes","floor":75},{"not_picked":["Deflect+1","Distraction+1","Deadly Poison+1"],"picked":"Footwork","floor":76},{"not_picked":["Deflect+1","Cloak And Dagger+1","Slice+1"],"picked":"Escape Plan+1","floor":77},{"not_picked":["Setup+1","Riddle With Holes","Endless Agony+1","Quick Slash"],"picked":"SKIP","floor":78},{"not_picked":["Poisoned Stab","Underhanded Strike","PiercingWail+1"],"picked":"Burst+1","floor":80},{"not_picked":["Dagger Spray","Cloak And Dagger+1","Quick Slash"],"picked":"Concentrate+1","floor":83},{"not_picked":["A Thousand Cuts","Bullet Time+1","Doppelganger+1"],"picked":"After Image","floor":84},{"not_picked":["Poisoned Stab","Deadly Poison+1","Prepared+1"],"picked":"Noxious Fumes","floor":86},{"not_picked":["Deadly Poison+1","Leg Sweep+1","Bouncing Flask+1"],"picked":"Infinite Blades","floor":87},{"not_picked":["Bane","Backstab+1","Cloak And Dagger+1"],"picked":"Crippling Poison+1","floor":88},{"not_picked":["PiercingWail+1","Masterful Stab","Slice"],"picked":"Doppelganger+1","floor":89},{"not_picked":["Outmaneuver+1","Dagger Spray","Slice+1"],"picked":"Backflip+1","floor":90},{"not_picked":["Dagger Spray+1","Bane","Deadly Poison+1"],"picked":"Dash+1","floor":93},{"not_picked":["Well Laid Plans","Endless Agony","Outmaneuver+1"],"picked":"Expertise+1","floor":94},{"not_picked":["Deflect+1","Dagger Throw","Flying Knee"],"picked":"Bullet Time+1","floor":96},{"not_picked":["Poisoned Stab+1","Dagger Throw+1","Deadly Poison+1"],"picked":"Backflip+1","floor":97},{"not_picked":["PiercingWail+1","Dagger Throw+1","Sucker Punch","Bullet Time+1"],"picked":"SKIP","floor":98}],"player_experience":245445,"relics_obtained":[{"floor":7,"key":"Bronze Scales"},{"floor":8,"key":"Pantograph"},{"floor":9,"key":"Blood Vial"},{"floor":13,"key":"Matryoshka"},{"floor":25,"key":"Vajra"},{"floor":25,"key":"Oddly Smooth Stone"},{"floor":26,"key":"Boot"},{"floor":26,"key":"Juzu Bracelet"},{"floor":27,"key":"Enchiridion"},{"floor":30,"key":"Dream Catcher"},{"floor":30,"key":"Pen Nib"},{"floor":36,"key":"Turnip"},{"floor":40,"key":"Omamori"},{"floor":40,"key":"Tiny Chest"},{"floor":42,"key":"Thread and Needle"},{"floor":43,"key":"Regal Pillow"},{"floor":43,"key":"Toxic Egg 2"},{"floor":46,"key":"Kunai"},{"floor":46,"key":"Bottled Flame"},{"floor":60,"key":"Question Card"},{"floor":99,"key":"Incense Burner"}],"event_choices":[{"event_name":"World of Goop","player_choice":"Gather Gold","floor":2,"damage_taken":0},{"event_name":"Upgrade Shrine","player_choice":"Upgraded","floor":5,"damage_taken":0},{"event_name":"Dead Adventurer","player_choice":"Searched \u00272\u0027 times","floor":8,"damage_taken":0},{"event_name":"Vampires","player_choice":"Became a vampire (Vial)","floor":19,"damage_taken":0},{"event_name":"The Library","player_choice":"Read","floor":20,"damage_taken":0},{"event_name":"The Lab","player_choice":"Got Potions","floor":24,"damage_taken":0},{"event_name":"Cursed Tome","player_choice":"Obtained Book","floor":27,"damage_taken":0},{"event_name":"Ghosts","player_choice":"Became a Ghost","floor":31,"damage_taken":0},{"event_name":"Mysterious Sphere","player_choice":"Fight","floor":36,"damage_taken":0},{"event_name":"Winding Halls","player_choice":"Embrace Madness","floor":37,"damage_taken":0},{"event_name":"Falling","player_choice":"Removed Attack","floor":38,"damage_taken":0},{"event_name":"MindBloom","player_choice":"Fight","floor":42,"damage_taken":0},{"event_name":"Tomb of Lord Red Mask","player_choice":"Ignored","floor":44,"damage_taken":0},{"event_name":"Shining Light","player_choice":"Entered Light","floor":56,"damage_taken":0},{"event_name":"FaceTrader","player_choice":"Trade","floor":71,"damage_taken":0},{"event_name":"Nest","player_choice":"Joined the Cult","floor":72,"damage_taken":0},{"event_name":"Vampires","player_choice":"Ignored","floor":73,"damage_taken":0},{"event_name":"Addict","player_choice":"Obtained Relic","floor":79,"damage_taken":0},{"event_name":"The Library","player_choice":"Read","floor":82,"damage_taken":0},{"event_name":"Tomb of Lord Red Mask","player_choice":"Paid","floor":92,"damage_taken":0},{"event_name":"Purifier","player_choice":"One Purge","floor":95,"damage_taken":0},{"event_name":"Mysterious Sphere","player_choice":"Fight","floor":99,"damage_taken":0}],"boss_relics":[{"not_picked":["Velvet Choker","Eternal Feather"],"picked":"Black Star"},{"not_picked":["Tiny House","Empty Cage"],"picked":"Sozu"},{"not_picked":["Astrolabe","Runic Dome"],"picked":"Fusion Hammer"},{"not_picked":["TwistingMind"],"picked":"VoidEssence"},{"not_picked":["MetallicRebirth"],"picked":"Accursed"}],"items_purged_floors":[39],"is_endless":true,"potions_floor_spawned":[3,7,8,11,16,21,22,25,36,40,42,54,55,61,65,67,74,76,77,87,89,93,99],"killed_by":"Time Eater","ascension_level":0}