{"gold_per_floor":[119,44,57,71,86,114,114,114,138,88,88,114,130,156,168,180],"floor_reached":16,"playtime":612,"items_purged":["Strike_B"],"score":126,"play_id":"d9027b7e-fd7b-4c8f-915a-89752a7225f6","local_time":"20190423131713","is_ascension_mode":true,"campfire_choices":[{"data":"Dualcast","floor":7.0,"key":"SMITH"},{"floor":11.0,"key":"REST"},{"data":"Sunder","floor":15,"key":"SMITH"}],"neow_cost":"NONE","seed_source_timestamp":0,"circlet_count":0,"master_deck":["Strike_B","Defend_B","Defend_B","Defend_B","Defend_B","Zap+1","Dualcast+1","Sweeping Beam","Sweeping Beam","Turbo","Gash","Sweeping Beam","Reboot","Sunder+1"],"special_seed":0,"relics":["Cracked Core","Omamori","Oddly Smooth Stone","Regal Pillow","MawBank"],"potions_floor_usage":[16],"damage_taken":[{"damage":6.0,"enemies":"Cultist","floor":1.0,"turns":3.0},{"damage":3.0,"enemies":"Jaw Worm","floor":3.0,"turns":3.0},{"damage":0.0,"enemies":"Small Slimes","floor":4.0,"turns":2.0},{"damage":0.0,"enemies":"2 Fungi Beasts","floor":5.0,"turns":2.0},{"damage":38.0,"enemies":"Gremlin Nob","floor":6.0,"turns":4.0},{"damage":8.0,"enemies":"3 Sentries","floor":12.0,"turns":4.0},{"damage":1.0,"enemies":"Lots of Slimes","floor":13.0,"turns":2.0},{"damage":18,"enemies":"Lagavulin","floor":14,"turns":5},{"damage":31,"enemies":"Hexaghost","floor":16,"turns":8}],"seed_played":"6207262422363106564","potions_obtained":[{"floor":4.0,"key":"EntropicBrew"},{"floor":6.0,"key":"Regen Potion"},{"floor":13,"key":"Ancient Potion"}],"is_trial":false,"path_per_floor":["M","$","M","M","M","E","R","?","T","?","R","E","M","E","R","B"],"character_chosen":"DEFECT","items_purchased":[],"campfire_rested":1,"item_purchase_floors":[],"current_hp_per_floor":[69,69,66,66,66,28,28,21,21,21,43,47,46,28,28,0],"gold":180,"neow_bonus":"UPGRADE_CARD","is_prod":false,"is_daily":false,"chose_seed":false,"campfire_upgraded":2,"win_rate":0,"timestamp":1556050633,"path_taken":["M","$","M","M","M","E","R","?","T","?","R","E","M","E","R","BOSS"],"build_version":"2019-01-23","purchased_purges":1,"victory":false,"max_hp_per_floor":[75,75,75,75,75,75,75,75,75,75,75,75,75,75,75,75],"card_choices":[{"not_picked":["Ball Lightning","Lockon"],"picked":"Sweeping Beam","floor":1.0},{"not_picked":["Hologram","Undo"],"picked":"Sweeping Beam","floor":3.0},{"not_picked":["Steam","Glacier"],"picked":"Turbo","floor":4.0},{"not_picked":["Barrage","Cold Snap"],"picked":"Gash","floor":5.0},{"not_picked":["Melter","Storm"],"picked":"Sweeping Beam","floor":6.0},{"not_picked":["White Noise","Rebound"],"picked":"Reboot","floor":12.0},{"not_picked":["BootSequence","Aggregate","Conserve Battery"],"picked":"SKIP","floor":13},{"not_picked":["Genetic Algorithm","Compile Driver"],"picked":"Sunder","floor":14}],"player_experience":937406,"relics_obtained":[{"floor":6.0,"key":"Omamori"},{"floor":9.0,"key":"Oddly Smooth Stone"},{"floor":12.0,"key":"Regal Pillow"},{"floor":14,"key":"MawBank"}],"event_choices":[{"cards_removed":["Strike_B"],"damage_healed":0.0,"max_hp_gain":0.0,"max_hp_loss":0.0,"gold_gain":0.0,"event_name":"Golden Wing","player_choice":"Card Removal","floor":8.0,"gold_loss":0.0,"damage_taken":7.0},{"cards_removed":["Strike_B"],"damage_healed":0.0,"max_hp_gain":0.0,"max_hp_loss":0.0,"gold_gain":0.0,"event_name":"The Cleric","player_choice":"Card Removal","floor":10.0,"gold_loss":50.0,"damage_taken":0.0}],"is_beta":false,"boss_relics":[],"items_purged_floors":[2],"is_endless":false,"potions_floor_spawned":[4,6,13],"killed_by":"Hexaghost","ascension_level":1}