{"gold_per_floor":[117,117,129,129,145,172,185,185,185,54,80,99,117,133,133,210,210,228,228,238,238,98,126,138],"floor_reached":24,"playtime":870,"items_purged":["Strike_B","Strike_B"],"score":536,"play_id":"5bec4aa7-ed5a-42b3-9914-e6814e2b82cb","local_time":"20181227171658","is_ascension_mode":true,"campfire_choices":[{"data":"Hologram","floor":8,"key":"SMITH"},{"floor":15,"key":"REST"}],"neow_cost":"PERCENT_DAMAGE","seed_source_timestamp":519896039753953,"circlet_count":0,"master_deck":["AscendersBane","Strike_B","Strike_B","Defend_B","Defend_B","Defend_B","Defend_B","Zap+1","Dualcast","Core Surge","Cold Snap","Hologram+1","Doom and Gloom","FTL","Thunder Strike","Darkness","Glacier","Biased Cognition","Rainbow","Defragment","Cold Snap+1"],"relics":["Cracked Core","Lantern","Omamori","Ancient Tea Set","Runic Pyramid","Nloth\u0027s Gift","MawBank"],"potions_floor_usage":[6,7,16,16,16,23],"damage_taken":[{"damage":11,"enemies":"Small Slimes","floor":1,"turns":3},{"damage":0,"enemies":"Cultist","floor":3,"turns":2},{"damage":0,"enemies":"2 Louse","floor":5,"turns":2},{"damage":5,"enemies":"3 Sentries","floor":6,"turns":3},{"damage":4,"enemies":"Exordium Thugs","floor":7,"turns":4},{"damage":0,"enemies":"2 Fungi Beasts","floor":12,"turns":2},{"damage":3,"enemies":"Blue Slaver","floor":13,"turns":2},{"damage":6,"enemies":"Looter","floor":14,"turns":2},{"damage":0,"enemies":"Slime Boss","floor":16,"turns":6},{"damage":13,"enemies":"3 Byrds","floor":18,"turns":6},{"damage":16,"enemies":"Shell Parasite","floor":20,"turns":5},{"damage":57,"enemies":"Slavers","floor":23,"turns":6},{"damage":18,"enemies":"Snake Plant","floor":24,"turns":1}],"seed_played":"1613789394509334668","potions_obtained":[{"floor":5,"key":"Explosive Potion"},{"floor":6,"key":"Block Potion"},{"floor":12,"key":"EntropicBrew"},{"floor":18,"key":"Explosive Potion"}],"is_trial":false,"path_per_floor":["M","?","M","?","M","E","M","R","T","$","T","M","M","M","R","B",null,"M","?","M","?","$","E","M"],"character_chosen":"DEFECT","items_purchased":["Swift Potion","Defragment"],"campfire_rested":1,"item_purchase_floors":[10,22],"current_hp_per_floor":[35,24,24,24,24,19,15,15,15,15,15,15,12,6,27,27,60,47,47,31,71,71,14,0],"gold":138,"neow_bonus":"THREE_RARE_CARDS","is_prod":false,"is_daily":false,"chose_seed":false,"campfire_upgraded":1,"win_rate":0,"timestamp":1545927418,"path_taken":["M","?","M","?","?","E","M","R","T","?","?","M","M","M","R","BOSS","M","?","?","?","?","E","M"],"build_version":"2018-12-20","purchased_purges":2,"victory":false,"max_hp_per_floor":[71,71,71,71,71,71,71,71,71,71,71,71,71,71,71,71,71,71,71,71,71,71,71,71],"card_choices":[{"not_picked":["Rainbow","All For One"],"picked":"Core Surge","floor":0},{"not_picked":["Steam","Go for the Eyes"],"picked":"Cold Snap","floor":1},{"not_picked":["Redo","Barrage"],"picked":"Hologram","floor":3},{"not_picked":["Conserve Battery","Steam"],"picked":"Doom and Gloom","floor":5},{"not_picked":["Stack","Force Field"],"picked":"FTL","floor":6},{"not_picked":["Redo","Go for the Eyes","Gash"],"picked":"Thunder Strike","floor":7},{"not_picked":["Coolheaded","Redo","Self Repair"],"picked":"Consume","floor":12},{"not_picked":["Sweeping Beam","Hologram","Redo"],"picked":"Darkness","floor":13},{"not_picked":["Auto Shields","Compile Driver","Barrage"],"picked":"Glacier","floor":14},{"not_picked":["Seek","Meteor Strike","Hyperbeam"],"picked":"Biased Cognition","floor":16},{"not_picked":["Beam Cell","Redo","Sweeping Beam","Barrage"],"picked":"SKIP","floor":18},{"not_picked":["Compile Driver+1","Melter"],"picked":"Rainbow","floor":20},{"not_picked":["Leap","Redo"],"picked":"Cold Snap+1","floor":23}],"player_experience":1051259,"relics_obtained":[{"floor":6,"key":"Question Card"},{"floor":9,"key":"Omamori"},{"floor":11,"key":"Ancient Tea Set"},{"floor":23,"key":"MawBank"}],"event_choices":[{"damage_healed":0,"gold_gain":0,"player_choice":"Success","damage_taken":11,"relics_obtained":["Lantern"],"max_hp_gain":0,"max_hp_loss":0,"event_name":"Scrap Ooze","floor":2,"gold_loss":0},{"damage_healed":0,"gold_gain":0,"player_choice":"Upgraded","damage_taken":0,"max_hp_gain":0,"max_hp_loss":0,"event_name":"Upgrade Shrine","floor":4,"gold_loss":0,"cards_upgraded":["Zap"]},{"damage_healed":0,"gold_gain":0,"player_choice":"Traded Relic","damage_taken":0,"relics_obtained":["Nloth\u0027s Gift"],"max_hp_gain":0,"max_hp_loss":0,"event_name":"N\u0027loth","floor":19,"relics_lost":["Question Card"],"gold_loss":0},{"cards_removed":["Consume"],"damage_healed":40,"gold_gain":0,"player_choice":"Offered Uncommon","damage_taken":0,"max_hp_gain":0,"max_hp_loss":0,"event_name":"Bonfire Elementals","floor":21,"gold_loss":0}],"is_beta":false,"boss_relics":[{"not_picked":["Runic Dome","White Beast Statue"],"picked":"Runic Pyramid"}],"items_purged_floors":[10,22],"is_endless":false,"potions_floor_spawned":[5,6,12,18,20],"killed_by":"Snake Plant","ascension_level":20}