{"gold_per_floor":[119,132,132,145,9,9,34,34,87,412,412,112,112,125,125,197,197,208,220,220,289,289],"floor_reached":22,"playtime":992,"items_purged":["Strike_R"],"score":336,"play_id":"a34abe1f-93c7-433e-ac58-6367a9bb2c6f","local_time":"20190407152920","is_ascension_mode":true,"campfire_choices":[{"data":"Bash","floor":6,"key":"SMITH"},{"data":"Twin Strike","floor":8,"key":"SMITH"},{"data":"Feed","floor":11,"key":"SMITH"},{"data":"Cleave","floor":13,"key":"SMITH"},{"floor":15,"key":"REST"}],"neow_cost":"NONE","seed_source_timestamp":5988428979774,"circlet_count":0,"master_deck":["AscendersBane","Strike_R","Strike_R","Defend_R","Defend_R","Defend_R","Defend_R","Bash+1","Feed+1","Twin Strike+1","Shrug It Off","Shrug It Off","Cleave+1","Pommel Strike","Whirlwind","Headbutt","Shrug It Off"],"relics":["Burning Blood","Bag of Marbles","Boot","Old Coin","Anchor","Singing Bowl"],"potions_floor_usage":[7,16,22],"damage_taken":[{"damage":2,"enemies":"2 Louse","floor":1,"turns":3},{"damage":5,"enemies":"Cultist","floor":2,"turns":5},{"damage":7,"enemies":"Jaw Worm","floor":4,"turns":3},{"damage":34,"enemies":"Gremlin Nob","floor":7,"turns":5},{"damage":25,"enemies":"3 Sentries","floor":10,"turns":9},{"damage":6,"enemies":"Exordium Wildlife","floor":14,"turns":4},{"damage":37,"enemies":"Slime Boss","floor":16,"turns":14},{"damage":2,"enemies":"Chosen","floor":18,"turns":4},{"damage":30,"enemies":"Shell Parasite","floor":19,"turns":6},{"damage":69,"enemies":"Sentry and Sphere","floor":22,"turns":7}],"seed_played":"-7769783231712529711","potions_obtained":[{"floor":4,"key":"Ancient Potion"},{"floor":7,"key":"Ancient Potion"},{"floor":10,"key":"Poison Potion"},{"floor":16,"key":"BloodPotion"}],"is_trial":false,"path_per_floor":["M","M","?","M","$","R","E","R","T","E","R","$","R","M","R","B",null,"M","M","?","T","M"],"character_chosen":"IRONCLAD","items_purchased":["Feed","Shrug It Off","Cleave","Anchor"],"campfire_rested":1,"item_purchase_floors":[5,12,12,12],"current_hp_per_floor":[72,73,73,72,72,72,44,44,44,28,28,28,28,32,56,25,68,76,56,56,56,0],"gold":289,"neow_bonus":"REMOVE_CARD","is_prod":false,"is_daily":false,"chose_seed":false,"campfire_upgraded":4,"win_rate":0,"timestamp":1554661760,"path_taken":["M","M","?","M","$","R","E","R","T","E","R","$","R","M","R","BOSS","M","?","?","?","M"],"build_version":"2019-01-23","purchased_purges":1,"victory":false,"max_hp_per_floor":[75,75,75,75,75,75,75,75,75,78,78,78,78,82,82,82,82,86,90,90,90,90],"card_choices":[{"not_picked":["Armaments","Combust","Body Slam"],"picked":"SKIP","floor":1},{"not_picked":["Clash","Warcry","Havoc"],"picked":"SKIP","floor":2},{"not_picked":["Clash","Havoc","Burning Pact"],"picked":"SKIP","floor":4},{"not_picked":["Fiend Fire","Rampage"],"picked":"Twin Strike","floor":7},{"not_picked":["Warcry","Cleave"],"picked":"Shrug It Off","floor":10},{"not_picked":["Iron Wave","Cleave"],"picked":"Pommel Strike","floor":14},{"not_picked":["Sever Soul","Sword Boomerang"],"picked":"Whirlwind","floor":18},{"not_picked":["Blood for Blood","Perfected Strike+1"],"picked":"Headbutt","floor":19}],"player_experience":547313,"relics_obtained":[{"floor":7,"key":"Bag of Marbles"},{"floor":9,"key":"Boot"},{"floor":10,"key":"Old Coin"},{"floor":21,"key":"Singing Bowl"}],"event_choices":[{"cards_removed":["Strike_R"],"damage_healed":0,"gold_gain":0,"player_choice":"Offered Basic","damage_taken":0,"max_hp_gain":0,"max_hp_loss":0,"event_name":"Bonfire Elementals","floor":3,"gold_loss":0},{"damage_healed":0,"gold_gain":0,"player_choice":"Read","damage_taken":0,"max_hp_gain":0,"max_hp_loss":0,"event_name":"The Library","floor":20,"gold_loss":0,"cards_obtained":["Shrug It Off"]}],"is_beta":false,"boss_relics":[{"not_picked":["Coffee Dripper","Philosopher\u0027s Stone","Mark of Pain"]}],"items_purged_floors":[12],"is_endless":false,"potions_floor_spawned":[4,7,10,16],"killed_by":"Sentry and Sphere","ascension_level":15}