{"path_per_floor":["M","$","?","$","?","R","E","R","T","M","M","R","?","M","R","B",null,"M","$","M","M","?","E","R","E","T","R","?","$","M","M","R"],"character_chosen":"IRONCLAD","items_purchased":["Finesse","Shrug It Off","Metallicize","Spot Weakness","Flash of Steel","Mind Blast"],"gold_per_floor":[114,15,190,16,16,16,42,42,42,60,80,80,80,99,99,196,196,210,37,56,71,71,103,103,138,138,138,138,39,53,72,72,72],"floor_reached":33,"campfire_rested":0,"playtime":1806,"item_purchase_floors":[2,4,4,19,19,29],"current_hp_per_floor":[80,80,80,80,73,73,55,55,55,61,67,67,67,73,73,51,80,83,83,80,83,83,73,73,39,49,49,49,49,52,42,42,0],"items_purged":["Doubt"],"gold":72,"score":308,"play_id":"ec4edea7-305a-44c9-86cc-9877f2eb7bc2","local_time":"20180602084817","is_prod":false,"is_daily":false,"chose_seed":false,"is_ascension_mode":false,"campfire_upgraded":7,"win_rate":0,"timestamp":1527954497,"campfire_choices":[{"data":"Bash","floor":6,"key":"SMITH"},{"data":"Twin Strike","floor":8,"key":"SMITH"},{"data":"Metallicize","floor":12,"key":"SMITH"},{"data":"Inflame","floor":15,"key":"SMITH"},{"data":"Heavy Blade","floor":24,"key":"SMITH"},{"data":"Flash of Steel","floor":27,"key":"SMITH"},{"data":"Mind Blast","floor":32,"key":"SMITH"}],"path_taken":["M","$","?","$","?","R","E","R","T","M","?","R","?","?","R","BOSS","M","$","M","?","?","E","R","E","T","R","?","$","M","M","R","BOSS"],"build_version":"2018-05-31","seed_source_timestamp":172291326010765,"purchased_purges":1,"victory":false,"master_deck":["Strike_R","Strike_R","Strike_R","Strike_R","Defend_R","Defend_R","Defend_R","Bash+1","Twin Strike+1","Dropkick","Finesse","Shrug It Off","Metallicize+1","Iron Wave","Inflame+1","Heavy Blade+1","Cleave","Clothesline","Feed","Anger+1","Spot Weakness","Flash of Steel+1","Warcry+1","Shrug It Off","Feed","Battle Trance+1","Clumsy","Mind Blast+1","Whirlwind+1","Thunderclap"],"max_hp_per_floor":[80,80,80,80,80,80,80,80,80,80,80,80,80,80,80,80,80,83,83,83,86,86,89,89,89,99,99,99,99,102,102,102,102],"relics":["Burning Blood","Oddly Smooth Stone","Gambling Chip","Cursed Key","Toolbox","Question Card","Pear"],"card_choices":[{"not_picked":["Blood for Blood","Clash"],"picked":"Twin Strike","floor":0},{"not_picked":["Body Slam","Thunderclap"],"picked":"Dropkick","floor":1},{"not_picked":["Shrug It Off","Evolve"],"picked":"Iron Wave","floor":7},{"not_picked":["Cleave","Havoc"],"picked":"Inflame","floor":10},{"not_picked":["Dark Embrace","Warcry"],"picked":"Heavy Blade","floor":11},{"not_picked":["Searing Blow","Havoc"],"picked":"Clothesline","floor":14},{"not_picked":["Demon Form","Double Tap"],"picked":"Feed","floor":16},{"not_picked":["Clothesline","Armaments+1"],"picked":"Anger+1","floor":18},{"not_picked":["Anger","Infernal Blade"],"picked":"Warcry+1","floor":20},{"not_picked":["Warcry","True Grit"],"picked":"Shrug It Off","floor":21},{"not_picked":["Twin Strike","Clash"],"picked":"Battle Trance+1","floor":23},{"not_picked":["Wild Strike","Anger","Berserk"],"picked":"SKIP","floor":25},{"not_picked":["Heavy Blade","Inflame","Rupture"],"picked":"Whirlwind+1","floor":30},{"not_picked":["Cleave","Uppercut","Perfected Strike"],"picked":"Thunderclap","floor":31}],"player_experience":445570,"potions_floor_usage":[16,20,21,23,31],"damage_taken":[{"damage":1,"enemies":"Jaw Worm","floor":1,"turns":4},{"damage":24,"enemies":"Lagavulin","floor":7,"turns":9},{"damage":0,"enemies":"Small Slimes","floor":10,"turns":4},{"damage":0,"enemies":"2 Louse","floor":11,"turns":3},{"damage":0,"enemies":"2 Fungi Beasts","floor":14,"turns":3},{"damage":28,"enemies":"Hexaghost","floor":16,"turns":8},{"damage":6,"enemies":"Spheric Guardian","floor":18,"turns":3},{"damage":9,"enemies":"Chosen","floor":20,"turns":4},{"damage":6,"enemies":"3 Cultists","floor":21,"turns":4},{"damage":19,"enemies":"Book of Stabbing","floor":23,"turns":5},{"damage":40,"enemies":"Gremlin Leader","floor":25,"turns":10},{"damage":6,"enemies":"Sentry and Sphere","floor":30,"turns":3},{"damage":16,"enemies":"Snake Plant","floor":31,"turns":5},{"damage":43,"enemies":"Champ","floor":33,"turns":8}],"relics_obtained":[{"floor":7,"key":"Oddly Smooth Stone"},{"floor":9,"key":"Gambling Chip"},{"floor":23,"key":"Toolbox"},{"floor":25,"key":"Question Card"},{"floor":26,"key":"Pear"}],"event_choices":[{"event_name":"Liars Game","player_choice":"agreed","floor":3,"damage_taken":0},{"event_name":"Golden Wing","player_choice":"Card Removal","floor":5,"damage_taken":0},{"event_name":"Living Wall","player_choice":"Change","floor":13,"damage_taken":0},{"event_name":"The Library","player_choice":"Read","floor":22,"damage_taken":0},{"event_name":"Ghosts","player_choice":"Ignored","floor":28,"damage_taken":0}],"boss_relics":[{"not_picked":["Astrolabe","Runic Pyramid"],"picked":"Cursed Key"}],"items_purged_floors":[4],"potions_floor_spawned":[7,10,16,18,20],"seed_played":"-1690295924246452070","killed_by":"Champ","ascension_level":0,"potions_obtained":[{"floor":7,"key":"Weak Potion"},{"floor":10,"key":"FearPotion"},{"floor":16,"key":"GamblersBrew"},{"floor":18,"key":"AttackPotion"},{"floor":20,"key":"LiquidBronze"}],"is_trial":false}