{"path_per_floor":["M","?","$","M","?","E","M","R","T","?","M","M","R","M","R","B",null,"M","?","$","?","M","R","E","?","T","M","M","$","M","M","R","B",null,"M","?","?","?","M","E","R","M","T","?","M","M","E","T","R"],"character_chosen":"THE_SILENT","items_purchased":["Noxious Fumes","Deflect","Footwork","Riddle With Holes","Flash of Steel","Endless Agony"],"gold_per_floor":[110,110,25,37,37,67,82,82,82,82,102,115,115,136,136,267,267,290,290,32,32,53,53,88,88,88,101,119,0,16,36,36,155,155,180,180,180,240,254,297,297,317,317,650,662,678,713,713,713],"floor_reached":50,"campfire_rested":2,"playtime":10570,"current_hp_per_floor":[69,69,69,68,68,64,59,59,59,59,59,57,57,56,56,56,70,65,49,49,49,56,56,16,16,16,28,35,35,46,33,33,62,70,69,60,60,34,39,25,46,54,54,54,35,40,23,23,59],"items_purged":["Regret","Writhe"],"gold":713,"score":549,"play_id":"711f6786-8e02-489d-8dbf-f003722bd180","is_prod":false,"is_daily":false,"is_ascension_mode":false,"campfire_upgraded":5,"path_taken":["M","?","$","?","?","E","M","R","T","?","?","M","R","M","R","BOSS","M","?","$","?","M","R","E","?","T","M","M","?","?","M","R","BOSS","M","?","?","?","M","E","R","?","T","?","M","?","E","?","R","BOSS"],"build_version":"2018-02-15-PROD1","purchased_purges":2,"victory":false,"master_deck":["Defend_G+1","Defend_G+1","Defend_G+1","Defend_G+1","Strike_G+1","Strike_G+1","Strike_G+1","Strike_G+1","Strike_G+1","Neutralize+1","Deflect","Flying Knee","Noxious Fumes","Deflect","Infinite Blades+1","A Thousand Cuts+1","Endless Agony","Injury","Dash","Flying Knee","Glass Knife+1","Tools of the Trade+1","Clumsy","Deadly Poison+1","Footwork+1","Riddle With Holes","Flash of Steel","Necronomicurse","Deadly Poison","Well Laid Plans+1","Deflect","Adrenaline","Endless Agony","Prepared+1","Choke+1","Tools of the Trade+1","Terror+1","Madness","Madness","Dagger Spray","Sucker Punch+1","Distraction+1","Well Laid Plans+1","Finisher+1","PiercingWail+1","Adrenaline","Choke+1"],"max_hp_per_floor":[70,70,70,70,70,70,70,70,70,70,70,70,70,70,70,70,70,70,70,70,70,70,70,70,70,70,70,70,70,70,70,70,70,70,70,70,70,70,70,70,70,70,70,70,70,70,70,70,70],"relics":["Ring of the Snake","Smiling Mask","Torii","Calling Bell","War Paint","Frozen Egg 2","Bird Faced Urn","Necronomicon","Lantern","Pantograph","The Specimen","Thread and Needle","Snake Skull","Gremlin Horn","Regal Pillow","Anchor"],"card_choices":[{"not_picked":["Dodge and Roll","Acrobatics"],"picked":"Deflect"},{"not_picked":["Dagger Throw","Prepared"],"picked":"Flying Knee"},{"not_picked":["Malaise","Dodge and Roll"],"picked":"Infinite Blades"},{"not_picked":["Dagger Throw","Underhanded Strike"],"picked":"A Thousand Cuts"},{"not_picked":["Dodge and Roll","Slice"],"picked":"Endless Agony"},{"not_picked":["Prepared","Blur"],"picked":"Dash"},{"not_picked":["Masterful Stab","All Out Attack"],"picked":"Flying Knee"},{"not_picked":["Dagger Throw","Well Laid Plans"],"picked":"Glass Knife"},{"not_picked":["Wraith Form","Phantasmal Killer"],"picked":"Tools of the Trade"},{"not_picked":["Outmaneuver","Crippling Poison"],"picked":"Deadly Poison"},{"not_picked":["Outmaneuver","Dodge and Roll"],"picked":"Deadly Poison"},{"not_picked":["Sucker Punch","Blur"],"picked":"Well Laid Plans"},{"not_picked":["Noxious Fumes","Underhanded Strike"],"picked":"Deflect"},{"not_picked":["Flechettes","Dagger Throw"],"picked":"Adrenaline"},{"not_picked":["Acrobatics","Expertise"],"picked":"Prepared"},{"not_picked":["Sucker Punch","Deadly Poison"],"picked":"Choke"},{"not_picked":["Burst","Corpse Explosion"],"picked":"Tools of the Trade"},{"not_picked":["Acrobatics","Deadly Poison"],"picked":"Terror"},{"not_picked":["Slice","Flying Knee"],"picked":"Sucker Punch"},{"not_picked":["Prepared","Choke"],"picked":"Distraction"},{"not_picked":["Deflect","Slice"],"picked":"Well Laid Plans"},{"not_picked":["Slice","Reflex"],"picked":"Finisher"},{"not_picked":["Acrobatics","Slice"],"picked":"PiercingWail"},{"not_picked":["Blade Dance","Acrobatics"],"picked":"Adrenaline"},{"not_picked":["Footwork","Flying Knee"],"picked":"Choke"}],"player_experience":102750,"potions_floor_usage":[16,16,16,18,22,24,38,39,42,47],"damage_taken":[{"damage":1,"enemies":"Cultist","floor":1,"turns":4},{"damage":1,"enemies":"Jaw Worm","floor":4,"turns":4},{"damage":4,"enemies":"Lagavulin","floor":6,"turns":8},{"damage":5,"enemies":"2 Louse","floor":7,"turns":3},{"damage":0,"enemies":"Looter","floor":11,"turns":4},{"damage":2,"enemies":"Lots of Slimes","floor":12,"turns":4},{"damage":1,"enemies":"Blue Slaver","floor":14,"turns":4},{"damage":15,"enemies":"Slime Boss","floor":16,"turns":6},{"damage":9,"enemies":"Shell Parasite","floor":18,"turns":5},{"damage":1,"enemies":"3 Byrds","floor":22,"turns":4},{"damage":50,"enemies":"Slavers","floor":24,"turns":5},{"damage":0,"enemies":"Cultist and Chosen","floor":27,"turns":5},{"damage":1,"enemies":"Snecko","floor":28,"turns":4},{"damage":1,"enemies":"3 Cultists","floor":30,"turns":5},{"damage":21,"enemies":"Slaver and Parasite","floor":31,"turns":5},{"damage":8,"enemies":"Champ","floor":33,"turns":9},{"damage":8,"enemies":"3 Darklings","floor":35,"turns":5},{"damage":32,"enemies":"Mysterious Sphere","floor":38,"turns":4},{"damage":0,"enemies":"Orb Walker","floor":39,"turns":2},{"damage":26,"enemies":"2 Orb Walkers","floor":40,"turns":5},{"damage":2,"enemies":"3 Darklings","floor":42,"turns":3},{"damage":27,"enemies":"Sphere and 2 Shapes","floor":45,"turns":4},{"damage":3,"enemies":"4 Shapes","floor":46,"turns":4},{"damage":33,"enemies":"Giant Head","floor":47,"turns":7},{"damage":72,"enemies":"Awakened One","floor":50,"turns":7}],"event_choices":[{"event_name":"Purifier","player_choice":"One Purge","floor":2,"damage_taken":0},{"event_name":"Living Wall","player_choice":"Grow","floor":5,"damage_taken":0},{"event_name":"Golden Idol","player_choice":"Take Wound","floor":10,"damage_taken":0},{"event_name":"Cursed Tome","player_choice":"Obtained Book","floor":19,"damage_taken":0},{"event_name":"Wheel of Change","player_choice":"Card Removal","floor":21,"damage_taken":0},{"event_name":"Back to Basics","player_choice":"Simplicity","floor":25,"damage_taken":0},{"event_name":"Winding Halls","player_choice":"Embrace Madness","floor":36,"damage_taken":0},{"event_name":"Transmorgrifier","player_choice":"Transform","floor":37,"damage_taken":0},{"event_name":"Mysterious Sphere","player_choice":"Fight","floor":38,"damage_taken":0},{"event_name":"The Moai Head","player_choice":"Gave Idol","floor":44,"damage_taken":0}],"boss_relics":[{"not_picked":["Eternal Feather","Velvet Choker"],"picked":"Calling Bell"},{"not_picked":["Runic Dome","Cursed Key"],"picked":"The Specimen"}],"potions_floor_spawned":[7,12,14,16,18,22,33,38,39,46],"seed_played":"6269205688184131043","killed_by":"Awakened One","ascension_level":0,"is_trial":false}