{"gold_per_floor":[109,128,138,125,56,73,85,116,116,41,59,59,75,75,75,75],"floor_reached":16,"playtime":878,"items_purged":["Strike_R"],"score":106,"play_id":"0b170a1c-ff36-4553-ab1a-355499c70b7b","local_time":"20181030121222","is_ascension_mode":false,"campfire_choices":[{"data":"Bash","floor":12,"key":"SMITH"},{"data":"Pummel","floor":15,"key":"SMITH"}],"neow_cost":"PERCENT_DAMAGE","seed_source_timestamp":504037999183291,"circlet_count":0,"master_deck":["Strike_R","Strike_R","Strike_R","Defend_R","Defend_R","Defend_R","Bash+1","Thunderclap","Pommel Strike+1","Shrug It Off","Clothesline","Pummel+1","Flex","Bludgeon"],"relics":["Burning Blood","Omamori","Ornamental Fan"],"potions_floor_usage":[4,16],"damage_taken":[{"damage":5,"enemies":"Cultist","floor":1,"turns":4},{"damage":15,"enemies":"Jaw Worm","floor":2,"turns":4},{"damage":2,"enemies":"2 Louse","floor":3,"turns":3},{"damage":14,"enemies":"Exordium Thugs","floor":4,"turns":4},{"damage":8,"enemies":"2 Fungi Beasts","floor":6,"turns":3},{"damage":5,"enemies":"3 Louse","floor":7,"turns":4},{"damage":31,"enemies":"Lagavulin","floor":8,"turns":6},{"damage":4,"enemies":"Lots of Slimes","floor":11,"turns":4},{"damage":8,"enemies":"Exordium Thugs","floor":13,"turns":4},{"damage":26,"enemies":"Hexaghost","floor":16,"turns":7}],"seed_played":"6934387409337825713","potions_obtained":[{"floor":2,"key":"BloodPotion"},{"floor":7,"key":"PowerPotion"},{"floor":8,"key":"SpeedPotion"},{"floor":11,"key":"EssenceOfSteel"}],"is_trial":false,"path_per_floor":["M","M","M","M","$","M","M","E","T","$","M","R","M","?","R"],"character_chosen":"IRONCLAD","items_purchased":["Pummel"],"campfire_rested":0,"item_purchase_floors":[5],"current_hp_per_floor":[57,48,52,52,52,50,51,26,26,26,28,28,26,26,26,0],"gold":75,"neow_bonus":"REMOVE_TWO","is_prod":false,"is_daily":false,"chose_seed":false,"campfire_upgraded":2,"win_rate":0,"timestamp":1540897942,"path_taken":["M","M","M","M","?","?","M","E","T","$","M","R","M","?","R","BOSS"],"build_version":"2018-10-29v2","purchased_purges":1,"victory":false,"max_hp_per_floor":[80,80,80,80,80,80,80,80,80,80,80,80,80,80,80,80],"card_choices":[{"not_picked":["Flex","Clothesline"],"picked":"Thunderclap","floor":1},{"not_picked":["Iron Wave","Headbutt"],"picked":"Pommel Strike","floor":2},{"not_picked":["Double Tap","Iron Wave"],"picked":"Shrug It Off","floor":3},{"not_picked":["Rage","Warcry"],"picked":"Clothesline","floor":4},{"not_picked":["Clash","Feel No Pain","Power Through"],"picked":"SKIP","floor":6},{"not_picked":["Searing Blow","Sentinel"],"picked":"Flex","floor":7},{"not_picked":["Searing Blow","Sever Soul"],"picked":"Bludgeon","floor":8},{"not_picked":["Disarm","Havoc","Whirlwind"],"picked":"SKIP","floor":11},{"not_picked":["Flex","Blood for Blood","Power Through"],"picked":"SKIP","floor":13}],"player_experience":627590,"relics_obtained":[{"floor":8,"key":"Omamori"},{"floor":9,"key":"Ornamental Fan"}],"event_choices":[{"damage_healed":0,"gold_gain":0,"player_choice":"Grow","damage_taken":0,"max_hp_gain":0,"max_hp_loss":0,"event_name":"Living Wall","floor":14,"gold_loss":0,"cards_upgraded":["Pommel Strike"]}],"is_beta":true,"boss_relics":[],"items_purged_floors":[10],"is_endless":false,"potions_floor_spawned":[2,7,8,11,13],"killed_by":"Hexaghost","ascension_level":0}