{"gold_per_floor":[109,128,128,46,66,93,18,44,44,58,24,36,36,64,64,137,137,152,66,66,76,176,176,203,203,203,203,216,247,172,188,188,188],"floor_reached":33,"playtime":1833,"items_purged":[],"score":530,"play_id":"fcf84899-4a76-48d0-8d4c-5481edc2e5ab","local_time":"20190407142449","is_ascension_mode":true,"campfire_choices":[{"data":"Immolate","floor":15,"key":"SMITH"},{"floor":23,"key":"REST"},{"floor":25,"key":"REST"},{"floor":27,"key":"RECALL"},{"floor":32,"key":"REST"}],"neow_cost":"NONE","seed_source_timestamp":1254354462928,"circlet_count":0,"master_deck":["AscendersBane","Strike_R","Strike_R","Strike_R","Defend_R","Defend_R","Defend_R","Defend_R","Bash+1","Shrug It Off","Bludgeon+1","Immolate+1","Hemokinesis","Anger","Metallicize","Shrug It Off","Reaper","Inflame","Dark Shackles","Corruption","True Grit+1"],"relics":["Burning Blood","Omamori","Mercury Hourglass","Anchor","Oddly Smooth Stone","Fusion Hammer","Pocketwatch","Self Forming Clay","Bag of Marbles","Paper Frog","Bird Faced Urn"],"potions_floor_usage":[8,29,33],"damage_taken":[{"damage":10,"enemies":"Small Slimes","floor":1,"turns":5},{"damage":3,"enemies":"Cultist","floor":2,"turns":4},{"damage":0,"enemies":"2 Louse","floor":5,"turns":1},{"damage":13,"enemies":"Gremlin Nob","floor":6,"turns":3},{"damage":33,"enemies":"Lagavulin","floor":8,"turns":7},{"damage":0,"enemies":"Looter","floor":10,"turns":4},{"damage":3,"enemies":"Blue Slaver","floor":12,"turns":2},{"damage":13,"enemies":"Gremlin Nob","floor":14,"turns":3},{"damage":39,"enemies":"Hexaghost","floor":16,"turns":8},{"damage":3,"enemies":"3 Byrds","floor":18,"turns":4},{"damage":24,"enemies":"Spheric Guardian","floor":21,"turns":4},{"damage":13,"enemies":"Colosseum Slavers","floor":22,"turns":4},{"damage":9,"enemies":"Colosseum Nobs","floor":22,"turns":5},{"damage":10,"enemies":"Book of Stabbing","floor":24,"turns":5},{"damage":0,"enemies":"Cultist and Chosen","floor":28,"turns":4},{"damage":13,"enemies":"Gremlin Leader","floor":29,"turns":3},{"damage":0,"enemies":"Centurion and Healer","floor":31,"turns":4},{"damage":90,"enemies":"Automaton","floor":33,"turns":10}],"seed_played":"3665139709551513871","potions_obtained":[{"floor":1,"key":"Dexterity Potion"},{"floor":5,"key":"AttackPotion"},{"floor":10,"key":"Dexterity Potion"},{"floor":28,"key":"Weak Potion"}],"is_trial":false,"path_per_floor":["M","M","?","$","M","E","?","E","T","M","$","M","?","E","R","B",null,"M","$","?","M","?","R","E","R","T","R","M","E","?","M","R","B"],"character_chosen":"IRONCLAD","items_purchased":["Immolate","Metallicize","Dark Shackles"],"campfire_rested":3,"item_purchase_floors":[4,11,19],"current_hp_per_floor":[71,74,74,74,80,73,73,46,46,52,52,55,55,48,48,15,65,68,68,68,52,52,76,72,82,82,82,82,75,75,82,82,0],"gold":188,"neow_bonus":"TEN_PERCENT_HP_BONUS","is_prod":false,"is_daily":false,"chose_seed":false,"campfire_upgraded":1,"win_rate":0,"timestamp":1554657889,"path_taken":["M","M","?","$","?","E","?","E","T","M","$","M","?","E","R","BOSS","M","$","?","M","?","R","E","R","T","R","M","E","?","M","R","BOSS"],"build_version":"2019-01-23","purchased_purges":0,"victory":false,"max_hp_per_floor":[82,82,82,82,82,82,82,82,82,82,82,82,82,82,82,82,82,82,82,82,82,82,82,82,82,82,82,82,82,82,82,82,82],"card_choices":[{"not_picked":["Metallicize","True Grit"],"picked":"Shrug It Off","floor":1},{"not_picked":["Wild Strike","Sword Boomerang"],"picked":"Bludgeon","floor":2},{"not_picked":["Rampage","Combust","Sever Soul"],"picked":"SKIP","floor":5},{"not_picked":["Pummel","Sword Boomerang"],"picked":"Hemokinesis","floor":6},{"not_picked":["Corruption","Pommel Strike"],"picked":"Anger","floor":8},{"not_picked":["Wild Strike","Cleave","Armaments"],"picked":"SKIP","floor":10},{"not_picked":["Bloodletting","Armaments","Iron Wave"],"picked":"SKIP","floor":12},{"not_picked":["Entrench","Thunderclap"],"picked":"Shrug It Off","floor":14},{"not_picked":["Feed","Barricade"],"picked":"Reaper","floor":16},{"not_picked":["Disarm","Shrug It Off"],"picked":"Inflame","floor":18},{"not_picked":["Burning Pact","Heavy Blade","Sword Boomerang"],"picked":"SKIP","floor":21},{"not_picked":["Body Slam","Headbutt"],"picked":"Corruption","floor":22},{"not_picked":["Thunderclap","Anger+1","Whirlwind"],"picked":"SKIP","floor":24},{"not_picked":["Armaments","Barricade"],"picked":"True Grit+1","floor":28},{"not_picked":["Combust+1","Anger","Intimidate"],"picked":"SKIP","floor":29},{"not_picked":["Thunderclap","Dual Wield","Cleave"],"picked":"SKIP","floor":31}],"player_experience":543076,"relics_obtained":[{"floor":6,"key":"Omamori"},{"floor":8,"key":"Mercury Hourglass"},{"floor":9,"key":"Anchor"},{"floor":14,"key":"Oddly Smooth Stone"},{"floor":22,"key":"Pocketwatch"},{"floor":22,"key":"Self Forming Clay"},{"floor":24,"key":"Bag of Marbles"},{"floor":26,"key":"Paper Frog"},{"floor":29,"key":"Bird Faced Urn"}],"event_choices":[{"damage_healed":0,"gold_gain":0,"player_choice":"Forge","damage_taken":0,"max_hp_gain":0,"max_hp_loss":0,"event_name":"Accursed Blacksmith","floor":3,"gold_loss":0,"cards_upgraded":["Bludgeon"]},{"cards_removed":["Strike_R"],"damage_healed":0,"gold_gain":0,"player_choice":"Card Removal","damage_taken":0,"max_hp_gain":0,"max_hp_loss":0,"event_name":"The Cleric","floor":7,"gold_loss":75},{"damage_healed":0,"gold_gain":0,"player_choice":"Grow","damage_taken":0,"max_hp_gain":0,"max_hp_loss":0,"event_name":"Living Wall","floor":13,"gold_loss":0,"cards_upgraded":["Bash"]},{"damage_healed":0,"gold_gain":0,"player_choice":"Ignored","damage_taken":0,"max_hp_gain":0,"max_hp_loss":0,"event_name":"Vampires","floor":20,"gold_loss":0},{"damage_healed":0,"gold_gain":0,"player_choice":"Fight","damage_taken":0,"max_hp_gain":0,"max_hp_loss":0,"event_name":"Colosseum","floor":22,"gold_loss":0},{"damage_healed":0,"gold_gain":0,"player_choice":"Fought Nobs","damage_taken":0,"max_hp_gain":0,"max_hp_loss":0,"event_name":"Colosseum","floor":22,"gold_loss":0},{"cards_removed":["Strike_R"],"damage_healed":0,"gold_gain":0,"player_choice":"Gave Gold","damage_taken":0,"max_hp_gain":0,"max_hp_loss":0,"event_name":"Beggar","floor":30,"gold_loss":75}],"is_beta":false,"boss_relics":[{"not_picked":["Lizard Tail","Orrery"],"picked":"Fusion Hammer"}],"items_purged_floors":[],"is_endless":false,"potions_floor_spawned":[1,5,10,14,18,22,28],"killed_by":"Automaton","ascension_level":15}