{"gold_per_floor":[109,109,120,120,12,41,61,61,109,109,144,94,94,108,108,210,210,222,232,252,252,57,57,70,95,95,123,123,40,59,78,78,178,178,194,194,97,1096,316,349,349,369,392,392,406,459,1,19,19,19],"floor_reached":51,"playtime":2658,"items_purged":["Normality","Normality"],"score":950,"play_id":"f7b6dc2d-8170-4692-a9a0-99a4296901d7","local_time":"20190404003236","is_ascension_mode":true,"campfire_choices":[{"data":"Noxious Fumes","floor":10,"key":"SMITH"},{"data":"Neutralize","floor":13,"key":"SMITH"},{"data":"Sucker Punch","floor":15,"key":"SMITH"},{"floor":23,"key":"REST"},{"floor":28,"key":"REST"},{"floor":32,"key":"REST"},{"floor":49,"key":"REST"}],"neow_cost":"NONE","seed_source_timestamp":30874747755905,"circlet_count":0,"master_deck":["Defend_G","Defend_G","Defend_G","Defend_G+1","Defend_G+1","Strike_G","Strike_G","Strike_G","Strike_G","Survivor","Neutralize+1","Sucker Punch+1","Dash","Noxious Fumes+1","Cloak And Dagger+1","Dodge and Roll+1","Doppelganger+1","Deadly Poison+1","Leg Sweep+1","Leg Sweep+1","Noxious Fumes+1","Deflect+1","Bouncing Flask+1","Leg Sweep+1","Dark Shackles+1","Deadly Poison+1","Malaise+1","Adrenaline+1","Bouncing Flask+1","Deep Breath+1","Good Instincts+1","PiercingWail+1","Backflip+1","Footwork","Crippling Poison+1","Master of Strategy+1","Malaise+1","Crippling Poison+1","Deadly Poison+1","Dodge and Roll+1","After Image","Dash+1"],"relics":["Ring of the Snake","NeowsBlessing","Juzu Bracelet","Toxic Egg 2","Anchor","Paper Crane","Fusion Hammer","DollysMirror","Bird Faced Urn","Shuriken","Gremlin Horn","Cursed Key","Bag of Preparation","Sling","Omamori","Snake Skull","Unceasing Top","Bronze Scales"],"potions_floor_usage":[11,25,50,50],"damage_taken":[{"damage":0,"enemies":"Jaw Worm","floor":1,"turns":1},{"damage":0,"enemies":"2 Louse","floor":3,"turns":1},{"damage":0,"enemies":"Gremlin Nob","floor":6,"turns":1},{"damage":0,"enemies":"Cultist","floor":7,"turns":3},{"damage":1,"enemies":"3 Sentries","floor":11,"turns":8},{"damage":0,"enemies":"Exordium Thugs","floor":14,"turns":6},{"damage":0,"enemies":"The Guardian","floor":16,"turns":12},{"damage":1,"enemies":"Chosen","floor":18,"turns":5},{"damage":3,"enemies":"2 Thieves","floor":19,"turns":4},{"damage":0,"enemies":"Snake Plant","floor":20,"turns":5},{"damage":0,"enemies":"Centurion and Healer","floor":24,"turns":6},{"damage":3,"enemies":"Gremlin Leader","floor":25,"turns":7},{"damage":10,"enemies":"Slavers","floor":27,"turns":6},{"damage":8,"enemies":"Chosen and Byrds","floor":30,"turns":6},{"damage":2,"enemies":"Cultist and Chosen","floor":31,"turns":7},{"damage":8,"enemies":"Automaton","floor":33,"turns":11},{"damage":10,"enemies":"3 Darklings","floor":35,"turns":6},{"damage":0,"enemies":"Giant Head","floor":40,"turns":9},{"damage":0,"enemies":"3 Shapes","floor":42,"turns":5},{"damage":7,"enemies":"Jaw Worm Horde","floor":45,"turns":3},{"damage":23,"enemies":"2 Orb Walkers","floor":46,"turns":6},{"damage":0,"enemies":"4 Shapes","floor":48,"turns":4},{"damage":1,"enemies":"Time Eater","floor":50,"turns":13}],"seed_played":"-4242602745004785606","potions_obtained":[{"floor":1,"key":"LiquidBronze"},{"floor":7,"key":"Regen Potion"},{"floor":11,"key":"Fruit Juice"},{"floor":19,"key":"Poison Potion"},{"floor":25,"key":"Poison Potion"}],"is_trial":false,"path_per_floor":["M","?","M","?","$","E","M","?","T","R","E","?","R","M","R","B",null,"M","M","M","?","$","R","M","E","T","E","R","$","M","M","R","B",null,"M","?","$","?","$","E","?","M","T","?","M","?","$","M","R","B",null],"character_chosen":"THE_SILENT","items_purchased":["Dash","Noxious Fumes","DollysMirror","Dark Shackles+1","PiercingWail+1","Backflip+1","Footwork","Crippling Poison+1","Bag of Preparation","Sling","Master of Strategy+1","Bronze Scales","After Image","PowerPotion"],"campfire_rested":4,"item_purchase_floors":[5,5,22,29,37,37,39,39,39,39,39,47,47,47],"current_hp_per_floor":[70,56,56,23,23,23,23,70,70,70,74,74,74,74,74,74,75,74,71,71,71,71,75,75,72,72,66,75,75,67,69,75,69,75,67,57,57,57,57,63,63,63,63,63,60,43,43,49,70,70],"gold":19,"neow_bonus":"THREE_ENEMY_KILL","is_prod":false,"is_daily":false,"chose_seed":false,"campfire_upgraded":3,"win_rate":0,"timestamp":1554348756,"path_taken":["M","?","M","?","$","E","M","?","T","R","E","?","R","M","R","BOSS","M","M","M","?","$","R","M","E","T","E","R","$","M","M","R","BOSS","M","?","$","?","$","E","?","M","T","?","M","?","$","M","R","BOSS"],"build_version":"2019-01-23","purchased_purges":2,"victory":true,"max_hp_per_floor":[70,70,70,70,70,70,70,70,70,70,75,75,75,75,75,75,75,75,75,75,75,75,75,75,75,75,75,75,75,75,75,75,75,75,75,75,75,75,75,75,71,71,71,71,71,71,71,71,71,71],"card_choices":[{"not_picked":["Calculated Gamble","Eviscerate","Underhanded Strike"],"picked":"SKIP","floor":1},{"not_picked":["Acrobatics","PiercingWail"],"picked":"Sucker Punch","floor":3},{"not_picked":["Distraction","Slice","Underhanded Strike"],"picked":"SKIP","floor":6},{"not_picked":["Finisher","Dagger Spray"],"picked":"Cloak And Dagger+1","floor":7},{"not_picked":["Terror+1","Sucker Punch"],"picked":"Dodge and Roll+1","floor":11},{"not_picked":["Masterful Stab","Underhanded Strike","Tactician+1"],"picked":"SKIP","floor":14},{"not_picked":["Wraith Form v2","Glass Knife"],"picked":"Doppelganger+1","floor":16},{"not_picked":["Accuracy+1","Eviscerate"],"picked":"Deadly Poison+1","floor":18},{"not_picked":["Acrobatics+1","Backflip+1"],"picked":"Leg Sweep+1","floor":19},{"not_picked":["Backflip+1","Slice"],"picked":"Leg Sweep+1","floor":20},{"not_picked":["Underhanded Strike","Sucker Punch"],"picked":"Deflect+1","floor":24},{"not_picked":["Storm of Steel+1","Sucker Punch"],"picked":"Bouncing Flask+1","floor":25},{"not_picked":["Bane+1","Dagger Throw+1"],"picked":"Leg Sweep+1","floor":27},{"not_picked":["Setup+1","Underhanded Strike"],"picked":"Deadly Poison+1","floor":30},{"not_picked":["Quick Slash+1","Dagger Spray"],"picked":"Malaise+1","floor":31},{"not_picked":["Tools of the Trade","Bullet Time+1"],"picked":"Adrenaline+1","floor":33},{"not_picked":["Bane+1","Slice"],"picked":"Bouncing Flask+1","floor":35},{"not_picked":["Impatience+1","Secret Weapon+1"],"picked":"Deep Breath+1","floor":36},{"not_picked":["Finesse+1","Secret Weapon+1"],"picked":"Good Instincts+1","floor":36},{"not_picked":["Poisoned Stab","Deadly Poison+1"],"picked":"Malaise+1","floor":40},{"not_picked":["Flying Knee","Backflip+1"],"picked":"Crippling Poison+1","floor":42},{"not_picked":["Finisher","Dash"],"picked":"Deadly Poison+1","floor":45},{"not_picked":["Deflect+1","Skewer"],"picked":"Dodge and Roll+1","floor":46},{"not_picked":["Masterful Stab","Bane+1"],"picked":"Dash+1","floor":48}],"player_experience":505934,"relics_obtained":[{"floor":6,"key":"Toxic Egg 2"},{"floor":9,"key":"Anchor"},{"floor":11,"key":"Paper Crane"},{"floor":25,"key":"Bird Faced Urn"},{"floor":26,"key":"Shuriken"},{"floor":27,"key":"Gremlin Horn"},{"floor":40,"key":"Omamori"},{"floor":43,"key":"Snake Skull"},{"floor":46,"key":"Unceasing Top"}],"event_choices":[{"damage_healed":0,"gold_gain":0,"player_choice":"Entered Light","damage_taken":14,"max_hp_gain":0,"max_hp_loss":0,"event_name":"Shining Light","floor":2,"gold_loss":0,"cards_upgraded":["Defend_G","Defend_G"]},{"damage_healed":0,"gold_gain":0,"player_choice":"Success","damage_taken":33,"relics_obtained":["Juzu Bracelet"],"max_hp_gain":0,"max_hp_loss":0,"event_name":"Scrap Ooze","floor":4,"gold_loss":0},{"damage_healed":47,"gold_gain":0,"player_choice":"Full Heal","damage_taken":0,"max_hp_gain":0,"max_hp_loss":0,"event_name":"Wheel of Change","floor":8,"gold_loss":0},{"cards_removed":["Strike_G"],"damage_healed":0,"gold_gain":0,"player_choice":"Card Removal","damage_taken":0,"max_hp_gain":0,"max_hp_loss":0,"event_name":"The Cleric","floor":12,"gold_loss":50},{"damage_healed":0,"gold_gain":0,"player_choice":"Ignored","damage_taken":0,"max_hp_gain":0,"max_hp_loss":0,"event_name":"Ghosts","floor":21,"gold_loss":0},{"damage_healed":0,"gold_gain":0,"player_choice":"Memory 3","damage_taken":10,"max_hp_gain":0,"max_hp_loss":0,"event_name":"SensoryStone","floor":36,"gold_loss":0},{"damage_healed":0,"gold_gain":999,"player_choice":"Gold","damage_taken":0,"max_hp_gain":0,"max_hp_loss":0,"event_name":"MindBloom","floor":38,"gold_loss":0,"cards_obtained":["Normality","Normality"]},{"damage_healed":0,"gold_gain":0,"player_choice":"Max HP","damage_taken":0,"max_hp_gain":0,"max_hp_loss":4,"event_name":"Winding Halls","floor":41,"gold_loss":0},{"damage_healed":0,"gold_gain":0,"player_choice":"Ignored","damage_taken":0,"max_hp_gain":0,"max_hp_loss":0,"event_name":"Tomb of Lord Red Mask","floor":44,"gold_loss":0},{"damage_healed":0,"gold_gain":0,"player_choice":"Fight","damage_taken":0,"max_hp_gain":0,"max_hp_loss":0,"event_name":"Mysterious Sphere","floor":46,"gold_loss":0}],"is_beta":false,"boss_relics":[{"not_picked":["Snecko Eye","Lizard Tail"],"picked":"Fusion Hammer"},{"not_picked":["Pandora\u0027s Box","Astrolabe"],"picked":"Cursed Key"}],"items_purged_floors":[39,47],"is_endless":false,"potions_floor_spawned":[1,7,11,19,20,24,25,35,45,46],"ascension_level":2}