{"path_per_floor":["M","?","?","?","M","E","?","R","T","$","$","M","?","M","R","B",null,"M","$","?","M","?","R","?","R","T","E","R","?","?","$","R","B",null,"M","?","M","$","$","E","?","?","T","R","M"],"character_chosen":"DEFECT","items_purchased":["Self Repair","Genetic Algorithm","Ball Lightning","Rip and Tear","Scrape","Lantern","Loop","Compile Driver","Conserve Battery","Steam","Sunder","Storm"],"gold_per_floor":[117,117,117,217,237,265,265,265,265,83,9,26,201,221,221,323,323,340,10,10,21,51,51,51,51,51,82,82,82,82,8,8,112,112,122,122,142,33,33,88,310,310,337,337,357,357],"floor_reached":46,"campfire_rested":4,"playtime":2290,"item_purchase_floors":[10,10,10,11,19,19,19,19,31,31,38,38],"current_hp_per_floor":[69,69,69,69,69,39,64,68,68,68,68,75,75,65,71,27,75,48,48,42,32,15,47,47,57,57,29,61,45,45,45,75,13,75,57,57,45,45,45,21,21,11,11,49,30,0],"items_purged":[],"gold":357,"score":633,"play_id":"13863986-0810-4d59-8e7f-2e45a06ccb22","local_time":"20180624230638","is_prod":false,"is_daily":false,"chose_seed":false,"is_ascension_mode":false,"campfire_upgraded":3,"win_rate":0,"timestamp":1529906798,"campfire_choices":[{"data":"Zap","floor":8,"key":"SMITH"},{"data":"Fusion","floor":15,"key":"SMITH"},{"floor":23,"key":"REST"},{"data":"Dualcast","floor":25,"key":"SMITH"},{"floor":28,"key":"REST"},{"floor":32,"key":"REST"},{"floor":44,"key":"REST"}],"path_taken":["M","?","?","?","?","E","?","R","T","?","$","M","?","M","R","BOSS","M","$","?","M","?","R","?","R","T","E","R","?","?","?","R","BOSS","M","?","M","?","$","E","?","?","T","R","M","E"],"build_version":"2018-06-21","seed_source_timestamp":827136161512729,"purchased_purges":0,"circlet_count":0,"victory":false,"master_deck":["Strike_B","Strike_B","Strike_B","Defend_B","Defend_B","Defend_B","Defend_B","Zap+1","Dualcast+1","Rebound","BootSequence","Self Repair","Genetic Algorithm","Ball Lightning","Rip and Tear","Fusion+1","Doubt","Hologram","Echo Form","Go for the Eyes+1","Scrape","Loop","Compile Driver","RitualDagger","Ball Lightning+1","Coolheaded","Decay","Static Discharge","Meteor Strike","Defragment","Conserve Battery","Steam","Machine Learning","Decay","Regret","Turbo+1","Conserve Battery","Sunder","Storm","Doom and Gloom","Panacea","Mind Blast","Panache","Regret","Leap+1"],"max_hp_per_floor":[75,75,75,75,75,75,75,75,75,75,75,75,75,75,75,75,75,75,75,75,75,75,75,75,75,75,75,75,75,75,75,75,75,75,75,75,75,75,75,75,75,75,75,75,75,75],"relics":["Eternal Feather","Juzu Bracelet","DataDisk","Cursed Key","Lantern","Red Mask","Dead Branch","Torii","Nilry\u0027s Codex","Calling Bell","Ancient Tea Set","Shuriken","Sundial","Tiny Chest","Art of War"],"card_choices":[{"not_picked":["Turbo","Stack","Redo"],"picked":"SKIP","floor":1},{"not_picked":["Stack","Reinforced Body"],"picked":"Rebound","floor":5},{"not_picked":["Beam Cell","Skim"],"picked":"BootSequence","floor":6},{"not_picked":["Sweeping Beam","Streamline"],"picked":"Fusion","floor":12},{"not_picked":["Storm","Darkness"],"picked":"Hologram","floor":14},{"not_picked":["All For One","Multi-Cast"],"picked":"Echo Form","floor":16},{"not_picked":["Fusion","Compile Driver"],"picked":"Go for the Eyes+1","floor":18},{"not_picked":["Go for the Eyes","Leap"],"picked":"Ball Lightning+1","floor":21},{"not_picked":["Redo","Ball Lightning"],"picked":"Coolheaded","floor":22},{"not_picked":["Amplify","Leap"],"picked":"Static Discharge","floor":27},{"not_picked":["Multi-Cast","Amplify"],"picked":"Machine Learning","floor":33},{"not_picked":["Barrage","Cold Snap"],"picked":"Turbo+1","floor":35},{"not_picked":["Hologram","Ball Lightning"],"picked":"Conserve Battery","floor":37},{"not_picked":["Blizzard+1","Beam Cell+1"],"picked":"Doom and Gloom","floor":40},{"not_picked":["Enlightenment","Madness"],"picked":"Panacea","floor":42},{"not_picked":["Transmutation","Sadistic Nature"],"picked":"Mind Blast","floor":42},{"not_picked":["Finesse","Thinking Ahead"],"picked":"Panache","floor":42},{"not_picked":["Beam Cell","Stack"],"picked":"Leap+1","floor":45}],"player_experience":193552,"potions_floor_usage":[5,6,6,22,22,33,45,46],"damage_taken":[{"damage":6,"enemies":"Jaw Worm","floor":1,"turns":6},{"damage":0,"enemies":"Cultist","floor":5,"turns":3},{"damage":30,"enemies":"Lagavulin","floor":6,"turns":6},{"damage":0,"enemies":"Small Slimes","floor":12,"turns":2},{"damage":17,"enemies":"Exordium Thugs","floor":14,"turns":4},{"damage":51,"enemies":"Slime Boss","floor":16,"turns":9},{"damage":34,"enemies":"Chosen","floor":18,"turns":5},{"damage":17,"enemies":"2 Thieves","floor":21,"turns":4},{"damage":24,"floor":22,"turns":4},{"damage":35,"enemies":"Gremlin Leader","floor":27,"turns":6},{"damage":69,"enemies":"Collector","floor":33,"turns":10},{"damage":25,"enemies":"Orb Walker","floor":35,"turns":4},{"damage":12,"enemies":"3 Shapes","floor":37,"turns":5},{"damage":54,"enemies":"2 Orb Walkers","floor":40,"turns":5},{"damage":26,"enemies":"3 Darklings","floor":45,"turns":8},{"damage":43,"enemies":"Giant Head","floor":46,"turns":8}],"relics_obtained":[{"floor":6,"key":"Juzu Bracelet"},{"floor":9,"key":"DataDisk"},{"floor":22,"key":"Red Mask"},{"floor":26,"key":"Dead Branch"},{"floor":27,"key":"Torii"},{"floor":29,"key":"Nilry\u0027s Codex"},{"floor":34,"key":"Ancient Tea Set"},{"floor":34,"key":"Shuriken"},{"floor":34,"key":"Sundial"},{"floor":40,"key":"Tiny Chest"},{"floor":43,"key":"Art of War"}],"event_choices":[{"event_name":"Purifier","player_choice":"One Purge","floor":2,"damage_taken":0},{"event_name":"The Lab","player_choice":"Got Potions","floor":3,"damage_taken":0},{"event_name":"Golden Shrine","player_choice":"Pray","floor":4,"damage_taken":0},{"event_name":"Big Fish","player_choice":"Banana","floor":7,"damage_taken":0},{"event_name":"Liars Game","player_choice":"agreed","floor":13,"damage_taken":0},{"event_name":"Nest","player_choice":"Joined the Cult","floor":20,"damage_taken":0},{"event_name":"Masked Bandits","player_choice":"Fought over 21 gold","floor":22,"damage_taken":0},{"event_name":"Beggar","player_choice":"Ignored","floor":24,"damage_taken":0},{"event_name":"Cursed Tome","player_choice":"Obtained Book","floor":29,"damage_taken":0},{"event_name":"Match and Keep!","player_choice":"2 cards matched","floor":30,"damage_taken":0},{"event_name":"Purifier","player_choice":"One Purge","floor":36,"damage_taken":0},{"event_name":"Tomb of Lord Red Mask","player_choice":"Wore Mask","floor":41,"damage_taken":0},{"event_name":"SensoryStone","player_choice":"Memory 3","floor":42,"damage_taken":0}],"boss_relics":[{"not_picked":["Astrolabe","Pandora\u0027s Box"],"picked":"Cursed Key"},{"not_picked":["Orrery","Coffee Dripper"],"picked":"Calling Bell"}],"items_purged_floors":[],"is_endless":true,"potions_floor_spawned":[6,18,21,27,40,45],"seed_played":"6608566295344453706","killed_by":"Giant Head","ascension_level":0,"potions_obtained":[{"floor":3,"key":"AttackPotion"},{"floor":3,"key":"EssenceOfSteel"},{"floor":3,"key":"SteroidPotion"},{"floor":6,"key":"FairyPotion"},{"floor":18,"key":"Dexterity Potion"},{"floor":21,"key":"SteroidPotion"},{"floor":27,"key":"Swift Potion"},{"floor":40,"key":"SpeedPotion"},{"floor":45,"key":"PowerPotion"}],"is_trial":false}