{"gold_per_floor":[119,194,207,223,223,251,251,251,275,288,212,212,15,46,46,46],"floor_reached":16,"playtime":605,"items_purged":["Strike_B"],"score":178,"play_id":"4f64abae-16ba-4280-bb88-1af125a60378","local_time":"20190422143150","is_ascension_mode":true,"campfire_choices":[{"floor":12,"key":"REST"},{"floor":15,"key":"REST"}],"neow_cost":"NONE","seed_source_timestamp":9803009436996,"circlet_count":0,"master_deck":["AscendersBane","Strike_B","Strike_B+1","Strike_B","Defend_B","Defend_B","Defend_B","Defend_B","Zap+1","Dualcast","Compile Driver+1","Leap","Capacitor","Coolheaded+1","Coolheaded","Hologram","Ball Lightning","Coolheaded"],"relics":["Cracked Core","Smiling Mask","Whetstone","PreservedInsect","Blood Vial"],"potions_floor_usage":[16,16],"damage_taken":[{"damage":1,"enemies":"Cultist","floor":1,"turns":3},{"damage":2,"enemies":"2 Louse","floor":3,"turns":3},{"damage":0,"enemies":"Small Slimes","floor":4,"turns":3},{"damage":46,"enemies":"3 Sentries","floor":6,"turns":9},{"damage":4,"enemies":"Looter","floor":10,"turns":4},{"damage":9,"enemies":"Lagavulin","floor":14,"turns":6},{"damage":41,"enemies":"Slime Boss","floor":16,"turns":9}],"seed_played":"-1436616756671968191","potions_obtained":[{"floor":1,"key":"GamblersBrew"},{"floor":4,"key":"AttackPotion"},{"floor":14,"key":"Dexterity Potion"}],"is_trial":false,"path_per_floor":["M","?","M","M","?","E","?","?","T","M","$","R","$","E","R","B"],"character_chosen":"DEFECT","items_purchased":["Hologram","Ball Lightning","PreservedInsect"],"campfire_rested":2,"item_purchase_floors":[11,13,13],"current_hp_per_floor":[67,56,54,54,54,8,8,8,8,4,4,26,26,17,39,0],"gold":46,"neow_bonus":"UPGRADE_CARD","is_prod":false,"is_daily":false,"chose_seed":false,"campfire_upgraded":0,"win_rate":0,"timestamp":1555954310,"path_taken":["M","?","M","M","?","E","?","?","T","M","?","R","$","E","R","BOSS"],"build_version":"2019-01-23","purchased_purges":1,"victory":false,"max_hp_per_floor":[75,75,75,75,75,75,75,75,75,75,75,75,75,75,75,75],"card_choices":[{"not_picked":["Go for the Eyes","Lockon"],"picked":"Compile Driver","floor":1},{"not_picked":["Go for the Eyes","Rebound"],"picked":"Leap","floor":3},{"not_picked":["Rebound","Stack"],"picked":"Capacitor","floor":4},{"not_picked":["Beam Cell","Hello World"],"picked":"Coolheaded","floor":6},{"not_picked":["Streamline","Reinforced Body"],"picked":"Coolheaded","floor":10},{"not_picked":["Steam","Rip and Tear"],"picked":"Coolheaded","floor":14}],"player_experience":718810,"relics_obtained":[{"floor":6,"key":"Smiling Mask"},{"floor":9,"key":"Whetstone"},{"floor":14,"key":"Blood Vial"}],"event_choices":[{"damage_healed":0,"gold_gain":75,"player_choice":"Gather Gold","damage_taken":11,"max_hp_gain":0,"max_hp_loss":0,"event_name":"World of Goop","floor":2,"gold_loss":0},{"damage_healed":0,"gold_gain":0,"player_choice":"Ignored","damage_taken":0,"max_hp_gain":0,"max_hp_loss":0,"event_name":"Liars Game","floor":5,"gold_loss":0},{"damage_healed":0,"gold_gain":0,"player_choice":"Searched \u00270\u0027 times","damage_taken":0,"max_hp_gain":0,"max_hp_loss":0,"event_name":"Dead Adventurer","floor":7,"gold_loss":0},{"damage_healed":0,"gold_gain":0,"player_choice":"Grow","damage_taken":0,"max_hp_gain":0,"max_hp_loss":0,"event_name":"Living Wall","floor":8,"gold_loss":0,"cards_upgraded":["Coolheaded"]}],"is_beta":false,"boss_relics":[],"items_purged_floors":[11],"is_endless":false,"potions_floor_spawned":[1,4,14],"killed_by":"Slime Boss","ascension_level":13}