{"path_per_floor":["M","M","?","?","?","R","E","M","T","M","$","M","R","E","R","B",null,"M","?","$","?","M","R","E","M","T","E","M","M","R","M","R","B",null,"M","?","?","M","$","R","E","R","T","R","M","$","T","M","R","B"],"character_chosen":"DEFECT","items_purchased":["Ball Lightning","Mummified Hand","Redo","Emotion Chip","Ball Lightning","Defragment","Cold Snap"],"gold_per_floor":[117,133,83,83,83,83,115,131,206,221,95,112,112,147,147,245,245,260,293,9,9,28,28,62,81,107,139,152,164,164,174,174,272,272,287,287,338,357,12,12,45,45,94,94,106,20,20,34,34,34],"floor_reached":51,"campfire_rested":0,"playtime":3643,"current_hp_per_floor":[69,69,69,54,54,58,54,50,50,41,41,41,45,39,45,19,75,75,38,38,63,57,63,48,46,46,41,41,40,48,46,54,38,75,71,61,82,74,74,86,61,73,73,85,89,89,89,89,89,59],"items_purged":["Defend_B"],"gold":34,"score":734,"play_id":"e1d5be87-20bf-4323-a728-6fe89e2b7bfd","local_time":"20180517230952","is_prod":false,"is_daily":false,"chose_seed":false,"is_ascension_mode":true,"campfire_upgraded":9,"timestamp":1526623792,"campfire_choices":[{"data":"Zap","floor":6,"key":"SMITH"},{"data":"Genetic Algorithm","floor":13,"key":"SMITH"},{"data":"Loop","floor":15,"key":"SMITH"},{"data":"Redo","floor":23,"key":"SMITH"},{"data":"Seek","floor":30,"key":"SMITH"},{"data":"Tempest","floor":32,"key":"SMITH"},{"data":"Apotheosis","floor":40,"key":"SMITH"},{"data":"Secret Weapon","floor":42,"key":"SMITH"},{"data":"Dualcast","floor":44,"key":"SMITH"},{"data":"1","floor":49,"key":"LIFT"}],"path_taken":["M","M","?","?","?","R","E","?","T","M","?","?","R","E","R","BOSS","M","?","$","?","M","R","E","M","T","E","M","M","R","?","R","BOSS","M","?","?","?","$","R","E","R","T","R","M","?","?","M","R","BOSS"],"build_version":"2018-05-17","seed_source_timestamp":1914575833226837,"purchased_purges":1,"victory":true,"master_deck":["Strike_B","Strike_B","Strike_B","Strike_B","Defend_B+1","Defend_B","Zap+1","Dualcast+1","Chill+1","White Noise+1","Loop+1","Gash","Genetic Algorithm+1","Ball Lightning","Ball Lightning","Reboot","Tempest+1","Redo+1","FTL+1","Loop+1","Seek+1","Barrage+1","Doom and Gloom+1","Glacier","Sweeping Beam+1","Secret Weapon+1","Bandage Up","Apotheosis+1","Beam Cell+1","Capacitor+1","Ball Lightning","Aggregate+1","Rebound+1","Defragment","Cold Snap"],"max_hp_per_floor":[75,75,75,75,75,75,75,75,75,75,75,75,75,75,75,75,75,75,75,75,75,75,75,75,75,75,75,75,75,75,75,75,75,75,75,75,89,89,89,89,89,89,89,89,89,89,89,89,89,89],"relics":["Eternal Feather","Regal Pillow","Matryoshka","Meat on the Bone","Inserter","Red Mask","Mummified Hand","Anchor","Orichalcum","Lantern","Dream Catcher","White Beast Statue","Mango","Emotion Chip","Ancient Tea Set","Bag of Marbles","Bronze Scales","Girya"],"card_choices":[{"not_picked":["Leap","Axe Kick"],"picked":"Chill","floor":1},{"not_picked":["Hologram","Go for the Eyes"],"picked":"White Noise","floor":2},{"not_picked":["Streamline","Undo"],"picked":"Loop","floor":7},{"not_picked":["Stack","FTL"],"picked":"Gash","floor":8},{"not_picked":["Fusion","Glacier"],"picked":"Genetic Algorithm","floor":10},{"not_picked":["Go for the Eyes","Sweeping Beam","Coolheaded"],"picked":"SKIP","floor":12},{"not_picked":["Nova","Reprogram"],"picked":"Ball Lightning","floor":14},{"not_picked":["Multi-Cast","Biased Cognition"],"picked":"Reboot","floor":16},{"not_picked":["Leap","Beam Cell"],"picked":"Tempest","floor":18},{"not_picked":["Reinforced Body","Undo"],"picked":"FTL+1","floor":22},{"not_picked":["Streamline","Hello World"],"picked":"Loop+1","floor":24},{"not_picked":["Cold Snap","Capacitor"],"picked":"Seek","floor":25},{"not_picked":["Glacier","Chaos","Steam"],"picked":"SKIP","floor":27},{"not_picked":["Rebound","Go for the Eyes"],"picked":"Barrage+1","floor":28},{"not_picked":["Barrage","Sweeping Beam+1"],"picked":"Doom and Gloom+1","floor":29},{"not_picked":["Axe Kick","Rip and Tear"],"picked":"Glacier","floor":31},{"not_picked":["Reprogram+1","Stack+1"],"picked":"Sweeping Beam+1","floor":35},{"not_picked":["Jack Of All Trades","Flash of Steel"],"picked":"Secret Weapon","floor":36},{"not_picked":["Panacea","Transmutation"],"picked":"Bandage Up","floor":36},{"not_picked":["Flash of Steel","Good Instincts"],"picked":"Apotheosis","floor":36},{"not_picked":["Go for the Eyes+1","Axe Kick+1"],"picked":"Beam Cell+1","floor":37},{"not_picked":["Genetic Algorithm+1","Reinforced Body"],"picked":"Capacitor+1","floor":38},{"not_picked":["Axe Kick+1","Steam+1"],"picked":"Aggregate+1","floor":41},{"not_picked":["Axe Kick","Capacitor+1"],"picked":"Rebound+1","floor":45},{"not_picked":["Steam+1","Hologram","Coolheaded"],"picked":"SKIP","floor":48}],"player_experience":74626,"potions_floor_usage":[14,14,16,27,28,31,33,38,38,50,50],"damage_taken":[{"damage":6,"enemies":"2 Louse","floor":1,"turns":4},{"damage":0,"enemies":"Small Slimes","floor":2,"turns":4},{"damage":4,"enemies":"3 Sentries","floor":7,"turns":8},{"damage":4,"enemies":"Jaw Worm","floor":8,"turns":3},{"damage":9,"enemies":"Blue Slaver","floor":10,"turns":3},{"damage":0,"enemies":"2 Fungi Beasts","floor":12,"turns":3},{"damage":6,"enemies":"Lagavulin","floor":14,"turns":5},{"damage":38,"enemies":"Slime Boss","floor":16,"turns":8},{"damage":0,"enemies":"Spheric Guardian","floor":18,"turns":5},{"damage":49,"enemies":"Masked Bandits","floor":19,"turns":6},{"damage":6,"enemies":"3 Byrds","floor":22,"turns":5},{"damage":27,"enemies":"Gremlin Leader","floor":24,"turns":5},{"damage":14,"enemies":"Snake Plant","floor":25,"turns":4},{"damage":17,"enemies":"Slavers","floor":27,"turns":6},{"damage":0,"enemies":"3 Cultists","floor":28,"turns":5},{"damage":1,"enemies":"Snecko","floor":29,"turns":5},{"damage":2,"enemies":"Slaver and Parasite","floor":31,"turns":5},{"damage":28,"enemies":"Collector","floor":33,"turns":8},{"damage":4,"enemies":"3 Shapes","floor":35,"turns":4},{"damage":0,"enemies":"Mysterious Sphere","floor":37,"turns":3},{"damage":12,"enemies":"Orb Walker","floor":38,"turns":3},{"damage":29,"enemies":"2 Orb Walkers","floor":41,"turns":4},{"damage":0,"enemies":"3 Darklings","floor":45,"turns":2},{"damage":0,"enemies":"Sphere and 2 Shapes","floor":48,"turns":2},{"damage":36,"enemies":"Donu and Deca","floor":50,"turns":6}],"relics_obtained":[{"floor":7,"key":"Regal Pillow"},{"floor":9,"key":"Matryoshka"},{"floor":14,"key":"Meat on the Bone"},{"floor":19,"key":"Red Mask"},{"floor":24,"key":"Anchor"},{"floor":26,"key":"Orichalcum"},{"floor":26,"key":"Lantern"},{"floor":27,"key":"Dream Catcher"},{"floor":37,"key":"Mango"},{"floor":41,"key":"Ancient Tea Set"},{"floor":43,"key":"Bag of Marbles"},{"floor":43,"key":"Bronze Scales"},{"floor":47,"key":"Girya"}],"event_choices":[{"event_name":"The Cleric","player_choice":"Card Removal","floor":3,"damage_taken":0},{"event_name":"Shining Light","player_choice":"Entered Light","floor":4,"damage_taken":0},{"event_name":"Living Wall","player_choice":"Grow","floor":5,"damage_taken":0},{"event_name":"Masked Bandits","player_choice":"Fought over 260 gold","floor":19,"damage_taken":0},{"event_name":"The Library","player_choice":"Heal","floor":21,"damage_taken":0},{"event_name":"SensoryStone","player_choice":"Memory 3","floor":36,"damage_taken":0},{"event_name":"Mysterious Sphere","player_choice":"Fight","floor":37,"damage_taken":0}],"boss_relics":[{"not_picked":["Black Star","Runic Dome"],"picked":"Inserter"},{"not_picked":["Orrery","Lizard Tail"],"picked":"White Beast Statue"}],"potions_floor_spawned":[1,7,8,12,19,22,25,29,31,35,37,38,41,45,48],"seed_played":"1149611110265579110","ascension_level":1,"potions_obtained":[{"floor":1,"key":"SteroidPotion"},{"floor":7,"key":"PowerPotion"},{"floor":8,"key":"Explosive Potion"},{"floor":12,"key":"FearPotion"},{"floor":19,"key":"Energy Potion"},{"floor":22,"key":"FearPotion"},{"floor":25,"key":"SpeedPotion"},{"floor":29,"key":"Block Potion"},{"floor":31,"key":"EssenceOfSteel"},{"floor":35,"key":"SneckoOil"},{"floor":37,"key":"FocusPotion"},{"floor":38,"key":"FocusPotion"},{"floor":41,"key":"SteroidPotion"},{"floor":45,"key":"Weak Potion"}],"is_trial":false}