{"path_per_floor":["M","?","?","$","M","E","R","E","T","M","?","M","R","?","R","B",null,"M","?","?","$","M","E","?","E","T","M","M","?","$","M","R","B",null,"M","M","$","M","M","R","?","M","T","?","E","M","M","E","R","B"],"character_chosen":"DEFECT","items_purchased":["Ball Lightning","Apotheosis","Hello World","Oddly Smooth Stone","Toolbox","Capacitor","Echo Form"],"gold_per_floor":[115,115,65,39,56,88,88,123,123,137,202,212,212,287,287,387,387,401,401,401,144,162,497,497,532,579,597,617,542,105,116,116,211,211,226,239,1,16,32,32,0,19,19,19,53,66,82,108,108,108],"floor_reached":51,"campfire_rested":0,"playtime":3626,"current_hp_per_floor":[82,66,66,66,66,64,64,69,69,79,73,82,82,71,71,54,82,82,82,74,74,81,55,55,37,37,39,49,49,49,50,50,29,96,92,96,96,90,91,91,91,92,92,82,85,90,80,91,91,96],"items_purged":["Normality"],"gold":108,"score":782,"play_id":"41192531-9b3c-455b-8ce7-0d7db7e47172","local_time":"20180505164640","is_prod":false,"is_daily":false,"chose_seed":false,"is_ascension_mode":false,"campfire_upgraded":5,"timestamp":1525564000,"path_taken":["M","?","?","$","M","E","R","E","T","M","?","?","R","?","R","BOSS","M","?","?","$","M","E","?","E","T","?","M","?","$","M","R","BOSS","M","M","$","M","M","R","?","M","T","?","E","?","M","E","R","BOSS"],"build_version":"2018-05-03","seed_source_timestamp":854771677464477,"purchased_purges":2,"victory":true,"master_deck":["Strike_B","Strike_B","Defend_B","Defend_B+1","Defend_B","Zap+1","Dualcast","Chill+1","Ball Lightning","Self Repair+1","Loop","Storm+1","Conserve Battery+1","Sweeping Beam","Chaos+1","Machine Learning","Darkness","Apotheosis","Hello World","Scrape+1","Leap","Defragment","Coolheaded","Tempest+1","Capacitor","Prime","Decay","Normality","Sweeping Beam+1","Defragment+1","Echo Form+1","Storm+1","Self Repair+1","Static Discharge+1","Secret Weapon","Bandage Up","Panache","Static Discharge+1","Cold Snap+1","Glacier+1"],"max_hp_per_floor":[82,82,82,82,82,82,82,82,82,82,82,82,82,82,82,82,82,82,82,82,82,82,82,82,82,82,82,82,82,82,82,82,82,96,96,96,96,96,96,96,96,96,96,96,96,96,96,96,96,96],"relics":["Cracked Core","Strawberry","Mummified Hand","Bottled Flame","Pen Nib","Ancient Tea Set","Snecko Eye","Girya","Old Coin","Bag of Preparation","Orichalcum","Oddly Smooth Stone","Toolbox","Calling Bell","Dream Catcher","Mercury Hourglass","Mango","Red Mask","War Paint","Molten Egg 2","Pantograph"],"card_choices":[{"not_picked":["Coolheaded","Force Field"],"picked":"Chill","floor":1},{"not_picked":["Reinforced Body","Gash"],"picked":"Self Repair","floor":5},{"not_picked":["Darkness","Turbo"],"picked":"Loop","floor":6},{"not_picked":["Rebound","Reinforced Body"],"picked":"Storm","floor":8},{"not_picked":["Turbo","Leap"],"picked":"Conserve Battery","floor":10},{"not_picked":["Aggregate","Blizzard"],"picked":"Sweeping Beam","floor":11},{"not_picked":["Impulse","Stack"],"picked":"Chaos","floor":12},{"not_picked":["Amplify","Fusion"],"picked":"Machine Learning","floor":16},{"not_picked":["Barrage","Reinforced Body"],"picked":"Darkness","floor":18},{"not_picked":["Double Energy","BootSequence"],"picked":"Scrape","floor":22},{"not_picked":["Gash","Blizzard"],"picked":"Leap","floor":23},{"not_picked":["Reinforced Body","Chill"],"picked":"Defragment","floor":25},{"not_picked":["Turbo","Go for the Eyes"],"picked":"Coolheaded","floor":27},{"not_picked":["Sweeping Beam","Turbo"],"picked":"Tempest","floor":28},{"not_picked":["Thunder Strike","Rainbow"],"picked":"Prime","floor":33},{"not_picked":["Impulse","Axe Kick"],"picked":"Sweeping Beam","floor":35},{"not_picked":["Cold Snap","Rebound"],"picked":"Defragment","floor":36},{"not_picked":["Tempest","Skim"],"picked":"Storm","floor":38},{"not_picked":["Skim","Go for the Eyes"],"picked":"Self Repair","floor":39},{"not_picked":["Go for the Eyes","Turbo"],"picked":"Static Discharge","floor":42},{"not_picked":["Apotheosis","Good Instincts"],"picked":"Secret Weapon","floor":44},{"not_picked":["Jack Of All Trades","Finesse"],"picked":"Bandage Up","floor":44},{"not_picked":["Dark Shackles","Trip"],"picked":"Panache","floor":44},{"not_picked":["Scrape","Skim"],"picked":"Static Discharge","floor":45},{"not_picked":["Impulse","Coolheaded"],"picked":"Cold Snap","floor":46},{"not_picked":["Blizzard","Rebound"],"picked":"Glacier","floor":48}],"player_experience":27372,"potions_floor_usage":[6,11,18,22,31,33,33,39,45,50,50,50],"damage_taken":[{"damage":0,"enemies":"Small Slimes","floor":1,"turns":3},{"damage":0,"enemies":"2 Louse","floor":5,"turns":2},{"damage":18,"enemies":"Gremlin Nob","floor":6,"turns":4},{"damage":5,"enemies":"3 Sentries","floor":8,"turns":7},{"damage":0,"enemies":"Cultist","floor":10,"turns":3},{"damage":16,"enemies":"3 Sentries","floor":11,"turns":5},{"damage":0,"enemies":"Looter","floor":12,"turns":3},{"damage":27,"enemies":"The Guardian","floor":16,"turns":8},{"damage":5,"enemies":"Chosen","floor":18,"turns":4},{"damage":3,"enemies":"Shell Parasite","floor":22,"turns":5},{"damage":36,"enemies":"Gremlin Leader","floor":23,"turns":8},{"damage":28,"enemies":"Slavers","floor":25,"turns":4},{"damage":8,"enemies":"3 Cultists","floor":27,"turns":4},{"damage":0,"enemies":"Cultist and Chosen","floor":28,"turns":4},{"damage":9,"enemies":"Snake Plant","floor":31,"turns":3},{"damage":31,"enemies":"Automaton","floor":33,"turns":7},{"damage":14,"enemies":"3 Darklings","floor":35,"turns":5},{"damage":0,"enemies":"Orb Walker","floor":36,"turns":2},{"damage":16,"enemies":"Maw","floor":38,"turns":6},{"damage":9,"enemies":"Flame Bruiser 2 Orb","floor":39,"turns":3},{"damage":9,"enemies":"4 Shapes","floor":42,"turns":2},{"damage":7,"enemies":"Giant Head","floor":45,"turns":5},{"damage":5,"enemies":"3 Darklings","floor":46,"turns":3},{"damage":24,"enemies":"Spire Growth","floor":47,"turns":3},{"damage":9,"enemies":"Nemesis","floor":48,"turns":3},{"damage":13,"enemies":"Donu and Deca","floor":50,"turns":6}],"event_choices":[{"event_name":"Shining Light","player_choice":"Entered Light","floor":2,"damage_taken":0},{"event_name":"The Cleric","player_choice":"Card Removal","floor":3,"damage_taken":0},{"event_name":"Dead Adventurer","player_choice":"Searched \u00273\u0027 times","floor":11,"damage_taken":0},{"event_name":"World of Goop","player_choice":"Gather Gold","floor":14,"damage_taken":0},{"event_name":"The Mausoleum","player_choice":"Yes","floor":19,"damage_taken":0},{"event_name":"Wheel of Change","player_choice":"Damage","floor":20,"damage_taken":0},{"event_name":"Back to Basics","player_choice":"Elegance","floor":24,"damage_taken":0},{"event_name":"Beggar","player_choice":"Gave Gold","floor":29,"damage_taken":0},{"event_name":"Tomb of Lord Red Mask","player_choice":"Paid","floor":41,"damage_taken":0},{"event_name":"SensoryStone","player_choice":"Memory 3","floor":44,"damage_taken":0}],"boss_relics":[{"not_picked":["Runic Dome","White Beast Statue"],"picked":"Snecko Eye"},{"not_picked":["Black Star","Tiny House"],"picked":"Calling Bell"}],"potions_floor_spawned":[1,8,11,16,23,27,28,33,35,42,45,46,48],"seed_played":"-7450588139337933612","ascension_level":0,"is_trial":false}