{"gold_per_floor":[118,132,132,152,169,195,195,205,255,49,80,95,95,110,110,185,185,200,212,212,0,19,19,19,54,78,78,95,95,129,148,148,224,224,234,234,159,170,170,170,183,203,203,218,218,158,208,224,224,224],"floor_reached":50,"playtime":1955,"items_purged":["Strike_R"],"score":893,"play_id":"37cb73e3-8d5b-4ef8-9eb6-979a92a572a9","local_time":"20181212135400","is_ascension_mode":true,"campfire_choices":[{"data":"True Grit","floor":7.0,"key":"SMITH"},{"data":"Pommel Strike","floor":13.0,"key":"SMITH"},{"data":"Bash","floor":15.0,"key":"SMITH"},{"data":"Offering","floor":23.0,"key":"SMITH"},{"data":"Shrug It Off","floor":27.0,"key":"SMITH"},{"floor":29.0,"key":"REST"},{"data":"Pummel","floor":32.0,"key":"SMITH"},{"data":"Shockwave","floor":40.0,"key":"SMITH"},{"data":"Power Through","floor":45.0,"key":"SMITH"},{"floor":49.0,"key":"REST"}],"neow_cost":"NONE","seed_source_timestamp":0,"circlet_count":0,"master_deck":["AscendersBane","Strike_R","Strike_R","Strike_R","Strike_R","Defend_R","Defend_R","Defend_R","Defend_R","Bash+1","Cleave","Twin Strike","True Grit+1","Thunderclap","Shrug It Off+1","Pommel Strike+1","Spot Weakness","Twin Strike","Offering+1","Battle Trance","Evolve+1","Battle Trance","Rage+1","Wild Strike+1","Pummel+1","Power Through+1","Shockwave+1","Parasite","Shrug It Off+1","Intimidate"],"special_seed":0,"relics":["Burning Blood","Anchor","Centennial Puzzle","MawBank","Brimstone","Bottled Lightning","Mark of Pain","Medical Kit","Blood Vial","Vajra","Juzu Bracelet","Sozu","Question Card","Nunchaku","Charon\u0027s Ashes"],"potions_floor_usage":[50,50],"damage_taken":[{"damage":7.0,"enemies":"Small Slimes","floor":1.0,"turns":6.0},{"damage":0.0,"enemies":"Jaw Worm","floor":2.0,"turns":3.0},{"damage":1.0,"enemies":"Cultist","floor":4.0,"turns":3.0},{"damage":7.0,"enemies":"3 Louse","floor":5.0,"turns":3.0},{"damage":32.0,"enemies":"Gremlin Nob","floor":6.0,"turns":4.0},{"damage":4.0,"enemies":"Large Slime","floor":8.0,"turns":5.0},{"damage":7.0,"enemies":"3 Sentries","floor":11.0,"turns":4.0},{"damage":3.0,"enemies":"Red Slaver","floor":12.0,"turns":3.0},{"damage":7.0,"enemies":"Gremlin Gang","floor":14.0,"turns":3.0},{"damage":24.0,"enemies":"The Guardian","floor":16.0,"turns":6.0},{"damage":5.0,"enemies":"3 Byrds","floor":18.0,"turns":3.0},{"damage":6.0,"enemies":"Shell Parasite","floor":19.0,"turns":2.0},{"damage":16.0,"enemies":"Snake Plant","floor":22.0,"turns":3.0},{"damage":23.0,"enemies":"Slavers","floor":25.0,"turns":3.0},{"damage":12.0,"enemies":"Centurion and Healer","floor":28.0,"turns":4.0},{"damage":7.0,"enemies":"Book of Stabbing","floor":30.0,"turns":3.0},{"damage":6.0,"enemies":"3 Cultists","floor":31.0,"turns":3.0},{"damage":27.0,"enemies":"Champ","floor":33.0,"turns":5.0},{"damage":6.0,"enemies":"3 Shapes","floor":35.0,"turns":5.0},{"damage":21.0,"enemies":"Orb Walker","floor":38.0,"turns":3.0},{"damage":5.0,"enemies":"Writhing Mass","floor":41.0,"turns":5.0},{"damage":14.0,"enemies":"4 Shapes","floor":42.0,"turns":5.0},{"damage":9.0,"enemies":"Maw","floor":44.0,"turns":5.0},{"damage":31.0,"enemies":"2 Orb Walkers","floor":47.0,"turns":4.0},{"damage":6.0,"enemies":"3 Darklings","floor":48.0,"turns":2.0},{"damage":71,"enemies":"Time Eater","floor":50,"turns":6}],"seed_played":"-7581572995875858471","potions_obtained":[{"floor":2.0,"key":"GamblersBrew"},{"floor":5.0,"key":"Explosive Potion"},{"floor":6.0,"key":"SneckoOil"},{"floor":8.0,"key":"Block Potion"},{"floor":12.0,"key":"AttackPotion"},{"floor":19.0,"key":"Explosive Potion"},{"floor":22.0,"key":"Block Potion"},{"floor":25.0,"key":"EssenceOfSteel"},{"floor":33.0,"key":"Swift Potion"}],"is_trial":false,"path_per_floor":["M","M","?","M","M","E","R","M","T","$","E","M","R","M","R","B",null,"M","M","?","$","M","R","$","E","T","R","M","R","E","M","R","B",null,"M","?","$","M","?","R","M","M","T","M","R","?","?","M","R","B"],"character_chosen":"IRONCLAD","items_purchased":["Brimstone","Medical Kit"],"campfire_rested":2,"item_purchase_floors":[10,21],"current_hp_per_floor":[67,73,78,80,79,53,53,55,55,55,54,57,57,56,56,38,70,71,71,71,71,61,61,61,44,44,44,40,64,65,67,67,48,72,74,74,74,61,61,61,64,58,58,57,57,57,34,36,60,0],"gold":224,"neow_bonus":"RANDOM_COMMON_RELIC","is_prod":false,"is_daily":false,"chose_seed":false,"campfire_upgraded":8,"win_rate":0,"timestamp":1544619240,"path_taken":["M","M","?","M","M","E","R","M","T","$","E","M","R","M","R","BOSS","M","M","?","$","M","R","$","E","T","R","?","R","E","M","R","BOSS","M","?","$","M","?","R","M","M","T","M","R","?","?","M","R","BOSS"],"build_version":"2018-12-06","purchased_purges":1,"victory":false,"max_hp_per_floor":[75,75,80,80,80,80,80,80,80,80,80,80,80,80,80,80,80,80,80,80,80,80,80,80,80,80,80,80,80,80,80,80,80,80,80,80,80,80,80,80,80,80,80,80,80,80,80,80,80,80],"card_choices":[{"not_picked":["Sword Boomerang","Body Slam"],"picked":"Cleave","floor":1.0},{"not_picked":["Flex","Heavy Blade"],"picked":"Twin Strike","floor":2.0},{"not_picked":["Headbutt","Heavy Blade"],"picked":"True Grit","floor":4.0},{"not_picked":["Anger","Reckless Charge"],"picked":"Thunderclap","floor":5.0},{"not_picked":["Intimidate","Carnage"],"picked":"Shrug It Off","floor":6.0},{"not_picked":["Flex","Infernal Blade"],"picked":"Pommel Strike","floor":8.0},{"not_picked":["Evolve","Reckless Charge"],"picked":"Spot Weakness","floor":11.0},{"not_picked":["Seeing Red","Hemokinesis"],"picked":"Twin Strike","floor":12.0},{"not_picked":["Reckless Charge","Fire Breathing","Sever Soul"],"picked":"SKIP","floor":14.0},{"not_picked":["Brutality","Exhume"],"picked":"Offering","floor":16.0},{"not_picked":["Havoc","Headbutt"],"picked":"Battle Trance","floor":18.0},{"not_picked":["Shrug It Off","Anger"],"picked":"Evolve+1","floor":19.0},{"not_picked":["Clash","Rage","Thunderclap"],"picked":"SKIP","floor":22.0},{"not_picked":["True Grit","Clash","Armaments"],"picked":"SKIP","floor":25.0},{"not_picked":["Iron Wave","Whirlwind"],"picked":"Rage+1","floor":28.0},{"not_picked":["Burning Pact+1","Berserk"],"picked":"Wild Strike+1","floor":30.0},{"not_picked":["Combust","Anger"],"picked":"Pummel","floor":31.0},{"not_picked":["Feel No Pain","Pommel Strike"],"picked":"Power Through","floor":35.0},{"not_picked":["Clothesline","Flex"],"picked":"Shockwave","floor":38.0},{"not_picked":["Pummel","Burning Pact","Rampage+1"],"picked":"SKIP","floor":41.0},{"not_picked":["Heavy Blade","Second Wind","Pommel Strike+1"],"picked":"SKIP","floor":42.0},{"not_picked":["Combust","Iron Wave","Wild Strike","Flex"],"picked":"SKIP","floor":44.0},{"not_picked":["Hemokinesis","Perfected Strike","Metallicize"],"picked":"Shrug It Off+1","floor":47.0},{"not_picked":["Perfected Strike","Evolve","Bludgeon"],"picked":"Intimidate","floor":48.0}],"player_experience":945509,"relics_obtained":[{"floor":6.0,"key":"Centennial Puzzle"},{"floor":9.0,"key":"MawBank"},{"floor":11.0,"key":"Bottled Lightning"},{"floor":25.0,"key":"Blood Vial"},{"floor":26.0,"key":"Vajra"},{"floor":30.0,"key":"Juzu Bracelet"},{"floor":43.0,"key":"Question Card"},{"floor":47.0,"key":"Charon\u0027s Ashes"}],"event_choices":[{"damage_healed":0.0,"max_hp_gain":5.0,"max_hp_loss":0.0,"gold_gain":0.0,"event_name":"Big Fish","player_choice":"Donut","floor":3.0,"gold_loss":0.0,"damage_taken":0.0},{"damage_healed":0.0,"max_hp_gain":0.0,"max_hp_loss":0.0,"gold_gain":0.0,"event_name":"Duplicator","player_choice":"Copied","floor":20.0,"gold_loss":0.0,"damage_taken":0.0,"cards_obtained":["Battle Trance"]},{"damage_healed":0.0,"max_hp_gain":0.0,"max_hp_loss":0.0,"gold_gain":0.0,"event_name":"SensoryStone","player_choice":"Memory 1","floor":36.0,"gold_loss":0.0,"damage_taken":0.0},{"damage_healed":0.0,"max_hp_gain":0.0,"max_hp_loss":0.0,"gold_gain":0.0,"event_name":"SecretPortal","player_choice":"Ignored","floor":39.0,"gold_loss":0.0,"damage_taken":0.0},{"damage_healed":0.0,"max_hp_gain":0.0,"max_hp_loss":0.0,"gold_gain":0.0,"event_name":"WeMeetAgain","player_choice":"Paid Gold","floor":46.0,"gold_loss":60.0,"damage_taken":0.0,"relics_obtained":["Nunchaku"]},{"damage_healed":0.0,"max_hp_gain":0.0,"max_hp_loss":0.0,"gold_gain":0.0,"event_name":"Mysterious Sphere","player_choice":"Fight","floor":47.0,"gold_loss":0.0,"damage_taken":0.0}],"is_beta":false,"boss_relics":[{"not_picked":["Tiny House","Runic Dome"],"picked":"Mark of Pain"},{"not_picked":["Fusion Hammer","Runic Cube"],"picked":"Sozu"}],"items_purged_floors":[37],"is_endless":false,"potions_floor_spawned":[2,5,6,8,12,14,19,22,25,33,35,41],"killed_by":"Time Eater","ascension_level":16}