{"gold_per_floor":[111,123,298,318,318,318,100,135,135,163,62,74,89,117,117,215,215,230,230,230],"floor_reached":20,"playtime":1251,"items_purged":["Doubt"],"score":326,"play_id":"8e4f4a7e-dec4-4827-b572-b94e86e85bb6","local_time":"20190417034706","is_ascension_mode":true,"campfire_choices":[{"data":"Neutralize","floor":6,"key":"SMITH"},{"data":"Noxious Fumes","floor":15,"key":"SMITH"}],"neow_cost":"NONE","seed_source_timestamp":43937132765302,"circlet_count":0,"master_deck":["AscendersBane","Survivor","Neutralize+1","Dagger Throw","Flying Knee","Dodge and Roll","Footwork","After Image","Flying Knee","Blur","Blur+1","Die Die Die","Noxious Fumes+1","Dash","Corpse Explosion+1","A Thousand Cuts","Crippling Poison+1","Setup+1","Wraith Form v2","Finisher","Noxious Fumes","Concentrate+1","Malaise+1","Dagger Spray","Crippling Poison+1"],"relics":["Ring of the Snake","The Courier","Pen Nib","Toxic Egg 2","PreservedInsect","Bird Faced Urn","Pandora\u0027s Box"],"potions_floor_usage":[10,12,13,13,16],"damage_taken":[{"damage":2,"enemies":"Jaw Worm","floor":1,"turns":6},{"damage":3,"enemies":"Small Slimes","floor":2,"turns":4},{"damage":3,"enemies":"2 Louse","floor":4,"turns":4},{"damage":22,"enemies":"3 Sentries","floor":8,"turns":14},{"damage":6,"enemies":"Gremlin Nob","floor":10,"turns":5},{"damage":0,"enemies":"Looter","floor":12,"turns":4},{"damage":6,"enemies":"Exordium Thugs","floor":13,"turns":8},{"damage":0,"enemies":"3 Sentries","floor":14,"turns":9},{"damage":6,"enemies":"Slime Boss","floor":16,"turns":13},{"damage":23,"enemies":"Spheric Guardian","floor":18,"turns":4},{"damage":0,"enemies":"Shell Parasite","floor":20,"turns":1}],"seed_played":"-884301832115113453","potions_obtained":[{"floor":0,"key":"EssenceOfSteel"},{"floor":0,"key":"GamblersBrew"},{"floor":0,"key":"GhostInAJar"},{"floor":10,"key":"SkillPotion"},{"floor":13,"key":"PowerPotion"},{"floor":14,"key":"Weak Potion"}],"is_trial":false,"path_per_floor":["M","M","?","M","?","R","$","E","T","E","$","M","M","E","R","B",null,"M","?","M"],"character_chosen":"THE_SILENT","items_purchased":["Footwork","After Image","Flying Knee","AttackPotion"],"campfire_rested":0,"item_purchase_floors":[7,7,7,11],"current_hp_per_floor":[61,58,58,55,48,48,48,26,26,20,20,20,14,14,14,16,57,38,38,38],"gold":230,"neow_bonus":"THREE_SMALL_POTIONS","is_prod":false,"is_daily":false,"chose_seed":false,"campfire_upgraded":2,"win_rate":0,"timestamp":1555483626,"path_taken":["M","M","?","M","?","R","$","E","T","E","$","M","?","E","R","BOSS","M","?","M"],"build_version":"2019-01-23","purchased_purges":1,"victory":false,"max_hp_per_floor":[70,70,70,70,70,70,70,70,70,70,70,70,70,70,70,70,70,70,70,70],"card_choices":[{"not_picked":["Acrobatics","Slice"],"picked":"Dagger Throw","floor":1},{"not_picked":["Deflect","Escape Plan"],"picked":"Flying Knee","floor":2},{"not_picked":["Underhanded Strike","Flechettes"],"picked":"Dodge and Roll","floor":4},{"not_picked":["Blade Dance","Eviscerate"],"picked":"Blur","floor":8},{"not_picked":["Infinite Blades","Flechettes"],"picked":"Blur+1","floor":10},{"not_picked":["Heel Hook","Acrobatics+1"],"picked":"Die Die Die","floor":12},{"not_picked":["Poisoned Stab","Dagger Spray"],"picked":"Noxious Fumes","floor":13},{"not_picked":["All Out Attack","Quick Slash"],"picked":"Dash","floor":14},{"not_picked":["Venomology+1","Grand Finale"],"picked":"Corpse Explosion+1","floor":16},{"not_picked":["Accuracy","Dagger Throw+1","Slice+1"],"picked":"SKIP","floor":18}],"player_experience":647693,"relics_obtained":[{"floor":8,"key":"Pen Nib"},{"floor":9,"key":"Toxic Egg 2"},{"floor":10,"key":"PreservedInsect"},{"floor":14,"key":"Bird Faced Urn"}],"event_choices":[{"damage_healed":0,"gold_gain":175,"player_choice":"AGREE","damage_taken":0,"max_hp_gain":0,"max_hp_loss":0,"event_name":"Liars Game","floor":3,"gold_loss":0,"cards_obtained":["Doubt"]},{"damage_healed":0,"gold_gain":0,"player_choice":"Success","damage_taken":7,"relics_obtained":["The Courier"],"max_hp_gain":0,"max_hp_loss":0,"event_name":"Scrap Ooze","floor":5,"gold_loss":0},{"damage_healed":0,"gold_gain":0,"player_choice":"Simplicity","damage_taken":0,"max_hp_gain":0,"max_hp_loss":0,"event_name":"Back to Basics","floor":19,"gold_loss":0,"cards_upgraded":[]}],"is_beta":false,"boss_relics":[{"not_picked":["White Beast Statue","Tiny House"],"picked":"Pandora\u0027s Box"}],"items_purged_floors":[11],"is_endless":false,"potions_floor_spawned":[4,10,13,14],"killed_by":"Shell Parasite","ascension_level":10}