{"gold_per_floor":[119,119,2,21,21,53,70,102,181,356,369,369,381,408,408,505,505,521,57,77,176,176,189,189,216,216,216,216,59,90,15,15,115,115,133,58,58,158,258,283,283,296,296,296,296,25,25],"floor_reached":47,"playtime":2551,"items_purged":["Fission"],"score":813,"play_id":"4d9c229d-fe54-4e5b-918a-58bd298d16b3","local_time":"20190309205921","is_ascension_mode":true,"campfire_choices":[{"floor":12.0,"key":"REST"},{"floor":15.0,"key":"REST"},{"floor":24.0,"key":"REST"},{"floor":28.0,"key":"REST"},{"floor":32.0,"key":"REST"},{"floor":45.0,"key":"REST"}],"neow_cost":"NONE","seed_source_timestamp":0,"circlet_count":0,"master_deck":["Zap","Dualcast","Streamline","Undo","Defragment","Streamline","Streamline","Double Energy","Conserve Battery","Scrape","Tempest","All For One","BootSequence","Magnetism","Defragment","Streamline","Chill","Buffer","Double Energy","Compile Driver","All For One","Aggregate","Echo Form","Thunder Strike","Rip and Tear","Stack","Static Discharge","Tempest+1","Recycle","Reboot","Loop","Metamorphosis+1","Scrape","Hologram+1"],"special_seed":0,"relics":["Snecko Eye","Gambling Chip","Juzu Bracelet","Odd Mushroom","Sozu","Toolbox","Centennial Puzzle","Sundial","Enchiridion","Blue Candle","Pandora\u0027s Box","StoneCalendar","Vajra","Toxic Egg 2","FaceOfCleric"],"potions_floor_usage":[],"damage_taken":[{"damage":0.0,"enemies":"Small Slimes","floor":1.0,"turns":5.0},{"damage":0.0,"enemies":"2 Louse","floor":4.0,"turns":2.0},{"damage":4.0,"enemies":"Gremlin Nob","floor":6.0,"turns":3.0},{"damage":0.0,"enemies":"Cultist","floor":7.0,"turns":3.0},{"damage":32.0,"enemies":"3 Sentries","floor":8.0,"turns":7.0},{"damage":0.0,"enemies":"3 Louse","floor":11.0,"turns":2.0},{"damage":0.0,"enemies":"Exordium Thugs","floor":13.0,"turns":3.0},{"damage":1.0,"enemies":"The Mushroom Lair","floor":14.0,"turns":4.0},{"damage":23.0,"enemies":"The Guardian","floor":16.0,"turns":8.0},{"damage":0.0,"enemies":"Chosen","floor":18.0,"turns":3.0},{"damage":14.0,"enemies":"2 Thieves","floor":20.0,"turns":4.0},{"damage":6.0,"enemies":"Cultist and Chosen","floor":23.0,"turns":6.0},{"damage":5.0,"enemies":"Slavers","floor":25.0,"turns":5.0},{"damage":14.0,"enemies":"Book of Stabbing","floor":30.0,"turns":3.0},{"damage":2.0,"enemies":"Champ","floor":33.0,"turns":10.0},{"damage":22.0,"enemies":"3 Shapes","floor":35.0,"turns":4.0},{"damage":37.0,"enemies":"Mind Bloom Boss Battle","floor":38.0,"turns":5.0},{"damage":0.0,"enemies":"Giant Head","floor":40.0,"turns":4.0},{"damage":11.0,"enemies":"3 Darklings","floor":42.0,"turns":3.0},{"damage":25,"enemies":"Writhing Mass","floor":47,"turns":1}],"seed_played":"-5909292812331126761","potions_obtained":[{"floor":1.0,"key":"Poison Potion"},{"floor":4.0,"key":"Fire Potion"},{"floor":6.0,"key":"Ancient Potion"},{"floor":8.0,"key":"Strength Potion"}],"is_trial":false,"path_per_floor":["M","?","$","M","?","E","M","E","T","?","M","R","M","?","R","B",null,"M","$","M","?","?","M","R","E","T","?","R","$","E","?","R","B",null,"M","$","?","?","?","E","?","M","T","?","R","$","M"],"character_chosen":"DEFECT","items_purchased":["Undo","Defragment","Magnetism","Defragment","Toolbox","Buffer","Double Energy","Metamorphosis+1","Scrape","Hologram+1"],"campfire_rested":6,"item_purchase_floors":[3,3,19,19,19,29,29,46,46,46],"current_hp_per_floor":[68,53,53,53,46,42,42,10,10,10,10,32,32,31,53,30,64,64,64,50,50,43,37,59,54,54,38,60,60,46,46,68,66,73,51,51,51,14,14,14,14,3,3,3,25,25,0],"gold":25,"neow_bonus":"BOSS_RELIC","is_prod":false,"is_daily":false,"chose_seed":false,"campfire_upgraded":0,"win_rate":0,"timestamp":1552190361,"path_taken":["M","?","$","M","?","E","M","E","T","?","M","R","M","?","R","BOSS","M","$","M","?","?","M","R","E","T","?","R","$","E","?","R","BOSS","M","$","?","?","?","E","?","M","T","?","R","$","M"],"build_version":"2019-02-06","purchased_purges":1,"victory":false,"max_hp_per_floor":[75,75,75,75,75,75,75,75,75,75,75,75,75,75,75,75,75,75,75,75,75,75,75,75,75,75,75,75,75,75,75,75,75,75,75,75,75,75,75,75,75,75,75,75,75,75,75],"card_choices":[{"not_picked":["White Noise","Hello World"],"picked":"Streamline","floor":1.0},{"not_picked":["Coolheaded","Storm"],"picked":"Streamline","floor":4.0},{"not_picked":["Barrage","Leap","Steam"],"picked":"SKIP","floor":6.0},{"not_picked":["Leap","Lockon"],"picked":"Streamline","floor":7.0},{"not_picked":["Compile Driver","Chaos"],"picked":"Double Energy","floor":8.0},{"not_picked":["Beam Cell","Go for the Eyes"],"picked":"Conserve Battery","floor":11.0},{"not_picked":["Rip and Tear","Loop"],"picked":"Scrape","floor":13.0},{"not_picked":["Stack","Auto Shields"],"picked":"Tempest","floor":14.0},{"not_picked":["Fission","Multi-Cast"],"picked":"All For One","floor":16.0},{"not_picked":["Redo","Ball Lightning+1"],"picked":"BootSequence","floor":18.0},{"not_picked":["Barrage+1","Steam"],"picked":"Streamline","floor":20.0},{"not_picked":["Cold Snap","Stack"],"picked":"Chill","floor":23.0},{"not_picked":["Steam+1","Barrage","Hello World"],"picked":"SKIP","floor":25.0},{"not_picked":["Ball Lightning+1","Sweeping Beam+1"],"picked":"Compile Driver","floor":30.0},{"not_picked":["Buffer","Core Surge"],"picked":"All For One","floor":33.0},{"not_picked":["Go for the Eyes","Compile Driver"],"picked":"Tempest+1","floor":35.0},{"not_picked":["Chill","Stack"],"picked":"Recycle","floor":38.0},{"not_picked":["Storm","Rebound"],"picked":"Reboot","floor":40.0},{"not_picked":["Beam Cell+1","Genetic Algorithm+1"],"picked":"Loop","floor":42.0}],"player_experience":598430,"relics_obtained":[{"floor":6.0,"key":"Gambling Chip"},{"floor":8.0,"key":"Juzu Bracelet"},{"floor":14.0,"key":"Odd Mushroom"},{"floor":25.0,"key":"Centennial Puzzle"},{"floor":26.0,"key":"Sundial"},{"floor":27.0,"key":"Enchiridion"},{"floor":30.0,"key":"Blue Candle"},{"floor":38.0,"key":"StoneCalendar"},{"floor":40.0,"key":"Vajra"},{"floor":43.0,"key":"Toxic Egg 2"}],"event_choices":[{"damage_healed":0.0,"max_hp_gain":0.0,"max_hp_loss":0.0,"gold_gain":0.0,"event_name":"Shining Light","player_choice":"Entered Light","floor":2.0,"gold_loss":0.0,"damage_taken":15.0,"cards_upgraded":["Defend_B","Defend_B"]},{"cards_removed":["Strike_B"],"damage_healed":0.0,"max_hp_gain":0.0,"max_hp_loss":0.0,"gold_gain":0.0,"event_name":"Golden Wing","player_choice":"Card Removal","floor":5.0,"gold_loss":0.0,"damage_taken":7.0},{"damage_healed":0.0,"max_hp_gain":0.0,"max_hp_loss":0.0,"gold_gain":175.0,"event_name":"Liars Game","player_choice":"AGREE","floor":10.0,"gold_loss":0.0,"damage_taken":0.0,"cards_obtained":["Doubt"]},{"damage_healed":0.0,"max_hp_gain":0.0,"max_hp_loss":0.0,"gold_gain":0.0,"event_name":"Mushrooms","player_choice":"Fought Mushrooms","floor":14.0,"gold_loss":0.0,"damage_taken":0.0},{"damage_healed":0.0,"max_hp_gain":0.0,"max_hp_loss":0.0,"gold_gain":99.0,"event_name":"Nest","player_choice":"Stole From Cult","floor":21.0,"gold_loss":0.0,"damage_taken":0.0},{"damage_healed":0.0,"max_hp_gain":0.0,"max_hp_loss":0.0,"gold_gain":0.0,"event_name":"Wheel of Change","player_choice":"Damaged","floor":22.0,"gold_loss":0.0,"damage_taken":7.0},{"damage_healed":0.0,"max_hp_gain":0.0,"max_hp_loss":0.0,"gold_gain":0.0,"event_name":"Cursed Tome","player_choice":"Obtained Book","floor":27.0,"gold_loss":0.0,"damage_taken":16.0},{"cards_removed":["Doubt"],"damage_healed":0.0,"max_hp_gain":0.0,"max_hp_loss":0.0,"gold_gain":0.0,"event_name":"Beggar","player_choice":"Gave Gold","floor":31.0,"gold_loss":75.0,"damage_taken":0.0},{"damage_healed":0.0,"max_hp_gain":0.0,"max_hp_loss":0.0,"gold_gain":0.0,"event_name":"Lab","player_choice":"Got Potions","floor":37.0,"gold_loss":0.0,"damage_taken":0.0},{"damage_healed":0.0,"max_hp_gain":0.0,"max_hp_loss":0.0,"gold_gain":0.0,"event_name":"MindBloom","player_choice":"Fight","floor":38.0,"gold_loss":0.0,"damage_taken":0.0},{"damage_healed":0.0,"max_hp_gain":0.0,"max_hp_loss":0.0,"gold_gain":100.0,"event_name":"Golden Shrine","player_choice":"Pray","floor":39.0,"gold_loss":0.0,"damage_taken":0.0},{"damage_healed":0.0,"max_hp_gain":0.0,"max_hp_loss":0.0,"gold_gain":0.0,"event_name":"Mysterious Sphere","player_choice":"Ignored","floor":41.0,"gold_loss":0.0,"damage_taken":0.0},{"damage_healed":0.0,"max_hp_gain":0.0,"max_hp_loss":0.0,"gold_gain":0.0,"event_name":"FaceTrader","player_choice":"Trade","floor":44.0,"gold_loss":0.0,"damage_taken":0.0,"relics_obtained":["FaceOfCleric"]}],"is_beta":true,"boss_relics":[{"not_picked":["Fusion Hammer","Cursed Key"],"picked":"Sozu"},{"not_picked":["Black Star","Coffee Dripper"],"picked":"Pandora\u0027s Box"}],"items_purged_floors":[36],"is_endless":false,"potions_floor_spawned":[1,4,6,8,18,20,38,42],"killed_by":"Writhing Mass","ascension_level":8}