{"path_per_floor":["M","?","M","M","?","E","M","E","T","R","?","R","E","M","R","B",null,"M","M","$","M","?","E","R","?","T","R","?","E","M","M","R"],"character_chosen":"IRONCLAD","items_purchased":["Rupture","Offering","Impervious"],"gold_per_floor":[111,61,78,94,94,129,148,181,205,205,205,205,235,245,245,340,340,360,348,10,23,23,51,51,51,76,76,76,106,125,136,136,136],"floor_reached":33,"campfire_rested":1,"playtime":1902,"item_purchase_floors":[20,20,20],"current_hp_per_floor":[88,88,88,88,81,59,63,62,62,62,67,67,57,63,63,18,114,110,111,111,107,107,79,79,54,54,54,54,47,33,20,57,0],"items_purged":[],"gold":136,"score":355,"play_id":"57c599db-e861-4db4-8286-da5cbf5907ed","local_time":"20180616182534","is_prod":false,"is_daily":false,"chose_seed":false,"is_ascension_mode":false,"campfire_upgraded":5,"win_rate":0,"timestamp":1529198734,"campfire_choices":[{"data":"Bash","floor":10,"key":"SMITH"},{"data":"Clothesline","floor":12,"key":"SMITH"},{"data":"Flex","floor":15,"key":"SMITH"},{"data":"Double Tap","floor":24,"key":"SMITH"},{"data":"Rupture","floor":27,"key":"SMITH"},{"floor":32,"key":"REST"}],"path_taken":["M","?","M","M","?","E","M","E","T","R","?","R","E","?","R","BOSS","M","M","$","M","?","E","R","?","T","R","?","E","M","M","R","BOSS"],"build_version":"2018-06-14v2","seed_source_timestamp":119460028473992,"purchased_purges":0,"victory":false,"master_deck":["Strike_R","Strike_R","Strike_R","Strike_R","Defend_R","Defend_R","Defend_R","Bash+1","Clothesline+1","Dropkick","Flex+1","Sentinel","Twin Strike","Dropkick","Offering","Double Tap+1","Rupture+1","Spot Weakness","Rupture","Offering","Impervious","Combust+1","Hemokinesis+1","Bloodletting","Cleave+1","Rage"],"max_hp_per_floor":[88,88,88,88,88,102,102,109,109,109,114,114,114,114,114,114,114,114,119,119,119,119,119,119,124,124,124,124,124,124,124,124,124],"relics":["Burning Blood","Mango","Strawberry","Oddly Smooth Stone","Anchor","Mark of Pain","Shuriken","Omamori","Bag of Marbles","Potion Belt"],"card_choices":[{"not_picked":["Power Through","Havoc"],"picked":"Clothesline","floor":1},{"not_picked":["Anger","Sword Boomerang"],"picked":"Dropkick","floor":3},{"not_picked":["Sword Boomerang","Thunderclap"],"picked":"Flex","floor":4},{"not_picked":["Burning Pact","Armaments"],"picked":"Sentinel","floor":6},{"not_picked":["Entrench","Perfected Strike"],"picked":"Twin Strike","floor":7},{"not_picked":["Burning Pact","Sword Boomerang"],"picked":"Dropkick","floor":8},{"not_picked":["Cleave","Entrench"],"picked":"Offering","floor":13},{"not_picked":["Clothesline","Havoc","Reckless Charge"],"picked":"SKIP","floor":14},{"not_picked":["Fiend Fire","Juggernaut"],"picked":"Double Tap","floor":16},{"not_picked":["Hemokinesis","Bloodletting"],"picked":"Rupture","floor":18},{"not_picked":["Pummel","Heavy Blade+1"],"picked":"Spot Weakness","floor":19},{"not_picked":["Shrug It Off","Searing Blow"],"picked":"Combust+1","floor":21},{"not_picked":["Body Slam","Inflame"],"picked":"Hemokinesis","floor":23},{"not_picked":["Twin Strike+1","Carnage"],"picked":"Bloodletting","floor":29},{"not_picked":["Flex","Clash"],"picked":"Cleave+1","floor":30},{"not_picked":["Power Through","Sentinel"],"picked":"Rage","floor":31}],"player_experience":164681,"potions_floor_usage":[7,8,13,14,19,29,30],"damage_taken":[{"damage":2,"enemies":"Small Slimes","floor":1,"turns":4},{"damage":6,"enemies":"Cultist","floor":3,"turns":4},{"damage":6,"enemies":"Jaw Worm","floor":4,"turns":2},{"damage":42,"enemies":"Lagavulin","floor":6,"turns":8},{"damage":2,"enemies":"Blue Slaver","floor":7,"turns":3},{"damage":14,"enemies":"Gremlin Nob","floor":8,"turns":3},{"damage":16,"enemies":"3 Sentries","floor":13,"turns":8},{"damage":0,"enemies":"Gremlin Gang","floor":14,"turns":3},{"damage":51,"enemies":"The Guardian","floor":16,"turns":8},{"damage":10,"enemies":"3 Byrds","floor":18,"turns":5},{"damage":10,"enemies":"2 Thieves","floor":19,"turns":4},{"damage":10,"enemies":"Snecko","floor":21,"turns":3},{"damage":34,"enemies":"Book of Stabbing","floor":23,"turns":5},{"damage":13,"enemies":"Slavers","floor":29,"turns":2},{"damage":20,"enemies":"3 Cultists","floor":30,"turns":4},{"damage":19,"enemies":"Chosen and Byrds","floor":31,"turns":4},{"damage":61,"enemies":"Champ","floor":33,"turns":7}],"relics_obtained":[{"floor":6,"key":"Mango"},{"floor":8,"key":"Strawberry"},{"floor":9,"key":"Oddly Smooth Stone"},{"floor":13,"key":"Anchor"},{"floor":23,"key":"Omamori"},{"floor":26,"key":"Bag of Marbles"},{"floor":29,"key":"Potion Belt"}],"event_choices":[{"event_name":"The Cleric","player_choice":"Card Removal","floor":2,"damage_taken":0},{"event_name":"Golden Wing","player_choice":"Card Removal","floor":5,"damage_taken":0},{"event_name":"Big Fish","player_choice":"Donut","floor":11,"damage_taken":0},{"event_name":"The Mausoleum","player_choice":"Yes","floor":22,"damage_taken":0},{"event_name":"Forgotten Altar","player_choice":"Shed Blood","floor":25,"damage_taken":0},{"event_name":"Accursed Blacksmith","player_choice":"Forge","floor":28,"damage_taken":0}],"boss_relics":[{"not_picked":["White Beast Statue","Empty Cage"],"picked":"Mark of Pain"}],"items_purged_floors":[],"is_endless":true,"potions_floor_spawned":[4,6,8,13,18,23,29],"seed_played":"-4325402346756558359","killed_by":"Champ","ascension_level":0,"potions_obtained":[{"floor":4,"key":"Explosive Potion"},{"floor":6,"key":"Block Potion"},{"floor":8,"key":"SkillPotion"},{"floor":13,"key":"AttackPotion"},{"floor":18,"key":"Fruit Juice"},{"floor":23,"key":"SkillPotion"},{"floor":29,"key":"Fire Potion"}],"is_trial":false}