{"gold_per_floor":[114,72,89,14,14,49,63,124,124,141,141,141,160,195,195,274,274,290,304,12,12,112,112,112,138,138,150,65,92,109,139,139,210,210,228,248,248,265,109,143,143,175,249,249,249,349,44,75,75,75],"floor_reached":51,"playtime":2339,"items_purged":["Strike_R","Anger","Strike_R"],"score":1513,"play_id":"0c8c8acd-534d-4800-af6f-4617b36d0a29","local_time":"20190412015622","is_ascension_mode":true,"campfire_choices":[{"floor":12,"key":"REST"},{"data":"Inflame","floor":15,"key":"SMITH"},{"floor":23,"key":"REST"},{"floor":32,"key":"REST"},{"data":"Inflame","floor":41,"key":"SMITH"},{"floor":45,"key":"REST"},{"data":"Sword Boomerang","floor":49,"key":"SMITH"}],"neow_cost":"NONE","seed_source_timestamp":36530049540449,"circlet_count":0,"master_deck":["AscendersBane","Strike_R","Strike_R","Defend_R","Defend_R+1","Defend_R","Defend_R","Metallicize","Inflame+1","Pommel Strike","Ghostly Armor","Flame Barrier+1","Shrug It Off","Sword Boomerang+1","Shrug It Off","Reaper","Immolate+1","Clothesline","Shrug It Off","Shockwave","Sword Boomerang+1","Writhe","Shrug It Off+1","Metallicize","Juggernaut","Metallicize+1","Spot Weakness+1","Sword Boomerang+1","Shrug It Off","Inflame+1","Spot Weakness+1","Offering","Whirlwind+1"],"relics":["Burning Blood","Bottled Tornado","Dream Catcher","Pen Nib","War Paint","Gremlin Horn","Juzu Bracelet","Sozu","Bag of Preparation","Du-Vu Doll","Kunai","Potion Belt","Whetstone","Question Card","Calipers","Ginger","Mercury Hourglass","Snecko Eye","Art of War","StoneCalendar","Mummified Hand","Strawberry","Shovel","Self Forming Clay"],"potions_floor_usage":[8,14,31],"damage_taken":[{"damage":13,"enemies":"Jaw Worm","floor":1,"turns":5},{"damage":2,"enemies":"Cultist","floor":3,"turns":4},{"damage":32,"enemies":"3 Sentries","floor":6,"turns":10},{"damage":9,"enemies":"Small Slimes","floor":7,"turns":3},{"damage":8,"enemies":"Gremlin Nob","floor":8,"turns":3},{"damage":0,"enemies":"Looter","floor":10,"turns":3},{"damage":3,"enemies":"Blue Slaver","floor":13,"turns":4},{"damage":27,"enemies":"Gremlin Nob","floor":14,"turns":5},{"damage":30,"enemies":"Hexaghost","floor":16,"turns":10},{"damage":0,"enemies":"Spheric Guardian","floor":18,"turns":3},{"damage":0,"enemies":"Chosen","floor":19,"turns":4},{"damage":11,"enemies":"Colosseum Slavers","floor":22,"turns":4},{"damage":47,"enemies":"Colosseum Nobs","floor":22,"turns":5},{"damage":0,"enemies":"Gremlin Leader","floor":25,"turns":3},{"damage":0,"enemies":"3 Cultists","floor":27,"turns":2},{"damage":25,"enemies":"Book of Stabbing","floor":29,"turns":4},{"damage":11,"enemies":"Snake Plant","floor":30,"turns":3},{"damage":26,"enemies":"Slavers","floor":31,"turns":4},{"damage":28,"enemies":"Collector","floor":33,"turns":8},{"damage":8,"enemies":"Orb Walker","floor":35,"turns":2},{"damage":10,"enemies":"3 Darklings","floor":36,"turns":2},{"damage":0,"enemies":"Maw","floor":38,"turns":6},{"damage":7,"enemies":"Giant Head","floor":40,"turns":8},{"damage":78,"enemies":"Nemesis","floor":42,"turns":9},{"damage":0,"enemies":"Mind Bloom Boss Battle","floor":46,"turns":3},{"damage":6,"enemies":"Giant Head","floor":48,"turns":4},{"damage":16,"enemies":"Time Eater","floor":50,"turns":6}],"seed_played":"-4549444188282710944","potions_obtained":[{"floor":1,"key":"AttackPotion"},{"floor":3,"key":"SneckoOil"},{"floor":8,"key":"Explosive Potion"},{"floor":10,"key":"Regen Potion"}],"is_trial":false,"path_per_floor":["M","$","M","?","T","E","M","?","T","M","?","R","M","E","R","B",null,"M","M","$","?","?","R","?","E","T","M","?","E","M","E","R","B",null,"M","M","?","M","$","E","R","E","T","T","R","?","$","E","R","B",null],"character_chosen":"IRONCLAD","items_purchased":["Inflame","Bag of Preparation","Shrug It Off","Shrug It Off","Offering"],"campfire_rested":4,"item_purchase_floors":[2,20,20,39,47],"current_hp_per_floor":[68,68,72,72,72,46,43,41,41,47,29,53,56,44,44,34,70,76,82,82,82,36,60,60,66,66,72,72,70,65,45,69,47,73,71,67,67,82,82,81,81,10,10,17,43,76,76,89,89,79],"gold":75,"neow_bonus":"TEN_PERCENT_HP_BONUS","is_prod":false,"is_daily":false,"chose_seed":false,"campfire_upgraded":3,"win_rate":0,"timestamp":1555044982,"path_taken":["M","$","M","?","?","E","?","?","T","M","?","R","M","E","R","BOSS","M","M","$","?","?","R","?","E","T","M","?","E","M","E","R","BOSS","M","M","?","M","$","E","R","E","T","?","R","?","?","E","R","BOSS"],"build_version":"2019-01-23","purchased_purges":3,"victory":true,"max_hp_per_floor":[82,82,82,82,82,82,82,82,82,82,82,82,82,82,82,82,82,82,82,82,82,82,82,82,82,82,82,82,82,82,82,82,82,82,82,82,82,82,82,82,82,82,82,89,89,89,89,89,89,89],"card_choices":[{"not_picked":["Warcry","Cleave"],"picked":"Metallicize","floor":1},{"not_picked":["True Grit","Headbutt"],"picked":"Anger","floor":3},{"not_picked":["Cleave","Anger"],"picked":"Pommel Strike","floor":6},{"not_picked":["Pummel","Disarm"],"picked":"Ghostly Armor","floor":7},{"not_picked":["Pommel Strike","Wild Strike"],"picked":"Flame Barrier","floor":8},{"not_picked":["Thunderclap","Pommel Strike"],"picked":"Shrug It Off","floor":10},{"not_picked":["Flex","Pommel Strike"],"picked":"Sword Boomerang","floor":12},{"not_picked":["Twin Strike","Warcry"],"picked":"Shrug It Off","floor":13},{"not_picked":["Spot Weakness","Rage"],"picked":"Reaper","floor":14},{"not_picked":["Brutality","Double Tap"],"picked":"Immolate","floor":16},{"not_picked":["Rampage","Warcry"],"picked":"Clothesline","floor":18},{"not_picked":["Entrench","Dropkick","Pommel Strike"],"picked":"SKIP","floor":19},{"not_picked":["Perfected Strike","Headbutt"],"picked":"Shockwave","floor":22},{"not_picked":["Warcry+1","Havoc"],"picked":"Sword Boomerang","floor":23},{"not_picked":["Feel No Pain","Sword Boomerang","Uppercut"],"picked":"SKIP","floor":25},{"not_picked":["Sever Soul","Anger","Shockwave","Pommel Strike"],"picked":"SKIP","floor":27},{"not_picked":["Iron Wave","Twin Strike","Combust","Thunderclap"],"picked":"SKIP","floor":29},{"not_picked":["Body Slam","Bludgeon","Intimidate"],"picked":"Shrug It Off+1","floor":30},{"not_picked":["Combust","Armaments","Infernal Blade","Perfected Strike"],"picked":"SKIP","floor":31},{"not_picked":["Rampage","Infernal Blade","Carnage"],"picked":"Metallicize","floor":32},{"not_picked":["Berserk","Exhume","Feed"],"picked":"Juggernaut","floor":33},{"not_picked":["Blood for Blood","Inflame","Twin Strike"],"picked":"Metallicize+1","floor":35},{"not_picked":["Shrug It Off","Combust","Thunderclap"],"picked":"Spot Weakness+1","floor":36},{"not_picked":["Body Slam","Carnage+1","Pommel Strike"],"picked":"Sword Boomerang+1","floor":38},{"not_picked":["Flex+1","Feed","Sword Boomerang"],"picked":"Inflame","floor":40},{"not_picked":["Warcry+1","Feel No Pain+1","Hemokinesis","Cleave"],"picked":"SKIP","floor":42},{"not_picked":["Whirlwind","Perfected Strike","Body Slam"],"picked":"Spot Weakness+1","floor":46},{"not_picked":["Brutality","Sword Boomerang","Twin Strike"],"picked":"Whirlwind+1","floor":48}],"player_experience":613910,"relics_obtained":[{"floor":5,"key":"Bottled Tornado"},{"floor":6,"key":"Dream Catcher"},{"floor":8,"key":"Pen Nib"},{"floor":9,"key":"War Paint"},{"floor":14,"key":"Juzu Bracelet"},{"floor":22,"key":"Du-Vu Doll"},{"floor":22,"key":"Kunai"},{"floor":25,"key":"Whetstone"},{"floor":26,"key":"Question Card"},{"floor":29,"key":"Ginger"},{"floor":31,"key":"Mercury Hourglass"},{"floor":40,"key":"Art of War"},{"floor":42,"key":"StoneCalendar"},{"floor":43,"key":"Mummified Hand"},{"floor":44,"key":"Strawberry"},{"floor":46,"key":"Shovel"},{"floor":48,"key":"Self Forming Clay"}],"event_choices":[{"cards_removed":["Strike_R"],"damage_healed":0,"gold_gain":0,"player_choice":"Card Removal","damage_taken":0,"max_hp_gain":0,"max_hp_loss":0,"event_name":"The Cleric","floor":4,"gold_loss":75},{"damage_healed":0,"gold_gain":30,"player_choice":"Searched \u00272\u0027 times","damage_taken":0,"max_hp_gain":0,"max_hp_loss":0,"event_name":"Dead Adventurer","floor":8,"gold_loss":0},{"damage_healed":0,"gold_gain":0,"player_choice":"Success","damage_taken":18,"relics_obtained":["Gremlin Horn"],"max_hp_gain":0,"max_hp_loss":0,"event_name":"Scrap Ooze","floor":11,"gold_loss":0},{"damage_healed":0,"gold_gain":0,"player_choice":"Ignored","damage_taken":0,"max_hp_gain":0,"max_hp_loss":0,"event_name":"Beggar","floor":21,"gold_loss":0},{"damage_healed":0,"gold_gain":0,"player_choice":"Fight","damage_taken":0,"max_hp_gain":0,"max_hp_loss":0,"event_name":"Colosseum","floor":22,"gold_loss":0},{"damage_healed":0,"gold_gain":0,"player_choice":"Fought Nobs","damage_taken":0,"max_hp_gain":0,"max_hp_loss":0,"event_name":"Colosseum","floor":22,"gold_loss":0},{"damage_healed":0,"gold_gain":0,"player_choice":"Opened","damage_taken":0,"relics_obtained":["Potion Belt"],"max_hp_gain":0,"max_hp_loss":0,"event_name":"The Mausoleum","floor":24,"gold_loss":0,"cards_obtained":["Writhe"]},{"damage_healed":0,"gold_gain":0,"player_choice":"Obtained Relic","damage_taken":0,"relics_obtained":["Calipers"],"max_hp_gain":0,"max_hp_loss":0,"event_name":"Addict","floor":28,"gold_loss":85},{"cards_removed":["Bash"],"damage_healed":0,"gold_gain":0,"player_choice":"Removed Attack","damage_taken":0,"max_hp_gain":0,"max_hp_loss":0,"event_name":"Falling","floor":37,"gold_loss":0},{"damage_healed":0,"gold_gain":0,"player_choice":"Fight","damage_taken":0,"max_hp_gain":0,"max_hp_loss":0,"event_name":"MindBloom","floor":46,"gold_loss":0}],"is_beta":false,"boss_relics":[{"not_picked":["Eternal Feather","Black Blood"],"picked":"Sozu"},{"not_picked":["Empty Cage","Mark of Pain"],"picked":"Snecko Eye"}],"items_purged_floors":[20,39,47],"is_endless":false,"potions_floor_spawned":[1,3,8,10,13,22,22,25,30,31,35,42,48],"ascension_level":16}