{"gold_per_floor":[116,116,116,62,62,88,88,88,113,113,128,45,64,10,10,10],"floor_reached":16,"playtime":505,"items_purged":[],"score":212,"play_id":"c83bcd14-bbbf-4d55-90c1-ebebf4b43c86","local_time":"20190426161447","is_ascension_mode":true,"campfire_choices":[{"data":"Survivor","floor":7,"key":"SMITH"},{"floor":10,"key":"REST"},{"data":"Caltrops","floor":15,"key":"SMITH"}],"neow_cost":"NONE","seed_source_timestamp":20571358816752,"circlet_count":0,"master_deck":["AscendersBane","Defend_G","Defend_G","Defend_G","Defend_G","Defend_G","Strike_G","Strike_G","Strike_G","Strike_G","Strike_G","Survivor+1","Neutralize+1","Skewer+1","PiercingWail","Dash","Footwork","Caltrops+1","Poisoned Stab"],"relics":["Ring of the Snake","Question Card","Oddly Smooth Stone"],"potions_floor_usage":[6,8,16,16],"damage_taken":[{"damage":0,"enemies":"2 Louse","floor":1,"turns":3},{"damage":35,"enemies":"Lagavulin","floor":6,"turns":7},{"damage":27,"enemies":"3 Sentries","floor":8,"turns":6},{"damage":0,"enemies":"Jaw Worm","floor":11,"turns":5},{"damage":0,"enemies":"Small Slimes","floor":13,"turns":4},{"damage":28,"enemies":"Hexaghost","floor":16,"turns":11}],"seed_played":"464288299911877470","potions_obtained":[{"floor":1,"key":"Dexterity Potion"},{"floor":6,"key":"SmokeBomb"},{"floor":11,"key":"Explosive Potion"}],"is_trial":false,"path_per_floor":["M","?","?","$","?","E","R","E","T","R","M","$","M","$","R","B"],"character_chosen":"THE_SILENT","items_purchased":["Explosive Potion","Footwork","Poisoned Stab"],"campfire_rested":1,"item_purchase_floors":[4,12,14],"current_hp_per_floor":[59,59,64,64,64,29,29,2,2,23,23,23,23,23,23,0],"gold":10,"neow_bonus":"UPGRADE_CARD","is_prod":false,"is_daily":false,"chose_seed":false,"campfire_upgraded":2,"win_rate":0,"timestamp":1556288087,"path_taken":["M","?","?","$","?","E","R","E","T","R","M","$","M","?","R","BOSS"],"build_version":"2019-01-23","purchased_purges":0,"victory":false,"max_hp_per_floor":[66,66,71,71,71,71,71,71,71,71,71,71,71,71,71,71],"card_choices":[{"not_picked":["Calculated Gamble","Dagger Throw"],"picked":"Skewer","floor":1},{"not_picked":["Infinite Blades","Reflex"],"picked":"PiercingWail","floor":6},{"not_picked":["Infinite Blades","Backflip","Cloak And Dagger"],"picked":"Dash","floor":11},{"not_picked":["Dagger Throw","Cloak And Dagger","Reflex"],"picked":"Caltrops","floor":13}],"player_experience":1455200,"relics_obtained":[{"floor":6,"key":"Question Card"},{"floor":9,"key":"Oddly Smooth Stone"}],"event_choices":[{"damage_healed":0,"gold_gain":0,"player_choice":"Grow","damage_taken":0,"max_hp_gain":0,"max_hp_loss":0,"event_name":"Living Wall","floor":2,"gold_loss":0,"cards_upgraded":["Skewer"]},{"damage_healed":0,"gold_gain":0,"player_choice":"Donut","damage_taken":0,"max_hp_gain":5,"max_hp_loss":0,"event_name":"Big Fish","floor":3,"gold_loss":0},{"damage_healed":0,"gold_gain":0,"player_choice":"Leave","damage_taken":0,"max_hp_gain":0,"max_hp_loss":0,"event_name":"The Cleric","floor":5,"gold_loss":0}],"is_beta":false,"boss_relics":[],"items_purged_floors":[],"is_endless":false,"potions_floor_spawned":[1,6,8,11],"killed_by":"Hexaghost","ascension_level":20}