{"gold_per_floor":[118,130,305,305,324,363,363,396,396,396,14,48,48,48,48,179,179,194,293,141,141,141,141,141,180,180,203,128,128,156,169,169,270,270,288,288,288,388,405,405,405,432,432,432,432,432,5,34,34,139,139,154,154,10,22,36,66,66,16,16,33,33,33,49,66,66,66],"floor_reached":67,"playtime":3387,"items_purged":[],"score":1503,"play_id":"db495ef1-391c-4187-98da-ef0a5b8ffab0","local_time":"20180707003819","daily_mods":["Draft","Heirloom"],"is_ascension_mode":false,"campfire_choices":[{"data":"Terror","floor":7,"key":"SMITH"},{"floor":10,"key":"REST"},{"data":"Cloak And Dagger","floor":15,"key":"SMITH"},{"data":"After Image","floor":23,"key":"SMITH"},{"floor":32,"key":"DIG"},{"floor":40,"key":"DIG"},{"floor":45,"key":"DIG"},{"floor":49,"key":"DIG"},{"floor":58,"key":"DIG"},{"floor":63,"key":"DIG"},{"floor":66,"key":"DIG"}],"neow_cost":"","seed_source_timestamp":0,"circlet_count":0,"master_deck":["Quick Slash","Slice","Bouncing Flask","Backflip","Terror+1","Backflip","Sucker Punch","Dagger Throw","Crippling Poison","Dagger Spray","Cloak And Dagger","Outmaneuver","Dodge and Roll","Backflip","Predator","Noxious Fumes","Caltrops","Cloak And Dagger+1","Cloak And Dagger+1","Panache","Die Die Die","Tools of the Trade","Well Laid Plans","After Image+1","Footwork","Blur+1","Writhe","Sucker Punch+1","Deflect+1","Bullet Time","Madness+1","Madness","Bane+1","Dodge and Roll+1","Prepared+1","Good Instincts","Mind Blast","Bandage Up","Well Laid Plans","Infinite Blades","A Thousand Cuts","Crippling Poison","Injury","Neutralize","Accuracy","Envenom"],"relics":["Ring of the Snake","Turnip","Bloody Idol","Juzu Bracelet","Letter Opener","Mummified Hand","ClockworkSouvenir","Boot","Cursed Key","Centennial Puzzle","Bronze Scales","Darkstone Periapt","Shovel","Gremlin Horn","Runic Pyramid","Torii","Orichalcum","Strawberry","Toolbox","Du-Vu Doll","Snake Skull","TwistedFunnel","Blood Vial","Bag of Preparation","Sozu","Bag of Marbles","Smiling Mask","Ice Cream","Meat on the Bone","The Courier"],"potions_floor_usage":[6,8,33,33,50,50],"damage_taken":[{"damage":0,"enemies":"Jaw Worm","floor":1,"turns":3},{"damage":0,"enemies":"2 Louse","floor":2,"turns":3},{"damage":1,"enemies":"Small Slimes","floor":5,"turns":3},{"damage":18,"enemies":"Gremlin Nob","floor":6,"turns":5},{"damage":2,"enemies":"3 Sentries","floor":8,"turns":5},{"damage":2,"enemies":"Lagavulin","floor":12,"turns":4},{"damage":0,"enemies":"Slime Boss","floor":16,"turns":6},{"damage":0,"enemies":"Chosen","floor":18,"turns":3},{"damage":1,"enemies":"Gremlin Leader","floor":25,"turns":5},{"damage":0,"enemies":"3 Byrds","floor":27,"turns":1},{"damage":10,"enemies":"Book of Stabbing","floor":30,"turns":4},{"damage":0,"enemies":"Snecko","floor":31,"turns":3},{"damage":2,"enemies":"Champ","floor":33,"turns":9},{"damage":5,"enemies":"Flame Bruiser 1 Orb","floor":35,"turns":4},{"damage":3,"floor":37,"turns":4},{"damage":1,"enemies":"Orb Walker","floor":39,"turns":3},{"damage":1,"enemies":"2 Orb Walkers","floor":42,"turns":4},{"damage":1,"enemies":"Giant Head","floor":48,"turns":5},{"damage":47,"enemies":"Time Eater","floor":50,"turns":9},{"damage":0,"enemies":"Cultist","floor":52,"turns":2},{"damage":5,"enemies":"Jaw Worm","floor":55,"turns":1},{"damage":0,"enemies":"2 Louse","floor":56,"turns":1},{"damage":0,"enemies":"Gremlin Nob","floor":57,"turns":1},{"damage":0,"enemies":"Exordium Wildlife","floor":61,"turns":1},{"damage":0,"enemies":"Lots of Slimes","floor":64,"turns":1},{"damage":0,"enemies":"2 Fungi Beasts","floor":65,"turns":2},{"damage":91,"enemies":"Hexaghost","floor":67,"turns":2}],"seed_played":"7735434125564957508","potions_obtained":[{"floor":2,"key":"Fire Potion"},{"floor":5,"key":"GhostInAJar"},{"floor":6,"key":"GamblersBrew"},{"floor":25,"key":"SpeedPotion"},{"floor":31,"key":"EssenceOfSteel"},{"floor":33,"key":"Energy Potion"},{"floor":37,"key":"Ancient Potion"}],"is_trial":true,"path_per_floor":["M","M","?","?","M","E","R","E","T","R","$","E","?","$","R","B",null,"M","?","$","?","T","R","?","E","T","M","?","?","E","M","R","B",null,"M","?","?","?","M","R","?","E","T","?","R","?","$","E","R","B",null,"M","?","$","M","M","E","R","?","T","M","?","R","M","M","R"],"character_chosen":"THE_SILENT","items_purchased":["ClockworkSouvenir","Panache","After Image","Snake Skull","TwistedFunnel","Well Laid Plans","Bag of Marbles"],"campfire_rested":1,"item_purchase_floors":[11,11,20,47,47,47,54],"current_hp_per_floor":[70,70,70,53,52,34,34,32,32,53,53,51,51,51,51,51,70,70,70,70,70,70,70,70,69,69,69,69,69,64,69,69,70,70,70,61,58,63,67,67,67,77,83,73,73,73,73,81,81,45,83,83,66,66,68,75,82,82,82,88,89,89,89,89,89,89,0],"gold":66,"neow_bonus":"","is_prod":false,"is_daily":false,"chose_seed":false,"campfire_upgraded":3,"win_rate":0,"timestamp":1530949099,"path_taken":["M","M","?","?","?","E","R","E","T","R","?","E","?","$","R","BOSS","M","?","?","?","?","R","?","E","T","M","?","?","E","M","R","BOSS","M","?","?","?","M","R","?","E","T","?","R","?","$","E","R","BOSS","M","?","?","M","M","E","R","?","T","M","?","R","M","M","R","BOSS"],"build_version":"2018-07-05","purchased_purges":0,"victory":false,"max_hp_per_floor":[70,70,70,70,70,70,70,70,70,70,70,70,70,70,70,70,70,70,70,70,70,70,70,70,70,70,70,70,70,70,70,70,70,70,70,70,70,70,70,70,70,77,83,83,83,83,83,83,83,83,83,83,83,83,83,83,83,83,83,89,89,89,89,89,89,89,89],"card_choices":[{"not_picked":["Riddle With Holes","Outmaneuver"],"picked":"Quick Slash","floor":0},{"not_picked":["PiercingWail","Endless Agony"],"picked":"Flying Knee","floor":0},{"not_picked":["Endless Agony","Distraction"],"picked":"Slice","floor":0},{"not_picked":["Bane","Outmaneuver"],"picked":"Bouncing Flask","floor":0},{"not_picked":["Prepared","Sucker Punch"],"picked":"Backflip","floor":0},{"not_picked":["Footwork","Outmaneuver"],"picked":"Terror","floor":0},{"not_picked":["Dagger Spray","Sucker Punch"],"picked":"Backflip","floor":0},{"not_picked":["Deflect","Dagger Throw"],"picked":"Sucker Punch","floor":0},{"not_picked":["Bane","Reflex"],"picked":"Dagger Throw","floor":0},{"not_picked":["Flying Knee","Slice"],"picked":"Crippling Poison","floor":0},{"not_picked":["Outmaneuver","PiercingWail"],"picked":"Dagger Spray","floor":0},{"not_picked":["Bane","Prepared"],"picked":"Cloak And Dagger","floor":0},{"not_picked":["Quick Slash","Poisoned Stab"],"picked":"Outmaneuver","floor":0},{"not_picked":["Skewer","Outmaneuver"],"picked":"Dodge and Roll","floor":0},{"not_picked":["Dagger Throw","Sucker Punch"],"picked":"Backflip","floor":0},{"not_picked":["Bane","Sucker Punch"],"picked":"Predator","floor":1},{"not_picked":["Leg Sweep","Deadly Poison"],"picked":"Noxious Fumes","floor":2},{"not_picked":["Acrobatics","Bane"],"picked":"Caltrops","floor":5},{"not_picked":["Catalyst","Footwork"],"picked":"Cloak And Dagger","floor":6},{"not_picked":["Riddle With Holes","Dodge and Roll"],"picked":"Cloak And Dagger","floor":8},{"not_picked":["Prepared","Underhanded Strike"],"picked":"Die Die Die","floor":12},{"not_picked":["A Thousand Cuts","Storm of Steel"],"picked":"Tools of the Trade","floor":16},{"not_picked":["Prepared+1","Slice"],"picked":"Well Laid Plans","floor":18},{"not_picked":["Dodge and Roll+1","Outmaneuver"],"picked":"Blur+1","floor":25},{"not_picked":["Bane","Predator"],"picked":"Sucker Punch+1","floor":27},{"not_picked":["Deadly Poison","Riddle With Holes","Choke+1"],"picked":"SKIP","floor":30},{"not_picked":["Well Laid Plans","PiercingWail+1"],"picked":"Deflect+1","floor":31},{"not_picked":["Doppelganger","Burst"],"picked":"Bullet Time","floor":33},{"not_picked":["PiercingWail+1","Cloak And Dagger","Underhanded Strike+1"],"picked":"SKIP","floor":35},{"not_picked":["Quick Slash+1","Slice+1"],"picked":"Bane+1","floor":37},{"not_picked":["Bane","Underhanded Strike"],"picked":"Dodge and Roll+1","floor":39},{"not_picked":["Blade Dance+1","Deadly Poison+1"],"picked":"Prepared+1","floor":42},{"not_picked":["Jack Of All Trades","Purity"],"picked":"Good Instincts","floor":44},{"not_picked":["Trip","PanicButton"],"picked":"Mind Blast","floor":44},{"not_picked":["Panacea","Enlightenment"],"picked":"Bandage Up","floor":44},{"not_picked":["Blade Dance","Endless Agony+1"],"picked":"Infinite Blades","floor":48},{"not_picked":["Tools of the Trade","Bullet Time"],"picked":"A Thousand Cuts","floor":50},{"not_picked":["Slice","Cloak And Dagger","Dodge and Roll"],"picked":"SKIP","floor":52},{"not_picked":["Deflect","Backflip"],"picked":"Crippling Poison","floor":55},{"not_picked":["Sucker Punch","Dodge and Roll","Prepared"],"picked":"SKIP","floor":56},{"not_picked":["Reflex","Sucker Punch","Dagger Spray"],"picked":"SKIP","floor":57},{"not_picked":["Deadly Poison","Quick Slash","Deflect"],"picked":"SKIP","floor":61},{"not_picked":["Outmaneuver","Dagger Throw"],"picked":"Accuracy","floor":64},{"not_picked":["Flying Knee","Dodge and Roll"],"picked":"Envenom","floor":65}],"player_experience":315048,"relics_obtained":[{"floor":6,"key":"Juzu Bracelet"},{"floor":8,"key":"Letter Opener"},{"floor":9,"key":"Mummified Hand"},{"floor":12,"key":"Boot"},{"floor":22,"key":"Centennial Puzzle"},{"floor":25,"key":"Bronze Scales"},{"floor":26,"key":"Darkstone Periapt"},{"floor":30,"key":"Shovel"},{"floor":32,"key":"Gremlin Horn"},{"floor":37,"key":"Torii"},{"floor":40,"key":"Orichalcum"},{"floor":42,"key":"Strawberry"},{"floor":43,"key":"Toolbox"},{"floor":45,"key":"Du-Vu Doll"},{"floor":48,"key":"Blood Vial"},{"floor":49,"key":"Bag of Preparation"},{"floor":58,"key":"Smiling Mask"},{"floor":60,"key":"Ice Cream"},{"floor":63,"key":"Meat on the Bone"},{"floor":66,"key":"The Courier"}],"event_choices":[{"event_name":"Liars Game","player_choice":"agreed","floor":3,"damage_taken":0},{"event_name":"Golden Idol","player_choice":"Take Damage","floor":4,"damage_taken":0},{"event_name":"Living Wall","player_choice":"Forget","floor":13,"damage_taken":0},{"event_name":"Nest","player_choice":"Stole From Cult","floor":19,"damage_taken":0},{"event_name":"The Library","player_choice":"Read","floor":21,"damage_taken":0},{"event_name":"Ghosts","player_choice":"Ignored","floor":24,"damage_taken":0},{"event_name":"Beggar","player_choice":"Gave Gold","floor":28,"damage_taken":0},{"event_name":"Forgotten Altar","player_choice":"Gave Idol","floor":29,"damage_taken":0},{"event_name":"Winding Halls","player_choice":"Embrace Madness","floor":36,"damage_taken":0},{"event_name":"MindBloom","player_choice":"Fight","floor":37,"damage_taken":0},{"event_name":"Golden Shrine","player_choice":"Pray","floor":38,"damage_taken":0},{"event_name":"Falling","player_choice":"Removed Attack","floor":41,"damage_taken":0},{"event_name":"SensoryStone","player_choice":"Memory 3","floor":44,"damage_taken":0},{"event_name":"Tomb of Lord Red Mask","player_choice":"Ignored","floor":46,"damage_taken":0},{"event_name":"Shining Light","player_choice":"Entered Light","floor":53,"damage_taken":0},{"event_name":"The Cleric","player_choice":"Card Removal","floor":59,"damage_taken":0},{"event_name":"Match and Keep!","player_choice":"1 cards matched","floor":62,"damage_taken":0}],"boss_relics":[{"not_picked":["Calling Bell","Philosopher\u0027s Stone"],"picked":"Cursed Key"},{"not_picked":["Runic Dome","Empty Cage"],"picked":"Runic Pyramid"},{"not_picked":["Busted Crown","Snecko Eye"],"picked":"Sozu"}],"items_purged_floors":[],"is_endless":true,"potions_floor_spawned":[2,5,6,25,31,33,37,39,55,57,64],"killed_by":"Hexaghost","ascension_level":0}