{"gold_per_floor":[10,10,20,20,0,34,34,59,134,145,12,39,56,4,4,79,79,95,126,51,0],"floor_reached":21,"playtime":1054,"items_purged":["Strike_R"],"score":390,"play_id":"cf96e3ad-e300-4c58-b317-52273b8daf43","local_time":"20181227202832","is_ascension_mode":true,"campfire_choices":[{"data":"Battle Trance","floor":7,"key":"SMITH"},{"floor":15,"key":"REST"}],"neow_cost":"NO_GOLD","seed_source_timestamp":9021794036022,"circlet_count":0,"master_deck":["AscendersBane","Strike_R","Strike_R","Defend_R","Defend_R","Defend_R","Defend_R","Bash","Battle Trance+1","Rupture","Uppercut+1","Evolve","Spot Weakness","Feed","Metallicize","Sword Boomerang","Shrug It Off","Twin Strike","Thunderclap","Reaper"],"relics":["Burning Blood","Dream Catcher","Shuriken","Question Card","Thread and Needle","Sozu","Red Mask"],"potions_floor_usage":[8,8,12,12,19],"damage_taken":[{"damage":11,"enemies":"Jaw Worm","floor":1,"turns":6},{"damage":4,"enemies":"2 Louse","floor":3,"turns":5},{"damage":32,"enemies":"Gremlin Nob","floor":6,"turns":4},{"damage":20,"enemies":"Lagavulin","floor":8,"turns":7},{"damage":0,"enemies":"Cultist","floor":10,"turns":3},{"damage":18,"enemies":"3 Sentries","floor":12,"turns":13},{"damage":13,"enemies":"Exordium Wildlife","floor":13,"turns":4},{"damage":37,"enemies":"Slime Boss","floor":16,"turns":11},{"damage":15,"enemies":"Spheric Guardian","floor":18,"turns":4},{"damage":56,"enemies":"Masked Bandits","floor":19,"turns":6},{"damage":15,"enemies":"2 Thieves","floor":21,"turns":2}],"seed_played":"-999375917941211589","potions_obtained":[{"floor":1,"key":"Energy Potion"},{"floor":3,"key":"Ancient Potion"},{"floor":8,"key":"BloodPotion"},{"floor":16,"key":"Dexterity Potion"}],"is_trial":false,"path_per_floor":["M","?","M","?","?","E","R","E","T","M","$","E","M","$","R","B",null,"M","?","$","M"],"character_chosen":"IRONCLAD","items_purchased":["PowerPotion","Metallicize","Twin Strike"],"campfire_rested":1,"item_purchase_floors":[11,11,14],"current_hp_per_floor":[63,63,65,65,65,39,39,25,25,34,34,32,25,25,49,21,68,62,15,15,0],"gold":0,"neow_bonus":"TRANSFORM_TWO_CARDS","is_prod":false,"is_daily":false,"chose_seed":false,"campfire_upgraded":1,"win_rate":0,"timestamp":1545938912,"path_taken":["M","?","M","?","?","E","R","E","T","M","$","E","M","?","R","BOSS","M","?","$","M"],"build_version":"2018-12-20","purchased_purges":1,"victory":false,"max_hp_per_floor":[75,75,75,75,75,75,75,75,75,78,78,81,81,81,81,84,84,87,90,90,90],"card_choices":[{"not_picked":["Pommel Strike","Warcry"],"picked":"Uppercut","floor":1},{"not_picked":["Thunderclap","Dropkick"],"picked":"Evolve","floor":3},{"not_picked":["Power Through","Warcry"],"picked":"Spot Weakness","floor":6},{"not_picked":["Corruption","Pummel"],"picked":"Feed","floor":8},{"not_picked":["Heavy Blade","Pommel Strike","True Grit","Wild Strike"],"picked":"SKIP","floor":10},{"not_picked":["Metallicize","Heavy Blade","Flex"],"picked":"Sword Boomerang","floor":12},{"not_picked":["Twin Strike","Warcry","Berserk"],"picked":"Shrug It Off","floor":13},{"not_picked":["True Grit","Sword Boomerang","Spot Weakness"],"picked":"Thunderclap","floor":15},{"not_picked":["Limit Break","Barricade","Impervious"],"picked":"Reaper","floor":16},{"not_picked":["Wild Strike","Anger+1","Perfected Strike","Sentinel"],"picked":"SKIP","floor":18}],"player_experience":1054923,"relics_obtained":[{"floor":6,"key":"Dream Catcher"},{"floor":8,"key":"Shuriken"},{"floor":9,"key":"Question Card"},{"floor":12,"key":"Thread and Needle"},{"floor":19,"key":"Red Mask"}],"event_choices":[{"damage_healed":0,"gold_gain":0,"player_choice":"Grow","damage_taken":0,"max_hp_gain":0,"max_hp_loss":0,"event_name":"Living Wall","floor":2,"gold_loss":0,"cards_upgraded":["Uppercut"]},{"damage_healed":0,"gold_gain":0,"player_choice":"Ignored","damage_taken":0,"max_hp_gain":0,"max_hp_loss":0,"event_name":"Golden Idol","floor":4,"gold_loss":0},{"damage_healed":0,"gold_gain":0,"player_choice":"Left Gold","damage_taken":0,"max_hp_gain":0,"max_hp_loss":0,"event_name":"World of Goop","floor":5,"gold_loss":20},{"damage_healed":0,"gold_gain":0,"player_choice":"Fought Bandits","damage_taken":0,"max_hp_gain":0,"max_hp_loss":0,"event_name":"Masked Bandits","floor":19,"gold_loss":0}],"is_beta":false,"boss_relics":[{"not_picked":["Runic Pyramid","Black Blood"],"picked":"Sozu"}],"items_purged_floors":[20],"is_endless":false,"potions_floor_spawned":[1,3,8,16],"killed_by":"2 Thieves","ascension_level":20}