{"path_per_floor":["M","M","M","$","?","R","E","?","T","E","?","M"],"character_chosen":"THE_SILENT","items_purchased":["Accuracy"],"gold_per_floor":[113,126,145,2,2,2,37,37,37,70,70,91,91],"floor_reached":13,"campfire_rested":0,"playtime":2956,"item_purchase_floors":[],"current_hp_per_floor":[70,70,64,64,64,64,37,37,37,6,6,4,0],"items_purged":["Strike_G"],"gold":91,"score":107,"play_id":"132c552c-0ce9-4b8f-9d93-f7bcd21a6af8","local_time":"20180530220214","is_prod":false,"is_daily":false,"chose_seed":false,"is_ascension_mode":true,"campfire_upgraded":1,"win_rate":0,"timestamp":1527742934,"campfire_choices":[{"data":"Noxious Fumes","floor":6,"key":"SMITH"}],"path_taken":["M","M","M","$","?","R","E","?","T","E","?","M","M"],"build_version":"2018-05-24","seed_source_timestamp":0,"purchased_purges":1,"victory":false,"master_deck":["Defend_G","Defend_G","Defend_G","Defend_G","Strike_G","Strike_G","Strike_G","Strike_G","Survivor","Neutralize","Infinite Blades","Blur","Noxious Fumes+1","Die Die Die","Backflip","Deadly Poison","Accuracy","Deadly Poison","Neutralize","Dagger Spray","Envenom","Infinite Blades"],"max_hp_per_floor":[70,70,70,70,70,70,70,70,70,70,65,65,65],"relics":["Orrery","Pantograph","Juzu Bracelet","Ancient Tea Set","Golden Idol"],"card_choices":[{"not_picked":["Flying Knee","All Out Attack"],"picked":"Infinite Blades","floor":0.0},{"not_picked":["Backflip","Poisoned Stab"],"picked":"Blur","floor":0.0},{"not_picked":["Dagger Spray","Dagger Throw"],"picked":"Noxious Fumes","floor":0.0},{"not_picked":["Slice","Quick Slash"],"picked":"Die Die Die","floor":0.0},{"not_picked":["Dagger Throw","Underhanded Strike","Deflect"],"picked":"SKIP","floor":1.0},{"not_picked":["Prepared","Deflect"],"picked":"Backflip","floor":2.0},{"not_picked":["Quick Slash","Cloak And Dagger"],"picked":"Deadly Poison","floor":3.0},{"not_picked":["Riddle With Holes","Dagger Spray"],"picked":"Deadly Poison","floor":7},{"not_picked":["Reflex","Cloak And Dagger"],"picked":"Infinite Blades","floor":10},{"not_picked":["Glass Knife","Bane","Eviscerate"],"picked":"SKIP","floor":12}],"player_experience":447885,"potions_floor_usage":[12],"damage_taken":[{"damage":0.0,"enemies":"2 Louse","floor":1.0,"turns":2.0},{"damage":0.0,"enemies":"Small Slimes","floor":2.0,"turns":2.0},{"damage":6.0,"enemies":"Cultist","floor":3.0,"turns":5.0},{"damage":27,"enemies":"3 Sentries","floor":7,"turns":6},{"damage":31,"enemies":"Gremlin Nob","floor":10,"turns":4},{"damage":2,"enemies":"Exordium Thugs","floor":12,"turns":4},{"damage":7,"enemies":"3 Louse","floor":13,"turns":1}],"relics_obtained":[{"floor":7,"key":"Pantograph"},{"floor":9,"key":"Juzu Bracelet"},{"floor":10,"key":"Ancient Tea Set"}],"event_choices":[{"event_name":"Living Wall","player_choice":"Forget","floor":5,"damage_taken":0},{"event_name":"Match and Keep!","player_choice":"3 cards matched","floor":8,"damage_taken":0},{"event_name":"Golden Idol","player_choice":"Lose Max HP","floor":11,"damage_taken":0}],"boss_relics":[],"items_purged_floors":[],"potions_floor_spawned":[3,10],"seed_played":"-2203957653320731749","killed_by":"3 Louse","ascension_level":3,"potions_obtained":[{"floor":3.0,"key":"Ancient Potion"},{"floor":10,"key":"Block Potion"}],"is_trial":false}