{"gold_per_floor":[359,372,372,372,382,382,415,415,441,441,471,471,471,487,487,487],"floor_reached":16,"playtime":535,"items_purged":[],"score":216,"play_id":"43658c54-bfcc-4e0c-ba29-2b51243f812e","local_time":"20190205142439","is_ascension_mode":true,"campfire_choices":[{"data":"Poisoned Stab","floor":6,"key":"SMITH"},{"floor":8,"key":"REST"},{"data":"Dagger Spray","floor":10,"key":"SMITH"},{"floor":13,"key":"REST"},{"floor":15,"key":"REST"}],"neow_cost":"TEN_PERCENT_HP_LOSS","seed_source_timestamp":615846498254824,"circlet_count":0,"master_deck":["AscendersBane","Defend_G","Defend_G","Defend_G","Defend_G","Defend_G","Strike_G","Strike_G","Strike_G","Strike_G","Survivor","Neutralize","Well Laid Plans","Poisoned Stab+1","Slice","Dagger Spray+1"],"relics":["Ring of the Snake","Art of War","Anchor","Lantern"],"potions_floor_usage":[7,11,14,16],"damage_taken":[{"damage":14,"enemies":"Jaw Worm","floor":1,"turns":6},{"damage":0,"enemies":"2 Louse","floor":2,"turns":3},{"damage":0,"enemies":"Cultist","floor":5,"turns":4},{"damage":31,"enemies":"Gremlin Nob","floor":7,"turns":4},{"damage":22,"enemies":"3 Sentries","floor":11,"turns":9},{"damage":11,"enemies":"Gremlin Gang","floor":14,"turns":3},{"damage":38,"enemies":"Slime Boss","floor":16,"turns":8}],"seed_played":"-3424691912263690803","potions_obtained":[{"floor":1,"key":"FearPotion"},{"floor":5,"key":"Energy Potion"},{"floor":7,"key":"EssenceOfSteel"},{"floor":14,"key":"SneckoOil"}],"is_trial":false,"path_per_floor":["M","M","?","?","M","R","E","R","T","R","E","?","R","M","R","B"],"character_chosen":"THE_SILENT","items_purchased":[],"campfire_rested":3,"item_purchase_floors":[],"current_hp_per_floor":[45,45,50,43,43,43,12,31,31,31,9,9,28,17,36,0],"gold":487,"neow_bonus":"TWO_FIFTY_GOLD","is_prod":false,"is_daily":false,"chose_seed":false,"campfire_upgraded":2,"win_rate":0,"timestamp":1549373079,"path_taken":["M","M","?","?","M","R","E","R","T","R","E","?","R","M","R","BOSS"],"build_version":"2019-01-23","purchased_purges":0,"victory":false,"max_hp_per_floor":[60,60,65,65,65,65,65,65,65,65,65,65,65,65,65,65],"card_choices":[{"not_picked":["Tactician","Infinite Blades"],"picked":"Well Laid Plans","floor":1},{"not_picked":["Backstab","Eviscerate"],"picked":"Poisoned Stab","floor":2},{"not_picked":["Outmaneuver","Sucker Punch"],"picked":"Slice","floor":5},{"not_picked":["Quick Slash","Poisoned Stab","Dagger Spray"],"picked":"SKIP","floor":7},{"not_picked":["Quick Slash","Poisoned Stab"],"picked":"Dagger Spray","floor":7},{"not_picked":["Burst","Acrobatics","Predator"],"picked":"SKIP","floor":11},{"not_picked":["Riddle With Holes","Heel Hook","Masterful Stab"],"picked":"SKIP","floor":14}],"player_experience":1292264,"relics_obtained":[{"floor":7,"key":"Art of War"},{"floor":9,"key":"Anchor"},{"floor":11,"key":"Lantern"}],"event_choices":[{"damage_healed":0,"gold_gain":0,"player_choice":"Donut","damage_taken":0,"max_hp_gain":5,"max_hp_loss":0,"event_name":"Big Fish","floor":3,"gold_loss":0},{"cards_removed":["Strike_G"],"damage_healed":0,"gold_gain":0,"player_choice":"Card Removal","damage_taken":7,"max_hp_gain":0,"max_hp_loss":0,"event_name":"Golden Wing","floor":4,"gold_loss":0},{"damage_healed":0,"gold_gain":0,"player_choice":"Ignored","damage_taken":0,"max_hp_gain":0,"max_hp_loss":0,"event_name":"Liars Game","floor":12,"gold_loss":0}],"is_beta":false,"boss_relics":[],"items_purged_floors":[],"is_endless":false,"potions_floor_spawned":[1,5,7,14],"killed_by":"Slime Boss","ascension_level":20}