{"path_per_floor":["M","M","M","M","M","R","?","R","T","R","?","$","M","?","R","B",null,"M","?","M","M"],"character_chosen":"IRONCLAD","items_purchased":["Pen Nib"],"gold_per_floor":[119,129,141,156,172,172,172,172,196,196,146,0,10,10,10,138,138,154,79,92,111],"floor_reached":22,"campfire_rested":1,"playtime":3338,"current_hp_per_floor":[80,80,80,80,76,76,76,76,76,76,76,76,71,51,75,32,80,76,76,72,32],"items_purged":[],"gold":111,"score":178,"play_id":"3dfe4c40-7da6-40dc-b395-e9e43a990ad3","is_prod":false,"is_daily":false,"is_ascension_mode":false,"campfire_upgraded":3,"path_taken":["M","M","M","M","?","R","?","R","T","R","?","$","?","?","R","BOSS","M","?","M","?","M"],"build_version":"2018-02-22-PROD2","purchased_purges":0,"victory":false,"master_deck":["Strike_R","Strike_R","Strike_R","Strike_R","Defend_R","Defend_R","Bash+1","Anger+1","Clash","Sever Soul","Warcry","Offering+1","Armaments","Rampage","Demon Form","Metallicize","Headbutt","Warcry","Second Wind","Offering","Battle Trance","Flex"],"max_hp_per_floor":[80,80,80,80,80,80,80,80,80,80,80,80,80,80,80,80,80,80,80,80,80],"relics":["Burning Blood","Dream Catcher","Pen Nib","Golden Idol","Orrery"],"card_choices":[{"not_picked":["Rage","Perfected Strike"],"picked":"Anger"},{"not_picked":["Rage","Iron Wave"],"picked":"Clash"},{"not_picked":["Twin Strike","Thunderclap"],"picked":"Sever Soul"},{"not_picked":["Thunderclap","Sever Soul"],"picked":"Warcry"},{"not_picked":["Battle Trance","Uppercut"],"picked":"Offering"},{"not_picked":["Bloodletting","Blood for Blood"],"picked":"Armaments"},{"not_picked":["Reckless Charge","Thunderclap"],"picked":"Rampage"},{"not_picked":["Juggernaut","Dark Embrace"],"picked":"Demon Form"},{"not_picked":["True Grit","Warcry"],"picked":"Metallicize"},{"not_picked":["Thunderclap","Flex"],"picked":"Headbutt"},{"not_picked":["Shrug It Off","Infernal Blade"],"picked":"Warcry"},{"not_picked":["Shrug It Off","Pommel Strike"],"picked":"Second Wind"},{"not_picked":["Ghostly Armor","Sword Boomerang"],"picked":"Offering"},{"not_picked":["Body Slam","Combust"],"picked":"Battle Trance"},{"not_picked":["Perfected Strike","Body Slam"],"picked":"Flex"}],"player_experience":0,"potions_floor_usage":[22],"damage_taken":[{"damage":5.0,"enemies":"Cultist","floor":1.0,"turns":4.0},{"damage":0.0,"enemies":"Small Slimes","floor":2.0,"turns":3.0},{"damage":6.0,"enemies":"Jaw Worm","floor":3.0,"turns":2.0},{"damage":2.0,"enemies":"Blue Slaver","floor":4.0,"turns":2.0},{"damage":10.0,"enemies":"Looter","floor":5.0,"turns":3.0},{"damage":11.0,"enemies":"3 Louse","floor":13.0,"turns":3.0},{"damage":49.0,"enemies":"The Guardian","floor":16.0,"turns":6.0},{"damage":10,"enemies":"Chosen","floor":18,"turns":3},{"damage":10,"enemies":"Shell Parasite","floor":20,"turns":2},{"damage":46,"enemies":"3 Cultists","floor":21,"turns":6},{"damage":37,"enemies":"Slaver and Parasite","floor":22,"turns":2}],"event_choices":[{"event_name":"Living Wall","player_choice":"Forget","floor":7.0,"damage_taken":0.0},{"event_name":"The Cleric","player_choice":"Card Removal","floor":11.0,"damage_taken":0.0},{"event_name":"Golden Idol","player_choice":"Take Damage","floor":14.0,"damage_taken":0.0},{"event_name":"Beggar","player_choice":"Gave Gold","floor":19,"damage_taken":0}],"boss_relics":[{"not_picked":["Philosopher\u0027s Stone","Black Blood"],"picked":"Orrery"}],"potions_floor_spawned":[1,5,16,18],"seed_played":"5705621292716903987","killed_by":"Slaver and Parasite","ascension_level":0,"is_trial":false}