{"gold_per_floor":[115,115,131,144,21,21,59,59,83,127,141,73,114,137,137,266,266,290,290,190,65,83,83,123,142,142,157,157,30,30,44,44,163,163,188,203,217,217,231,271,271,271,271,271,286,141,141,172,172,172],"floor_reached":51,"playtime":2569,"items_purged":["Injury","Strike_B","Strike_B"],"score":1202,"play_id":"d570fde2-5e01-4416-8ee7-ef0fb68cce65","local_time":"20181016175504","is_ascension_mode":true,"campfire_choices":[{"data":"Zap","floor":6,"key":"SMITH"},{"floor":15,"key":"REST"},{"data":"Creative AI","floor":23,"key":"SMITH"},{"data":"Force Field","floor":32,"key":"SMITH"},{"data":"Fission","floor":41,"key":"SMITH"},{"floor":44,"key":"REST"},{"data":"Seek","floor":49,"key":"SMITH"}],"neow_cost":"NONE","seed_source_timestamp":350557674871754,"circlet_count":0,"master_deck":["Zap+1","Dualcast","AscendersBane","Seek+1","Conserve Battery","Beam Cell","Glacier","Ball Lightning","Gash","Conserve Battery","Sweeping Beam","Tempest","Rebound","Ball Lightning","Creative AI+1","Biased Cognition+1","FTL+1","Steam+1","Force Field+1","Capacitor","Go for the Eyes","Force Field","Fission+1","Ball Lightning+1","Beam Cell+1","Rip and Tear+1","Conserve Battery+1"],"relics":["Cracked Core","Golden Idol","Anchor","Boot","Du-Vu Doll","Pantograph","Astrolabe","Thread and Needle","Mummified Hand","Busted Crown","Unceasing Top","Regal Pillow","Symbiotic Virus","DataDisk","Bird Faced Urn","Molten Egg 2"],"potions_floor_usage":[16,35,40,50,50],"damage_taken":[{"damage":4,"enemies":"Small Slimes","floor":1,"turns":3},{"damage":7,"enemies":"Jaw Worm","floor":3,"turns":4},{"damage":1,"enemies":"Cultist","floor":4,"turns":4},{"damage":14,"enemies":"Lagavulin","floor":7,"turns":6},{"damage":9,"enemies":"3 Sentries","floor":10,"turns":8},{"damage":0,"enemies":"Exordium Wildlife","floor":11,"turns":3},{"damage":16,"enemies":"Gremlin Nob","floor":13,"turns":4},{"damage":2,"enemies":"Exordium Thugs","floor":14,"turns":3},{"damage":33,"enemies":"Hexaghost","floor":16,"turns":7},{"damage":0,"enemies":"Chosen","floor":18,"turns":3},{"damage":4,"enemies":"Spheric Guardian","floor":22,"turns":3},{"damage":19,"enemies":"Gremlin Leader","floor":24,"turns":7},{"damage":0,"enemies":"Centurion and Healer","floor":25,"turns":5},{"damage":0,"enemies":"Shelled Parasite and Fungi","floor":27,"turns":4},{"damage":0,"enemies":"Snake Plant","floor":31,"turns":3},{"damage":32,"enemies":"Champ","floor":33,"turns":9},{"damage":18,"enemies":"3 Darklings","floor":35,"turns":6},{"damage":0,"enemies":"3 Shapes","floor":36,"turns":4},{"damage":11,"enemies":"3 Darklings","floor":37,"turns":7},{"damage":25,"enemies":"Reptomancer","floor":39,"turns":6},{"damage":15,"enemies":"2 Orb Walkers","floor":40,"turns":4},{"damage":13,"enemies":"Spire Growth","floor":45,"turns":5},{"damage":10,"enemies":"Mind Bloom Boss Battle","floor":47,"turns":6},{"damage":0,"enemies":"Giant Head","floor":48,"turns":8},{"damage":33,"enemies":"Time Eater","floor":50,"turns":10}],"seed_played":"4675447910053773584","potions_obtained":[{"floor":3,"key":"FearPotion"},{"floor":4,"key":"LiquidBronze"},{"floor":16,"key":"SteroidPotion"},{"floor":22,"key":"Regen Potion"},{"floor":37,"key":"Poison Potion"},{"floor":39,"key":"Explosive Potion"},{"floor":40,"key":"AttackPotion"}],"is_trial":false,"path_per_floor":["M","?","M","M","$","R","E","?","T","E","M","$","E","M","R","B",null,"M","?","$","$","M","R","E","M","T","M","?","$","?","M","R","B",null,"M","M","M","?","M","E","R","T","T","R","M","$","?","E","R","B"],"character_chosen":"DEFECT","items_purchased":["Ball Lightning","Tempest","Self Repair","Go for the Eyes","DataDisk"],"campfire_rested":2,"item_purchase_floors":[5,12,29,29,46],"current_hp_per_floor":[64,64,57,56,56,56,42,35,35,26,26,26,10,8,30,22,62,62,62,62,62,58,58,39,39,39,39,39,39,39,46,46,46,68,69,75,71,71,46,31,31,31,31,68,55,55,65,75,75,56],"gold":172,"neow_bonus":"ONE_RANDOM_RARE_CARD","is_prod":false,"is_daily":false,"chose_seed":false,"campfire_upgraded":5,"win_rate":0,"timestamp":1539705304,"path_taken":["M","?","M","M","$","R","E","?","T","E","?","?","E","M","R","BOSS","M","?","?","$","M","R","E","M","T","M","?","$","?","M","R","BOSS","M","M","M","?","M","E","R","?","T","R","M","$","?","E","R","BOSS"],"build_version":"2018-10-11","purchased_purges":3,"victory":true,"max_hp_per_floor":[75,75,75,75,75,75,75,75,75,75,75,75,75,75,75,75,75,75,75,75,75,75,75,75,75,75,75,75,75,75,75,75,75,75,75,75,75,75,75,75,75,75,75,75,75,75,75,75,75,75],"card_choices":[{"not_picked":["Aggregate","Steam"],"picked":"Conserve Battery","floor":1},{"not_picked":["Redo","Static Discharge"],"picked":"Beam Cell","floor":3},{"not_picked":["Scrape","Hologram"],"picked":"Glacier","floor":4},{"not_picked":["Rainbow","Compile Driver"],"picked":"Gash","floor":7},{"not_picked":["Redo","Compile Driver"],"picked":"Conserve Battery","floor":10},{"not_picked":["Coolheaded","Hello World"],"picked":"Sweeping Beam","floor":11},{"not_picked":["Streamline","Reprogram"],"picked":"Rebound","floor":13},{"not_picked":["Cold Snap","Doom and Gloom"],"picked":"Ball Lightning","floor":14},{"not_picked":["Meteor Strike","Hyperbeam"],"picked":"Creative AI","floor":16},{"not_picked":["Coolheaded","Stack","Compile Driver"],"picked":"SKIP","floor":18},{"not_picked":["Static Discharge","Hello World","Steam"],"picked":"SKIP","floor":22},{"not_picked":["Scrape","Heatsinks+1","Streamline"],"picked":"SKIP","floor":24},{"not_picked":["Hologram","Lockon"],"picked":"Force Field","floor":25},{"not_picked":["Redo","Sweeping Beam"],"picked":"Capacitor","floor":27},{"not_picked":["Redo","Meteor Strike"],"picked":"Force Field","floor":31},{"not_picked":["Core Surge","Hyperbeam"],"picked":"Fission","floor":33},{"not_picked":[],"picked":"Ball Lightning+1","floor":35},{"not_picked":["Rebound"],"picked":"SKIP","floor":36},{"not_picked":[],"picked":"Beam Cell+1","floor":37},{"not_picked":["Streamline"],"picked":"SKIP","floor":39},{"not_picked":["Meteor Strike"],"picked":"SKIP","floor":40},{"not_picked":["Barrage"],"picked":"SKIP","floor":45},{"not_picked":[],"picked":"Rip and Tear+1","floor":47},{"not_picked":[],"picked":"Conserve Battery+1","floor":48}],"player_experience":568204,"relics_obtained":[{"floor":7,"key":"Anchor"},{"floor":9,"key":"Boot"},{"floor":10,"key":"Du-Vu Doll"},{"floor":13,"key":"Pantograph"},{"floor":24,"key":"Thread and Needle"},{"floor":26,"key":"Mummified Hand"},{"floor":40,"key":"Unceasing Top"},{"floor":42,"key":"Regal Pillow"},{"floor":43,"key":"Symbiotic Virus"},{"floor":47,"key":"Bird Faced Urn"},{"floor":48,"key":"Molten Egg 2"}],"event_choices":[{"event_name":"Golden Idol","player_choice":"Take Wound","floor":2,"damage_taken":0},{"event_name":"Golden Wing","player_choice":"Card Removal","floor":8,"damage_taken":0},{"event_name":"Vampires","player_choice":"Ignored","floor":19,"damage_taken":0},{"event_name":"Back to Basics","player_choice":"Elegance","floor":28,"damage_taken":0},{"event_name":"Wheel of Change","player_choice":"Card Removal","floor":30,"damage_taken":0},{"event_name":"Falling","player_choice":"Removed Power","floor":38,"damage_taken":0},{"event_name":"MindBloom","player_choice":"Fight","floor":47,"damage_taken":0}],"is_beta":false,"boss_relics":[{"not_picked":["Velvet Choker","Pandora\u0027s Box"],"picked":"Astrolabe"},{"not_picked":["Orrery","FrozenCore"],"picked":"Busted Crown"}],"items_purged_floors":[5,20,21],"is_endless":false,"potions_floor_spawned":[3,4,10,16,22,25,33,37,39,40,47,48],"ascension_level":12}