{"gold_per_floor":[119,119,119,69,92,130,150,191,273,448,492,517,517,517,517,517],"floor_reached":16,"playtime":770,"items_purged":[],"score":118,"play_id":"263e13fa-bfa2-44f8-b78f-71882bd6b608","local_time":"20181017085343","is_ascension_mode":false,"campfire_choices":[{"floor":15,"key":"REST"}],"neow_cost":"NONE","seed_source_timestamp":234958946155709,"circlet_count":0,"master_deck":["Strike_B","Strike_B","Strike_B","Defend_B","Defend_B","Defend_B","Defend_B","Zap","Dualcast","Ball Lightning","Turbo","Meteor Strike","Sunder","Doubt","Beam Cell","Reinforced Body"],"relics":["Cracked Core","Golden Idol","Peace Pipe","Happy Flower","Letter Opener","Blood Vial"],"potions_floor_usage":[6,8],"damage_taken":[{"damage":1,"enemies":"2 Louse","floor":1,"turns":2},{"damage":0,"enemies":"Small Slimes","floor":5,"turns":3},{"damage":21,"enemies":"Lagavulin","floor":6,"turns":5},{"damage":6,"enemies":"Jaw Worm","floor":7,"turns":3},{"damage":14,"enemies":"Gremlin Nob","floor":8,"turns":3},{"damage":26,"enemies":"Lagavulin","floor":11,"turns":5},{"damage":7,"enemies":"Large Slime","floor":12,"turns":4},{"damage":36,"enemies":"The Guardian","floor":16,"turns":9}],"seed_played":"-7475337333537089921","potions_obtained":[{"floor":1,"key":"Swift Potion"},{"floor":7,"key":"AttackPotion"}],"is_trial":false,"path_per_floor":["M","?","?","?","M","E","M","E","T","?","E","M","?","?","R"],"character_chosen":"DEFECT","items_purchased":[],"campfire_rested":1,"item_purchase_floors":[],"current_hp_per_floor":[81,81,81,81,81,60,54,40,40,40,14,9,6,6,30,0],"gold":517,"neow_bonus":"TEN_PERCENT_HP_BONUS","is_prod":false,"is_daily":false,"chose_seed":false,"campfire_upgraded":0,"win_rate":1,"timestamp":1539791623,"path_taken":["M","?","?","?","M","E","M","E","T","?","E","?","?","?","R","BOSS"],"build_version":"2018-10-16","purchased_purges":0,"victory":false,"max_hp_per_floor":[82,82,82,82,82,82,82,82,82,82,82,82,82,82,82,82],"card_choices":[{"not_picked":["Skim","Hello World"],"picked":"Ball Lightning","floor":1},{"not_picked":["Steam","Hello World"],"picked":"Turbo","floor":5},{"not_picked":["Double Energy","Go for the Eyes"],"picked":"Meteor Strike","floor":6},{"not_picked":["Melter","Redo"],"picked":"Sunder","floor":7},{"not_picked":["Hello World","Storm","Hologram"],"picked":"SKIP","floor":8},{"not_picked":["Darkness","Force Field"],"picked":"Beam Cell","floor":11},{"not_picked":["Rebound","Heatsinks"],"picked":"Reinforced Body","floor":12}],"player_experience":223516,"relics_obtained":[{"floor":6,"key":"Peace Pipe"},{"floor":8,"key":"Happy Flower"},{"floor":9,"key":"Letter Opener"},{"floor":11,"key":"Blood Vial"}],"event_choices":[{"damage_healed":0,"gold_gain":0,"player_choice":"Take Wound","damage_taken":0,"relics_obtained":["Golden Idol"],"max_hp_gain":0,"max_hp_loss":0,"event_name":"Golden Idol","floor":2,"gold_loss":0,"cards_obtained":["Injury"]},{"cards_removed":["Injury"],"damage_healed":0,"gold_gain":0,"player_choice":"Forget","damage_taken":0,"max_hp_gain":0,"max_hp_loss":0,"event_name":"Living Wall","floor":3,"gold_loss":0},{"cards_removed":["Strike_B"],"damage_healed":0,"gold_gain":0,"player_choice":"Card Removal","damage_taken":0,"max_hp_gain":0,"max_hp_loss":0,"event_name":"The Cleric","floor":4,"gold_loss":50},{"damage_healed":0,"gold_gain":175,"player_choice":"AGREE","damage_taken":0,"max_hp_gain":0,"max_hp_loss":0,"event_name":"Liars Game","floor":10,"gold_loss":0,"cards_obtained":["Doubt"]},{"damage_healed":0,"gold_gain":0,"player_choice":"Fled","damage_taken":3,"max_hp_gain":0,"max_hp_loss":0,"event_name":"Scrap Ooze","floor":13,"gold_loss":0},{"damage_healed":0,"gold_gain":0,"player_choice":"Searched \u00270\u0027 times","damage_taken":0,"max_hp_gain":0,"max_hp_loss":0,"event_name":"Dead Adventurer","floor":14,"gold_loss":0}],"is_beta":true,"boss_relics":[],"items_purged_floors":[],"is_endless":false,"potions_floor_spawned":[1,7],"killed_by":"The Guardian","ascension_level":0}