{"gold_per_floor":[114,36,36,36,36,65,65,80,80,95,112,161,172,185,185,185],"floor_reached":16,"playtime":373,"items_purged":[],"score":194,"play_id":"7f4853c5-d65d-4360-8d73-5bb4a74f13cc","local_time":"20181126140011","is_ascension_mode":true,"campfire_choices":[{"floor":7,"key":"REST"},{"floor":15,"key":"REST"}],"neow_cost":"NONE","seed_source_timestamp":11462330929903,"circlet_count":0,"master_deck":["AscendersBane","Strike_B","Strike_B+1","Strike_B+1","Strike_B","Defend_B+1","Defend_B","Defend_B","Defend_B","Zap+1","Dualcast+1","Streamline","Defragment","Sweeping Beam","Conserve Battery","Ball Lightning","Skim","Go for the Eyes"],"relics":["Cracked Core","Emotion Chip","Whetstone","Pen Nib"],"potions_floor_usage":[6,11],"damage_taken":[{"damage":7,"enemies":"Jaw Worm","floor":1,"turns":3},{"damage":27,"enemies":"Lagavulin","floor":6,"turns":5},{"damage":4,"enemies":"2 Louse","floor":8,"turns":3},{"damage":0,"enemies":"Cultist","floor":10,"turns":3},{"damage":6,"enemies":"Exordium Thugs","floor":11,"turns":2},{"damage":10,"enemies":"Large Slime","floor":13,"turns":3},{"damage":6,"enemies":"2 Fungi Beasts","floor":14,"turns":3},{"damage":29,"enemies":"Hexaghost","floor":16,"turns":7}],"seed_played":"-2090718492191574233","potions_obtained":[{"floor":1,"key":"LiquidBronze"},{"floor":5,"key":"PowerPotion"},{"floor":5,"key":"PowerPotion"},{"floor":10,"key":"Ancient Potion"},{"floor":11,"key":"Energy Potion"}],"is_trial":false,"path_per_floor":["M","$","?","?","?","E","R","M","T","M","M","T","M","M","R","B"],"character_chosen":"DEFECT","items_purchased":["Defragment"],"campfire_rested":2,"item_purchase_floors":[2],"current_hp_per_floor":[57,57,57,36,36,9,30,26,26,26,20,20,10,4,25,0],"gold":185,"neow_bonus":"UPGRADE_CARD","is_prod":false,"is_daily":false,"chose_seed":false,"campfire_upgraded":0,"win_rate":0,"timestamp":1543237211,"path_taken":["M","$","?","?","?","E","R","M","T","M","?","?","M","M","R","BOSS"],"build_version":"2018-11-15","purchased_purges":0,"victory":false,"max_hp_per_floor":[71,71,71,71,71,71,71,71,71,71,71,71,71,71,71,71],"card_choices":[{"not_picked":["Aggregate","Reprogram"],"picked":"Streamline","floor":1},{"not_picked":["Buffer","Barrage","Aggregate"],"picked":"SKIP","floor":6},{"not_picked":["Rebound","Storm"],"picked":"Sweeping Beam","floor":8},{"not_picked":["Undo","Compile Driver"],"picked":"Conserve Battery","floor":10},{"not_picked":["Rip and Tear","Double Energy"],"picked":"Ball Lightning","floor":11},{"not_picked":["Rip and Tear","Gash"],"picked":"Skim","floor":13},{"not_picked":["Streamline","Genetic Algorithm"],"picked":"Go for the Eyes","floor":14}],"player_experience":869732,"relics_obtained":[{"floor":6,"key":"Emotion Chip"},{"floor":9,"key":"Whetstone"},{"floor":12,"key":"Pen Nib"}],"event_choices":[{"damage_healed":0,"gold_gain":0,"player_choice":"Leave","damage_taken":0,"max_hp_gain":0,"max_hp_loss":0,"event_name":"The Cleric","floor":3,"gold_loss":0},{"damage_healed":0,"gold_gain":0,"player_choice":"Entered Light","damage_taken":21,"max_hp_gain":0,"max_hp_loss":0,"event_name":"Shining Light","floor":4,"gold_loss":0,"cards_upgraded":["Defend_B","Dualcast"]},{"damage_healed":0,"gold_gain":0,"player_choice":"Got Potions","damage_taken":0,"max_hp_gain":0,"max_hp_loss":0,"event_name":"Lab","floor":5,"gold_loss":0}],"is_beta":false,"boss_relics":[],"items_purged_floors":[],"is_endless":false,"potions_floor_spawned":[1,10,11,13],"killed_by":"Hexaghost","ascension_level":18}