{"gold_per_floor":[114,114,114,126,140,153,153,78,78,78,95,115,115,140,140,242,242,261,186,199,199,23,23,37,56,56,56],"floor_reached":27,"playtime":667,"items_purged":["Defend_R","Strike_R"],"score":215,"play_id":"cc5b3ef2-b5a1-4d92-9ee0-1eb245c9c97c","local_time":"20190418105400","is_ascension_mode":false,"campfire_choices":[{"data":"Bash","floor":7,"key":"SMITH"},{"floor":13,"key":"REST"},{"floor":15,"key":"REST"},{"floor":23,"key":"REST"}],"neow_cost":"NONE","seed_source_timestamp":578788730383200,"circlet_count":0,"master_deck":["Strike_R+1","Strike_R+1","Defend_R","Defend_R","Defend_R","Bash+1"],"relics":["Velvet Choker"],"potions_floor_usage":[16,18,24,27],"damage_taken":[{"damage":0,"enemies":"2 Louse","floor":1,"turns":2},{"damage":0,"enemies":"Small Slimes","floor":4,"turns":3},{"damage":1,"enemies":"Jaw Worm","floor":5,"turns":2},{"damage":2,"enemies":"Blue Slaver","floor":6,"turns":4},{"damage":0,"enemies":"Looter","floor":11,"turns":2},{"damage":3,"enemies":"2 Fungi Beasts","floor":12,"turns":3},{"damage":21,"enemies":"Lagavulin","floor":14,"turns":5},{"damage":37,"enemies":"Slime Boss","floor":16,"turns":13},{"damage":20,"enemies":"Spheric Guardian","floor":18,"turns":7},{"damage":8,"enemies":"3 Byrds","floor":20,"turns":7},{"damage":42,"enemies":"3 Cultists","floor":24,"turns":6},{"damage":22,"enemies":"Centurion and Healer","floor":25,"turns":5},{"damage":30,"enemies":"Snake Plant","floor":27,"turns":4}],"seed_played":"7725455442362823321","potions_obtained":[{"floor":5,"key":"Ancient Potion"},{"floor":12,"key":"PowerPotion"},{"floor":25,"key":"AttackPotion"}],"is_trial":false,"path_per_floor":["M","?","?","M","M","M","R","$","T","?","M","M","R","E","R","B",null,"M","?","M","?","$","R","M","M","T","M"],"character_chosen":"IRONCLAD","items_purchased":["Regen Potion"],"campfire_rested":3,"item_purchase_floors":[22],"current_hp_per_floor":[80,80,64,64,63,61,61,61,61,61,61,58,80,59,80,43,80,60,60,52,52,52,76,46,24,24,0],"gold":56,"neow_bonus":"BOSS_RELIC","is_prod":false,"is_daily":false,"chose_seed":false,"campfire_upgraded":1,"win_rate":0,"timestamp":1555577640,"path_taken":["M","?","?","?","M","M","R","$","T","?","M","M","R","E","R","BOSS","M","?","M","?","$","R","M","M","T","M"],"build_version":"2019-01-23","purchased_purges":2,"victory":false,"max_hp_per_floor":[80,80,80,80,80,80,80,80,80,80,80,80,80,80,80,80,80,80,80,80,80,80,80,80,80,80,80],"card_choices":[{"not_picked":["Pommel Strike","Evolve","Ghostly Armor"],"picked":"SKIP","floor":1},{"not_picked":["Body Slam","Cleave","Anger"],"picked":"SKIP","floor":4},{"not_picked":["Fire Breathing","Brutality","Burning Pact"],"picked":"SKIP","floor":5},{"not_picked":["Perfected Strike","Heavy Blade","Iron Wave"],"picked":"SKIP","floor":6},{"not_picked":["Body Slam","Heavy Blade","Iron Wave"],"picked":"SKIP","floor":11},{"not_picked":["Pommel Strike","True Grit","Disarm"],"picked":"SKIP","floor":12},{"not_picked":["Bloodletting","Dropkick","Iron Wave"],"picked":"SKIP","floor":14},{"not_picked":["Perfected Strike+1","Evolve","Dropkick"],"picked":"SKIP","floor":18},{"not_picked":["Clash","Twin Strike","Pommel Strike"],"picked":"SKIP","floor":20},{"not_picked":["Metallicize","Perfected Strike","True Grit"],"picked":"SKIP","floor":24},{"not_picked":["Impervious","True Grit","Metallicize"],"picked":"SKIP","floor":25}],"player_experience":597669,"relics_obtained":[],"event_choices":[{"damage_healed":0,"gold_gain":0,"player_choice":"Ignored","damage_taken":0,"max_hp_gain":0,"max_hp_loss":0,"event_name":"Golden Idol","floor":2,"gold_loss":0},{"damage_healed":0,"gold_gain":0,"player_choice":"Entered Light","damage_taken":16,"max_hp_gain":0,"max_hp_loss":0,"event_name":"Shining Light","floor":3,"gold_loss":0,"cards_upgraded":["Strike_R","Strike_R"]},{"cards_removed":["Strike_R"],"damage_healed":0,"gold_gain":0,"player_choice":"Forget","damage_taken":0,"max_hp_gain":0,"max_hp_loss":0,"event_name":"Living Wall","floor":10,"gold_loss":0},{"cards_removed":["Strike_R"],"damage_healed":0,"gold_gain":0,"player_choice":"Gave Gold","damage_taken":0,"max_hp_gain":0,"max_hp_loss":0,"event_name":"Beggar","floor":19,"gold_loss":75},{"damage_healed":0,"gold_gain":0,"player_choice":"Ignored","damage_taken":0,"max_hp_gain":0,"max_hp_loss":0,"event_name":"Cursed Tome","floor":21,"gold_loss":0}],"is_beta":false,"boss_relics":[{"not_picked":[]}],"items_purged_floors":[8,22],"is_endless":false,"potions_floor_spawned":[5,12,25],"killed_by":"Snake Plant","ascension_level":0}