{"gold_per_floor":[111,111,61,61,61,61,28,59,83,83,109,125,125,153,153,153],"floor_reached":16,"playtime":358,"items_purged":[],"score":239,"play_id":"dd7b31b5-3e3e-46ed-baec-d0537a06beb8","local_time":"20190417232530","is_ascension_mode":true,"campfire_choices":[{"data":"Bash","floor":6,"key":"SMITH"},{"data":"Flame Barrier","floor":10,"key":"SMITH"},{"data":"Seeing Red","floor":13,"key":"SMITH"},{"data":"True Grit","floor":15,"key":"SMITH"}],"neow_cost":"NONE","seed_source_timestamp":110551477485969,"circlet_count":0,"master_deck":["AscendersBane","Strike_R+1","Strike_R","Strike_R+1","Strike_R","Strike_R","Defend_R","Defend_R","Defend_R","Bash+1","Feel No Pain","Flame Barrier+1","Cleave","Disarm","Seeing Red+1","True Grit+1"],"relics":["Burning Blood","NeowsBlessing","Whetstone","Potion Belt","Orichalcum","Odd Mushroom"],"potions_floor_usage":[16],"damage_taken":[{"damage":0,"enemies":"Small Slimes","floor":1,"turns":1},{"damage":0,"enemies":"Gremlin Nob","floor":8,"turns":1},{"damage":0,"enemies":"Lagavulin","floor":11,"turns":1},{"damage":7,"enemies":"Jaw Worm","floor":12,"turns":2},{"damage":11,"enemies":"The Mushroom Lair","floor":14,"turns":4},{"damage":79,"enemies":"Slime Boss","floor":16,"turns":12}],"seed_played":"7132584819912617515","potions_obtained":[{"floor":8,"key":"FearPotion"},{"floor":12,"key":"SmokeBomb"}],"is_trial":false,"path_per_floor":["?","?","$","?"],"character_chosen":"IRONCLAD","items_purchased":["Flame Barrier"],"campfire_rested":0,"item_purchase_floors":[7],"current_hp_per_floor":[78,78,78,78,78,78,78,80,80,80,80,79,79,74,74,0],"gold":153,"neow_bonus":"THREE_ENEMY_KILL","is_prod":false,"is_daily":false,"chose_seed":false,"campfire_upgraded":4,"win_rate":0,"timestamp":1555518330,"path_taken":["M","$","?","$","?","R","?","E","T","R","E","M","R","?","R","BOSS"],"build_version":"2019-01-23","purchased_purges":0,"victory":false,"max_hp_per_floor":[80,80,80,80,80,80,80,80,80,80,80,80,80,80,80,80],"card_choices":[{"not_picked":["Thunderclap","Sentinel"],"picked":"Feel No Pain","floor":1},{"not_picked":["Perfected Strike","Flex"],"picked":"Cleave","floor":8},{"not_picked":["Power Through","Warcry"],"picked":"Disarm","floor":11},{"not_picked":["Dropkick","Pommel Strike"],"picked":"Seeing Red","floor":12},{"not_picked":["Limit Break","Clothesline"],"picked":"True Grit","floor":14}],"player_experience":252906,"relics_obtained":[{"floor":8,"key":"Whetstone"},{"floor":9,"key":"Potion Belt"},{"floor":11,"key":"Orichalcum"},{"floor":14,"key":"Odd Mushroom"}],"event_choices":[{"cards_removed":["Defend_R"],"damage_healed":0,"gold_gain":0,"player_choice":"Card Removal","damage_taken":0,"max_hp_gain":0,"max_hp_loss":0,"event_name":"The Cleric","floor":3,"gold_loss":50},{"damage_healed":0,"gold_gain":0,"player_choice":"Ignored","damage_taken":0,"max_hp_gain":0,"max_hp_loss":0,"event_name":"Liars Game","floor":5,"gold_loss":0},{"damage_healed":0,"gold_gain":0,"player_choice":"Fought Mushrooms","damage_taken":0,"max_hp_gain":0,"max_hp_loss":0,"event_name":"Mushrooms","floor":14,"gold_loss":0}],"is_beta":false,"boss_relics":[],"items_purged_floors":[],"is_endless":false,"potions_floor_spawned":[8,12],"killed_by":"Slime Boss","ascension_level":11}