{"gold_per_floor":[110,35,35,47,67,100,100,120,120,120,131,160,160,179,179,179],"floor_reached":16,"playtime":507,"items_purged":[],"score":204,"play_id":"898d52e6-7af2-48a9-beb4-e0d7bdda2e21","local_time":"20190329141944","is_ascension_mode":true,"campfire_choices":[{"data":"Uppercut","floor":7,"key":"SMITH"},{"floor":10,"key":"REST"},{"data":"Sword Boomerang","floor":15,"key":"SMITH"}],"neow_cost":"NONE","seed_source_timestamp":0,"circlet_count":0,"master_deck":["AscendersBane","Strike_R","Strike_R","Strike_R","Strike_R","Defend_R","Defend_R","Defend_R","Defend_R","Bash","Feel No Pain","Spot Weakness+1","Uppercut+1","Flame Barrier","Sword Boomerang+1","Shrug It Off"],"special_seed":0,"relics":["Burning Blood","NeowsBlessing","Bottled Lightning","Frozen Egg 2","Odd Mushroom"],"potions_floor_usage":[12],"damage_taken":[{"damage":0.0,"enemies":"2 Louse","floor":1.0,"turns":1.0},{"damage":0.0,"enemies":"Cultist","floor":4.0,"turns":1.0},{"damage":0.0,"enemies":"Jaw Worm","floor":5.0,"turns":1.0},{"damage":55,"enemies":"Lagavulin","floor":6,"turns":8},{"damage":9,"enemies":"Red Slaver","floor":8,"turns":3},{"damage":18,"enemies":"3 Louse","floor":11,"turns":3},{"damage":0,"enemies":"The Mushroom Lair","floor":12,"turns":2},{"damage":6,"enemies":"Looter","floor":14,"turns":2},{"damage":40,"enemies":"Hexaghost","floor":16,"turns":10}],"seed_played":"409945925529090948","potions_obtained":[{"floor":1.0,"key":"EssenceOfSteel"},{"floor":5.0,"key":"Fire Potion"},{"floor":11,"key":"AttackPotion"},{"floor":12,"key":"Strength Potion"}],"is_trial":false,"path_per_floor":["M","?","?","M","M","E","R","M","T","R","M","?","?","M","R","B"],"character_chosen":"IRONCLAD","items_purchased":[],"campfire_rested":1,"item_purchase_floors":[],"current_hp_per_floor":[74,74,74,75,75,26,26,23,23,45,33,39,39,39,39,0],"gold":179,"neow_bonus":"THREE_ENEMY_KILL","is_prod":false,"is_daily":false,"chose_seed":false,"campfire_upgraded":2,"win_rate":0,"timestamp":1553865584,"path_taken":["M","?","?","M","M","E","R","?","T","R","M","?","?","M","R","BOSS"],"build_version":"2019-01-23","purchased_purges":0,"victory":false,"max_hp_per_floor":[75,75,75,75,75,75,75,75,75,75,75,75,75,75,75,75],"card_choices":[{"not_picked":["Seeing Red","Shrug It Off"],"picked":"Feel No Pain","floor":1.0},{"not_picked":["Sword Boomerang","Armaments"],"picked":"Spot Weakness","floor":4.0},{"not_picked":["Metallicize","Twin Strike"],"picked":"Uppercut","floor":5.0},{"not_picked":["Seeing Red","Headbutt"],"picked":"Flame Barrier","floor":6},{"not_picked":["Clash","Clothesline"],"picked":"Sword Boomerang","floor":8},{"not_picked":["Flex","Power Through","Body Slam"],"picked":"SKIP","floor":11},{"not_picked":["Cleave","Seeing Red"],"picked":"Shrug It Off","floor":14}],"player_experience":1405123,"relics_obtained":[{"floor":6,"key":"Bottled Lightning"},{"floor":9,"key":"Frozen Egg 2"},{"floor":12,"key":"Odd Mushroom"}],"event_choices":[{"cards_removed":["Strike_R"],"damage_healed":0.0,"max_hp_gain":0.0,"max_hp_loss":0.0,"gold_gain":0.0,"event_name":"The Cleric","player_choice":"Card Removal","floor":2.0,"gold_loss":75.0,"damage_taken":0.0},{"damage_healed":0.0,"max_hp_gain":0.0,"max_hp_loss":0.0,"gold_gain":0.0,"event_name":"FaceTrader","player_choice":"Leave","floor":3.0,"gold_loss":0.0,"damage_taken":0.0},{"damage_healed":0,"gold_gain":0,"player_choice":"Fought Mushrooms","damage_taken":0,"max_hp_gain":0,"max_hp_loss":0,"event_name":"Mushrooms","floor":12,"gold_loss":0},{"damage_healed":0,"gold_gain":0,"player_choice":"Upgraded","damage_taken":0,"max_hp_gain":0,"max_hp_loss":0,"event_name":"Upgrade Shrine","floor":13,"gold_loss":0,"cards_upgraded":["Spot Weakness"]}],"is_beta":false,"boss_relics":[],"items_purged_floors":[],"is_endless":false,"potions_floor_spawned":[1,5,11,12,14],"killed_by":"Hexaghost","ascension_level":20}