{"gold_per_floor":[111,42,52,52,52,86,105,134,134,146,157,157,157,183,183,288,288,305,8,8,22,35,62,62,95,95,105,137,137,137,17,17,112,112,126,126,1,11,111,144,159,172,172,172,201,201,201,220,220,220],"floor_reached":51,"playtime":2966,"items_purged":["Strike_B"],"score":1046,"play_id":"75d9db4a-d844-499c-af3b-f781c484df65","local_time":"20190411000711","is_ascension_mode":true,"campfire_choices":[{"data":"Fission","floor":13,"key":"SMITH"},{"data":"Sunder","floor":15,"key":"SMITH"},{"data":"Echo Form","floor":24,"key":"SMITH"},{"data":"Loop","floor":30,"key":"SMITH"},{"data":"Coolheaded","floor":32,"key":"SMITH"},{"floor":46,"key":"REST"},{"floor":49,"key":"REST"}],"neow_cost":"NONE","seed_source_timestamp":28201252752578,"circlet_count":0,"master_deck":["Strike_B+1","Defend_B+1","Defend_B+1","Defend_B+1","Defend_B+1","Zap","Dualcast","Doom and Gloom","Sunder+1","Cold Snap","FTL","Conserve Battery","Steam","Fission+1","Reinforced Body","Echo Form+1","Steam+1","Fission+1","FTL","Coolheaded+1","BootSequence","Reinforced Body+1","Reboot","Loop+1","Ball Lightning+1","Biased Cognition","Sweeping Beam","BootSequence","Static Discharge+1","Melter","Steam+1","Steam+1","All For One","Redo+1"],"relics":["Cracked Core","Mercury Hourglass","The Courier","Sundial","Centennial Puzzle","Cursed Key","DollysMirror","Ornamental Fan","Art of War","Red Mask","Oddly Smooth Stone","Fusion Hammer","Bag of Preparation","Unceasing Top","Prayer Wheel","StoneCalendar"],"potions_floor_usage":[16,40,45,45,50,50],"damage_taken":[{"damage":1,"enemies":"Cultist","floor":1,"turns":3},{"damage":0,"enemies":"2 Louse","floor":3,"turns":1},{"damage":25,"enemies":"Lagavulin","floor":6,"turns":5},{"damage":0,"enemies":"Small Slimes","floor":7,"turns":2},{"damage":16,"enemies":"3 Sentries","floor":8,"turns":4},{"damage":0,"enemies":"Exordium Wildlife","floor":10,"turns":3},{"damage":2,"enemies":"Large Slime","floor":11,"turns":4},{"damage":16,"enemies":"Gremlin Nob","floor":14,"turns":3},{"damage":13,"enemies":"Hexaghost","floor":16,"turns":10},{"damage":10,"enemies":"Shell Parasite","floor":18,"turns":4},{"damage":4,"enemies":"3 Byrds","floor":21,"turns":3},{"damage":0,"enemies":"Centurion and Healer","floor":22,"turns":6},{"damage":0,"enemies":"Book of Stabbing","floor":23,"turns":6},{"damage":5,"enemies":"Gremlin Leader","floor":25,"turns":7},{"damage":0,"enemies":"Cultist and Chosen","floor":27,"turns":3},{"damage":2,"enemies":"Masked Bandits","floor":28,"turns":3},{"damage":29,"enemies":"Collector","floor":33,"turns":13},{"damage":4,"enemies":"3 Shapes","floor":35,"turns":4},{"damage":0,"enemies":"Orb Walker","floor":38,"turns":3},{"damage":0,"enemies":"Mind Bloom Boss Battle","floor":39,"turns":3},{"damage":12,"enemies":"Reptomancer","floor":40,"turns":8},{"damage":20,"enemies":"Sphere and 2 Shapes","floor":41,"turns":6},{"damage":8,"enemies":"Spire Growth","floor":42,"turns":4},{"damage":18,"enemies":"Giant Head","floor":45,"turns":9},{"damage":0,"enemies":"4 Shapes","floor":48,"turns":4},{"damage":25,"enemies":"Donu and Deca","floor":50,"turns":11}],"seed_played":"1125038574163729022","potions_obtained":[{"floor":1,"key":"Block Potion"},{"floor":6,"key":"Strength Potion"},{"floor":7,"key":"Energy Potion"},{"floor":8,"key":"Block Potion"},{"floor":22,"key":"LiquidBronze"},{"floor":42,"key":"Fire Potion"},{"floor":45,"key":"EssenceOfSteel"}],"is_trial":false,"path_per_floor":["M","$","M","?","?","E","M","E","T","M","M","?","R","E","R","B",null,"M","$","?","M","M","E","R","E","T","M","?","?","R","$","R","B",null,"M","?","$","M","?","E","M","M","T","?","E","R","?","M","R","B",null],"character_chosen":"DEFECT","items_purchased":["Sunder","DollysMirror","FTL","Coolheaded","Oddly Smooth Stone","Bag of Preparation"],"campfire_rested":2,"item_purchase_floors":[2,19,19,19,31,37],"current_hp_per_floor":[74,74,74,74,74,49,49,33,33,33,31,36,36,20,20,7,67,57,57,57,53,53,53,53,48,48,48,46,46,46,46,46,17,70,66,66,66,66,66,54,34,26,26,26,8,32,32,32,56,31],"gold":220,"neow_bonus":"TEN_PERCENT_HP_BONUS","is_prod":false,"is_daily":false,"chose_seed":false,"campfire_upgraded":5,"win_rate":0,"timestamp":1554952031,"path_taken":["M","?","M","?","?","E","?","E","T","M","M","?","R","E","R","BOSS","M","$","?","M","M","E","R","E","T","M","?","?","R","$","R","BOSS","M","?","$","M","?","E","M","M","T","?","E","R","?","M","R","BOSS"],"build_version":"2019-01-23","purchased_purges":1,"victory":true,"max_hp_per_floor":[82,82,82,82,82,82,82,82,82,82,82,87,87,87,87,87,87,87,87,87,87,87,87,87,87,87,87,87,87,87,87,87,87,87,87,83,83,83,83,83,83,83,83,83,83,83,83,83,83,83],"card_choices":[{"not_picked":["Darkness","Force Field"],"picked":"Doom and Gloom","floor":1},{"not_picked":["Chaos","Steam Power","Heatsinks"],"picked":"SKIP","floor":3},{"not_picked":["Hologram","Redo"],"picked":"Cold Snap","floor":6},{"not_picked":["Turbo","Beam Cell"],"picked":"FTL","floor":7},{"not_picked":["Coolheaded","Compile Driver"],"picked":"Conserve Battery","floor":8},{"not_picked":["Barrage","Gash"],"picked":"Steam","floor":10},{"not_picked":["Redo","Coolheaded"],"picked":"Fission","floor":11},{"not_picked":["Lockon","Redo"],"picked":"Reinforced Body","floor":14},{"not_picked":["Core Surge","All For One"],"picked":"Echo Form","floor":16},{"not_picked":["Rip and Tear","Turbo"],"picked":"Steam+1","floor":18},{"not_picked":["Conserve Battery","Darkness"],"picked":"BootSequence","floor":21},{"not_picked":["Recycle","Beam Cell"],"picked":"Reinforced Body+1","floor":22},{"not_picked":["Beam Cell","Turbo"],"picked":"Reboot","floor":23},{"not_picked":["Aggregate","Gash","Reprogram+1"],"picked":"SKIP","floor":25},{"not_picked":["Darkness","Turbo+1"],"picked":"Loop","floor":27},{"not_picked":["Heatsinks","Beam Cell+1"],"picked":"Ball Lightning+1","floor":28},{"not_picked":["Rainbow","Fission"],"picked":"Biased Cognition","floor":33},{"not_picked":["Redo","Cold Snap+1"],"picked":"Sweeping Beam","floor":35},{"not_picked":["Stack+1","Compile Driver"],"picked":"BootSequence","floor":38},{"not_picked":["Gash+1","Streamline"],"picked":"Static Discharge+1","floor":39},{"not_picked":["Beam Cell+1","Go for the Eyes"],"picked":"Melter","floor":40},{"not_picked":["Gash","Chaos","Self Repair"],"picked":"SKIP","floor":41},{"not_picked":["Gash+1","Rebound+1","Beam Cell+1"],"picked":"SKIP","floor":41},{"not_picked":["Storm","Rebound+1"],"picked":"Steam+1","floor":42},{"not_picked":["Recycle","Aggregate"],"picked":"Steam+1","floor":42},{"not_picked":["Coolheaded+1","Chill+1"],"picked":"All For One","floor":45},{"not_picked":["Beam Cell+1","Ball Lightning"],"picked":"Redo+1","floor":48},{"not_picked":["Coolheaded","Redo","Doom and Gloom"],"picked":"SKIP","floor":48}],"player_experience":588439,"relics_obtained":[{"floor":6,"key":"Mercury Hourglass"},{"floor":8,"key":"The Courier"},{"floor":9,"key":"Sundial"},{"floor":14,"key":"Centennial Puzzle"},{"floor":23,"key":"Ornamental Fan"},{"floor":25,"key":"Art of War"},{"floor":28,"key":"Red Mask"},{"floor":39,"key":"Unceasing Top"},{"floor":40,"key":"Prayer Wheel"},{"floor":45,"key":"StoneCalendar"}],"event_choices":[{"damage_healed":0,"gold_gain":0,"player_choice":"Ignored","damage_taken":0,"max_hp_gain":0,"max_hp_loss":0,"event_name":"Shining Light","floor":4,"gold_loss":0},{"damage_healed":0,"gold_gain":0,"player_choice":"Fled","damage_taken":0,"max_hp_gain":0,"max_hp_loss":0,"event_name":"Scrap Ooze","floor":5,"gold_loss":0},{"damage_healed":0,"gold_gain":0,"player_choice":"Donut","damage_taken":0,"max_hp_gain":5,"max_hp_loss":0,"event_name":"Big Fish","floor":12,"gold_loss":0},{"damage_healed":0,"gold_gain":0,"player_choice":"Simplicity","damage_taken":0,"max_hp_gain":0,"max_hp_loss":0,"event_name":"Back to Basics","floor":20,"gold_loss":0,"cards_upgraded":["Strike_B","Strike_B","Strike_B","Defend_B","Defend_B","Defend_B","Defend_B"]},{"damage_healed":0,"gold_gain":0,"player_choice":"Fought Bandits","damage_taken":0,"max_hp_gain":0,"max_hp_loss":0,"event_name":"Masked Bandits","floor":28,"gold_loss":0},{"damage_healed":0,"gold_gain":0,"player_choice":"Ignored","damage_taken":0,"max_hp_gain":0,"max_hp_loss":0,"event_name":"Beggar","floor":29,"gold_loss":0},{"damage_healed":0,"gold_gain":0,"player_choice":"Max HP","damage_taken":0,"max_hp_gain":0,"max_hp_loss":4,"event_name":"Winding Halls","floor":36,"gold_loss":0},{"damage_healed":0,"gold_gain":0,"player_choice":"Fight","damage_taken":0,"max_hp_gain":0,"max_hp_loss":0,"event_name":"MindBloom","floor":39,"gold_loss":0},{"cards_removed":["Strike_B"],"damage_healed":0,"gold_gain":0,"player_choice":"Removed Attack","damage_taken":0,"max_hp_gain":0,"max_hp_loss":0,"event_name":"Falling","floor":44,"gold_loss":0},{"cards_removed":["Strike_B"],"damage_healed":0,"gold_gain":0,"player_choice":"Offered Basic","damage_taken":0,"max_hp_gain":0,"max_hp_loss":0,"event_name":"Bonfire Elementals","floor":47,"gold_loss":0}],"is_beta":false,"boss_relics":[{"not_picked":["Busted Crown","Coffee Dripper"],"picked":"Cursed Key"},{"not_picked":["Black Star","Eternal Feather"],"picked":"Fusion Hammer"}],"items_purged_floors":[19],"is_endless":false,"potions_floor_spawned":[1,6,7,8,11,22,23,27,33,42,45],"ascension_level":7}