{"gold_per_floor":[113,113,113,123,137,137,147,180,203,213,246,3,3,3,3,74,74,94,94,94,94,114,114,114],"floor_reached":24,"playtime":1017,"items_purged":[],"score":508,"play_id":"be764376-31be-4394-bcd5-8477618d7abd","local_time":"20190104192150","is_ascension_mode":true,"campfire_choices":[{"data":"Juggernaut","floor":6.0,"key":"SMITH"},{"floor":13.0,"key":"REST"},{"data":"Bludgeon","floor":15.0,"key":"SMITH"},{"floor":23.0,"key":"REST"}],"neow_cost":"PERCENT_DAMAGE","seed_source_timestamp":0,"circlet_count":0,"master_deck":["AscendersBane","Strike_R","Strike_R","Strike_R","Strike_R+1","Strike_R+1","Defend_R","Defend_R","Defend_R","Defend_R","Bash","Bludgeon+1","Iron Wave","Juggernaut+1","Shrug It Off","Feel No Pain","Offering","Burning Pact","Twin Strike","Battle Trance","Barricade","Offering"],"special_seed":0,"relics":["Burning Blood","Bag of Marbles","Bag of Preparation","Regal Pillow","Membership Card","Black Star","MutagenicStrength"],"potions_floor_usage":[],"damage_taken":[{"damage":0.0,"enemies":"2 Louse","floor":1.0,"turns":3.0},{"damage":0.0,"enemies":"Small Slimes","floor":4.0,"turns":3.0},{"damage":1.0,"enemies":"Cultist","floor":5.0,"turns":3.0},{"damage":12.0,"enemies":"3 Louse","floor":7.0,"turns":5.0},{"damage":16.0,"enemies":"3 Sentries","floor":8.0,"turns":6.0},{"damage":6.0,"enemies":"Blue Slaver","floor":10.0,"turns":2.0},{"damage":9.0,"enemies":"Lagavulin","floor":11.0,"turns":6.0},{"damage":6.0,"enemies":"Slime Boss","floor":16.0,"turns":5.0},{"damage":28.0,"enemies":"2 Thieves","floor":18.0,"turns":3.0},{"damage":6.0,"enemies":"Chosen","floor":22.0,"turns":1.0},{"damage":73,"enemies":"Gremlin Leader","floor":24,"turns":4}],"seed_played":"8575943033129532724","potions_obtained":[{"floor":4.0,"key":"SteroidPotion"},{"floor":5.0,"key":"SkillPotion"},{"floor":7.0,"key":"Block Potion"},{"floor":10.0,"key":"Dexterity Potion"}],"is_trial":false,"path_per_floor":["M","?","?","M","M","R","M","E","T","M","E","$","R","?","R","B",null,"M","?","?","?","M","R","E"],"character_chosen":"IRONCLAD","items_purchased":["Membership Card","Battle Trance"],"campfire_rested":2,"item_purchase_floors":[12,12],"current_hp_per_floor":[56,33,33,39,44,44,38,28,28,28,25,25,62,62,62,62,72,50,50,29,29,29,68,0],"gold":114,"neow_bonus":"THREE_RARE_CARDS","is_prod":false,"is_daily":false,"chose_seed":false,"campfire_upgraded":2,"win_rate":0,"timestamp":1546626110,"path_taken":["M","?","?","?","M","R","M","E","T","M","E","$","R","?","R","BOSS","M","?","?","?","?","R","E"],"build_version":"2019-01-03v3","purchased_purges":0,"victory":false,"max_hp_per_floor":[75,75,75,75,75,75,75,75,75,75,75,75,75,75,75,75,75,75,75,80,80,80,80,80],"card_choices":[{"not_picked":["Impervious","Fiend Fire"],"picked":"Bludgeon","floor":0.0},{"not_picked":["Clothesline","Burning Pact"],"picked":"Iron Wave","floor":1.0},{"not_picked":["Clothesline","Twin Strike"],"picked":"Shrug It Off","floor":4.0},{"not_picked":["Anger","Flex"],"picked":"Feel No Pain","floor":5.0},{"not_picked":["Clothesline","Dual Wield"],"picked":"Offering","floor":7.0},{"not_picked":["Flex","Hemokinesis"],"picked":"Burning Pact","floor":8.0},{"not_picked":["Carnage","Warcry","Cleave"],"picked":"SKIP","floor":10.0},{"not_picked":["Headbutt","Bloodletting"],"picked":"Twin Strike","floor":11.0},{"not_picked":["Impervious","Limit Break"],"picked":"Barricade","floor":16.0},{"not_picked":["Evolve","Thunderclap","Rupture"],"picked":"SKIP","floor":18.0},{"not_picked":["Anger+1","Twin Strike","Thunderclap"],"picked":"SKIP","floor":22.0}],"player_experience":1105022,"relics_obtained":[{"floor":8.0,"key":"Bag of Marbles"},{"floor":9.0,"key":"Bag of Preparation"},{"floor":11.0,"key":"Regal Pillow"}],"event_choices":[{"damage_healed":0.0,"max_hp_gain":0.0,"max_hp_loss":0.0,"gold_gain":0.0,"event_name":"Shining Light","player_choice":"Entered Light","floor":2.0,"gold_loss":0.0,"damage_taken":23.0,"cards_upgraded":["Strike_R","Strike_R"]},{"damage_healed":0.0,"max_hp_gain":0.0,"max_hp_loss":0.0,"gold_gain":0.0,"event_name":"Match and Keep!","player_choice":"1 cards matched","floor":3.0,"gold_loss":0.0,"damage_taken":0.0,"cards_obtained":["Juggernaut"]},{"damage_healed":0.0,"max_hp_gain":0.0,"max_hp_loss":0.0,"gold_gain":0.0,"event_name":"Golden Idol","player_choice":"Ignored","floor":14.0,"gold_loss":0.0,"damage_taken":0.0},{"damage_healed":0.0,"max_hp_gain":0.0,"max_hp_loss":0.0,"gold_gain":0.0,"event_name":"Drug Dealer","player_choice":"Inject Mutagens","floor":19.0,"gold_loss":0.0,"damage_taken":0.0,"relics_obtained":["MutagenicStrength"]},{"damage_healed":0.0,"max_hp_gain":5.0,"max_hp_loss":0.0,"gold_gain":0.0,"event_name":"Forgotten Altar","player_choice":"Shed Blood","floor":20.0,"gold_loss":0.0,"damage_taken":26.0},{"damage_healed":0.0,"max_hp_gain":0.0,"max_hp_loss":0.0,"gold_gain":0.0,"event_name":"Duplicator","player_choice":"Copied","floor":21.0,"gold_loss":0.0,"damage_taken":0.0,"cards_obtained":["Offering"]}],"is_beta":false,"boss_relics":[{"not_picked":["Calling Bell","Runic Dome"],"picked":"Black Star"}],"items_purged_floors":[],"is_endless":false,"potions_floor_spawned":[4,5,7,10],"killed_by":"Gremlin Leader","ascension_level":20}