{"path_per_floor":["M","$","?","$","M","E","R","?","T","R","M","M","E","?","R","B",null,"M","$","M","M","M","E","R","M","T","R","$","R","?","M","R","B",null,"M","?","$","M","M","E","?","E","T","M","R","?","M","$","R"],"character_chosen":"IRONCLAD","items_purchased":["Apotheosis","Limit Break","Corruption","Metallicize","Combust","Secret Weapon"],"gold_per_floor":[360,19,19,19,33,65,65,65,65,65,80,90,115,115,115,213,213,232,107,123,137,153,183,183,202,202,202,152,152,152,170,170,268,268,285,285,156,167,183,214,214,245,245,257,257,257,267,29,29,29],"floor_reached":50,"campfire_rested":2,"playtime":10530,"current_hp_per_floor":[80,80,77,77,80,68,68,73,73,73,79,74,58,58,58,28,85,71,71,63,58,49,42,42,22,22,47,47,72,56,60,60,57,85,55,45,45,65,77,26,18,60,60,57,57,57,66,66,66,0],"items_purged":["Strike_R","Defend_R","Strike_R","Defend_R","Strike_R"],"gold":29,"score":583,"play_id":"5517383e-aec2-4143-b04a-3cb774f6fd50","local_time":"20180523152846","is_prod":false,"is_daily":false,"chose_seed":false,"is_ascension_mode":true,"campfire_upgraded":7,"timestamp":1527114526,"campfire_choices":[{"data":"Apotheosis","floor":7.0,"key":"SMITH"},{"data":"Armaments","floor":10.0,"key":"SMITH"},{"data":"Spot Weakness","floor":15.0,"key":"SMITH"},{"data":"Limit Break","floor":24.0,"key":"SMITH"},{"floor":27.0,"key":"REST"},{"floor":29.0,"key":"REST"},{"data":"Limit Break","floor":32.0,"key":"SMITH"},{"data":"Searing Blow","floor":45.0,"key":"SMITH"},{"data":"Secret Weapon","floor":49.0,"key":"SMITH"}],"path_taken":["M","$","?","?","M","E","R","?","T","R","?","M","E","?","R","BOSS","M","$","M","M","M","E","R","M","T","R","?","R","?","M","R","BOSS","M","?","$","?","M","E","?","E","T","M","R","?","M","$","R","BOSS"],"build_version":"2018-05-17","seed_source_timestamp":0,"purchased_purges":5,"victory":false,"master_deck":["Strike_R","Strike_R","Defend_R","Defend_R","Bash","Clumsy","Armaments+1","Apotheosis+1","Limit Break+1","Spot Weakness+1","Second Wind","Iron Wave+1","Headbutt","Reaper","Feel No Pain+1","Whirlwind","Iron Wave","Searing Blow+1","Corruption+1","Inflame+1","Limit Break+1","Barricade+1","Panache+1","Secret Technique","Bandage Up","Metallicize+1","Seeing Red","Combust+1","Secret Weapon+1"],"max_hp_per_floor":[80,80,80,80,80,80,80,85,85,85,85,85,85,85,85,85,85,85,85,85,85,85,85,85,85,85,85,85,85,85,85,85,85,85,85,85,85,85,85,85,85,85,85,85,85,85,85,85,85,85],"relics":["Burning Blood","Lantern","Frozen Egg 2","Smiling Mask","Shuriken","Orrery","Pen Nib","Meat on the Bone","Enchiridion","Lizard Tail","Omamori","The Courier","Gambling Chip"],"card_choices":[{"not_picked":["Heavy Blade","True Grit"],"picked":"Armaments","floor":1.0},{"not_picked":["Berserk","Perfected Strike"],"picked":"Spot Weakness","floor":5.0},{"not_picked":["Twin Strike","Clothesline","Cleave"],"picked":"SKIP","floor":6.0},{"not_picked":["Shrug It Off","Perfected Strike"],"picked":"Second Wind","floor":11.0},{"not_picked":["Clash","Anger"],"picked":"Iron Wave","floor":12.0},{"not_picked":["Clash","Havoc"],"picked":"Headbutt","floor":13.0},{"not_picked":["Berserk+1","Limit Break"],"picked":"Reaper","floor":16.0},{"not_picked":["Searing Blow","Warcry"],"picked":"Feel No Pain+1","floor":17.0},{"not_picked":["Feel No Pain+1","Anger"],"picked":"Whirlwind","floor":17.0},{"not_picked":["Dropkick","Twin Strike"],"picked":"True Grit","floor":17.0},{"not_picked":["Ghostly Armor","Shrug It Off"],"picked":"Iron Wave","floor":17.0},{"not_picked":["Clothesline","Blood for Blood"],"picked":"Searing Blow","floor":17.0},{"not_picked":["Flex","Battle Trance","Body Slam"],"picked":"SKIP","floor":18.0},{"not_picked":["Warcry+1","Sword Boomerang","Body Slam"],"picked":"SKIP","floor":20.0},{"not_picked":["Impervious","Combust+1"],"picked":"Inflame+1","floor":21.0},{"not_picked":["Armaments","Flex","Shockwave"],"picked":"SKIP","floor":22.0},{"not_picked":["Dark Embrace+1","Power Through"],"picked":"Limit Break","floor":23.0},{"not_picked":["Flex","Second Wind","Power Through"],"picked":"SKIP","floor":25.0},{"not_picked":["Twin Strike","Clash","Rupture+1"],"picked":"SKIP","floor":31.0},{"not_picked":["Bludgeon","Immolate"],"picked":"Barricade+1","floor":33.0},{"not_picked":["Body Slam","Havoc","Rage+1"],"picked":"SKIP","floor":35.0},{"not_picked":["Trip","Sadistic Nature"],"picked":"Panache","floor":36.0},{"not_picked":["Master of Strategy","Deep Breath"],"picked":"Secret Technique","floor":36.0},{"not_picked":["Madness","Transmutation"],"picked":"Bandage Up","floor":36.0},{"not_picked":["Headbutt","Fire Breathing+1","Clash+1"],"picked":"SKIP","floor":38.0},{"not_picked":["Thunderclap+1","Warcry"],"picked":"Seeing Red","floor":39.0},{"not_picked":["Pommel Strike","Shrug It Off+1","Warcry"],"picked":"SKIP","floor":40.0},{"not_picked":["Sever Soul+1","Anger+1","Clash"],"picked":"SKIP","floor":42.0},{"not_picked":["Fire Breathing+1","Second Wind","Pummel+1"],"picked":"SKIP","floor":44.0},{"not_picked":["Wild Strike+1","Twin Strike+1","Shrug It Off"],"picked":"SKIP","floor":47.0}],"player_experience":408739,"potions_floor_usage":[],"damage_taken":[{"damage":1.0,"enemies":"Cultist","floor":1.0,"turns":4.0},{"damage":0.0,"enemies":"2 Louse","floor":5.0,"turns":3.0},{"damage":18.0,"enemies":"Lagavulin","floor":6.0,"turns":9.0},{"damage":0.0,"enemies":"Small Slimes","floor":11.0,"turns":2.0},{"damage":11.0,"enemies":"Blue Slaver","floor":12.0,"turns":5.0},{"damage":22.0,"enemies":"3 Sentries","floor":13.0,"turns":7.0},{"damage":36.0,"enemies":"The Guardian","floor":16.0,"turns":10.0},{"damage":20.0,"enemies":"Shell Parasite","floor":18.0,"turns":6.0},{"damage":17.0,"enemies":"Chosen","floor":20.0,"turns":8.0},{"damage":11.0,"enemies":"Sentry and Sphere","floor":21.0,"turns":7.0},{"damage":27.0,"enemies":"Chosen and Byrds","floor":22.0,"turns":7.0},{"damage":30.0,"enemies":"Book of Stabbing","floor":23.0,"turns":6.0},{"damage":34.0,"enemies":"Snake Plant","floor":25.0,"turns":3.0},{"damage":5.0,"enemies":"Snecko","floor":31.0,"turns":5.0},{"damage":75.0,"enemies":"Collector","floor":33.0,"turns":7.0},{"damage":36.0,"enemies":"Orb Walker","floor":35.0,"turns":6.0},{"damage":29.0,"enemies":"3 Shapes","floor":38.0,"turns":5.0},{"damage":0.0,"enemies":"Maw","floor":39.0,"turns":7.0},{"damage":83.0,"enemies":"2 Orb Walkers","floor":40.0,"turns":5.0},{"damage":38.0,"enemies":"Nemesis","floor":42.0,"turns":7.0},{"damage":15.0,"enemies":"3 Darklings","floor":44.0,"turns":5.0},{"damage":1.0,"enemies":"Sphere and 2 Shapes","floor":47.0,"turns":3.0},{"damage":70,"enemies":"Donu and Deca","floor":50,"turns":5}],"relics_obtained":[{"floor":6.0,"key":"Frozen Egg 2"},{"floor":9.0,"key":"Smiling Mask"},{"floor":13.0,"key":"Shuriken"},{"floor":23.0,"key":"Pen Nib"},{"floor":26.0,"key":"Meat on the Bone"},{"floor":30.0,"key":"Enchiridion"},{"floor":40.0,"key":"Omamori"},{"floor":42.0,"key":"The Courier"},{"floor":43.0,"key":"Gambling Chip"}],"event_choices":[{"event_name":"Scrap Ooze","player_choice":"success","floor":3.0,"damage_taken":3.0},{"event_name":"Big Fish","player_choice":"Donut","floor":8.0,"damage_taken":0.0},{"event_name":"Upgrade Shrine","player_choice":"Upgraded","floor":14.0,"damage_taken":0.0},{"event_name":"Cursed Tome","player_choice":"Obtained Book","floor":30.0,"damage_taken":0.0},{"event_name":"SensoryStone","player_choice":"Memory 3","floor":36.0,"damage_taken":0.0},{"event_name":"Wheel of Change","player_choice":"Damage","floor":41.0,"damage_taken":0.0}],"boss_relics":[],"potions_floor_spawned":[5,6,12,18,21,22,23,33,38,42,47],"seed_played":"-5334639143047401317","killed_by":"Donu and Deca","ascension_level":1,"potions_obtained":[{"floor":5.0,"key":"LiquidBronze"},{"floor":6.0,"key":"GamblersBrew"},{"floor":12.0,"key":"Energy Potion"},{"floor":18.0,"key":"PowerPotion"},{"floor":21.0,"key":"SpeedPotion"},{"floor":22.0,"key":"FairyPotion"},{"floor":23.0,"key":"BloodPotion"},{"floor":33.0,"key":"Fire Potion"},{"floor":38.0,"key":"SteroidPotion"},{"floor":42.0,"key":"Energy Potion"},{"floor":47.0,"key":"Explosive Potion"}],"is_trial":false}