{"gold_per_floor":[118,118,43,43,118,146,146,146,146,173,123,133,7,7,7,109,109,124,134,84,102,117,145,145,21,21,51,51,51,1,20,20,124,124,138,138,138],"floor_reached":38,"playtime":4954,"items_purged":["Strike_R","Defend_R","Strike_R","Defend_R","Bash","Rupture"],"score":751,"play_id":"00f85ea9-1f0d-4746-9b42-8c8aab11176e","local_time":"20180821224528","is_ascension_mode":true,"campfire_choices":[{"floor":7.0,"key":"REST"},{"data":"True Grit","floor":15.0,"key":"SMITH"},{"floor":24.0,"key":"REST"},{"floor":28.0,"key":"REST"},{"floor":32.0,"key":"REST"}],"neow_cost":"TEN_PERCENT_HP_LOSS","seed_source_timestamp":0,"circlet_count":0,"master_deck":["Blood for Blood+1","Double Tap+1","Iron Wave+1","Body Slam","True Grit+1","Entrench","Immolate","Evolve+1","Armaments+1","Metallicize","Offering"],"special_seed":0,"relics":["Burning Blood","Potion Belt","Nunchaku","Smiling Mask","Juzu Bracelet","Empty Cage","Singing Bowl","Champion Belt","Vajra","Mark of Pain"],"potions_floor_usage":[37],"damage_taken":[{"damage":3.0,"enemies":"Jaw Worm","floor":1.0,"turns":4.0},{"damage":20.0,"enemies":"Gremlin Nob","floor":6.0,"turns":4.0},{"damage":5.0,"enemies":"3 Sentries","floor":10.0,"turns":8.0},{"damage":1.0,"enemies":"Cultist","floor":12.0,"turns":3.0},{"damage":36.0,"enemies":"Slime Boss","floor":16.0,"turns":9.0},{"damage":15.0,"enemies":"Shell Parasite","floor":18.0,"turns":4.0},{"damage":0.0,"enemies":"Chosen","floor":19.0,"turns":6.0},{"damage":18.0,"enemies":"3 Cultists","floor":21.0,"turns":3.0},{"damage":1.0,"enemies":"Snake Plant","floor":22.0,"turns":3.0},{"damage":55.0,"enemies":"Slavers","floor":23.0,"turns":5.0},{"damage":33.0,"enemies":"Gremlin Leader","floor":27.0,"turns":7.0},{"damage":2.0,"enemies":"Cultist and Chosen","floor":31.0,"turns":6.0},{"damage":71.0,"enemies":"Automaton","floor":33.0,"turns":11.0},{"damage":6.0,"enemies":"Flame Bruiser 1 Orb","floor":35.0,"turns":3.0},{"damage":33,"enemies":"Donu and Deca","floor":37,"turns":6}],"seed_played":"-64325922911686032","potions_obtained":[{"floor":10.0,"key":"PowerPotion"},{"floor":16.0,"key":"FearPotion"},{"floor":18.0,"key":"SneckoOil"},{"floor":19.0,"key":"Swift Potion"},{"floor":22.0,"key":"SpeedPotion"},{"floor":31.0,"key":"Regen Potion"},{"floor":35.0,"key":"LiquidBronze"}],"is_trial":false,"path_per_floor":["M","?","$","?","?","E","R","?","T","E","$","M","$","?","R","B",null,"M","M","$","M","M","E","R","$","T","E","R","?","$","M","R","B",null,"M","?","B"],"character_chosen":"IRONCLAD","items_purchased":["Entrench","Metallicize"],"campfire_rested":4,"item_purchase_floors":[13,25],"current_hp_per_floor":[72,72,72,58,51,37,58,51,51,52,52,57,57,45,45,15,72,63,69,69,57,62,15,37,37,37,12,34,34,34,40,63,13,78,80,80,53],"gold":138,"neow_bonus":"TRANSFORM_TWO_CARDS","is_prod":false,"is_daily":false,"chose_seed":false,"campfire_upgraded":1,"win_rate":0,"timestamp":1534916728,"path_taken":["M","?","$","?","?","E","R","?","T","E","$","M","$","?","R","BOSS","M","M","$","M","M","E","R","$","T","E","R","?","$","M","R","BOSS","M","?","BOSS"],"build_version":"2018-08-16","purchased_purges":6,"victory":true,"max_hp_per_floor":[72,72,72,72,72,72,72,72,72,72,72,72,72,72,72,72,72,72,72,72,72,72,74,74,74,74,76,76,76,76,78,78,78,78,80,80,80],"card_choices":[{"not_picked":["Anger","Thunderclap"],"picked":"Iron Wave","floor":1.0},{"not_picked":["Blood for Blood","Cleave"],"picked":"Body Slam","floor":6.0},{"not_picked":["Headbutt","Flex"],"picked":"True Grit","floor":10.0},{"not_picked":["Heavy Blade","Headbutt"],"picked":"Rupture","floor":12.0},{"not_picked":["Berserk","Double Tap"],"picked":"Immolate","floor":16.0},{"not_picked":["Second Wind+1","Flex+1","Anger"],"picked":"SKIP","floor":18.0},{"not_picked":["Second Wind","Sword Boomerang"],"picked":"Evolve+1","floor":19.0},{"not_picked":["Clash+1","Anger"],"picked":"Armaments+1","floor":21.0},{"not_picked":["Body Slam","Infernal Blade+1","Perfected Strike"],"picked":"SKIP","floor":22.0},{"not_picked":["Bludgeon","Warcry","Evolve+1"],"picked":"Singing Bowl","floor":23.0},{"not_picked":["Hemokinesis","Iron Wave+1","Clothesline+1"],"picked":"Singing Bowl","floor":27.0},{"not_picked":["Heavy Blade","Pummel","Havoc+1"],"picked":"Singing Bowl","floor":31.0},{"not_picked":["Berserk","Double Tap"],"picked":"Offering","floor":33.0},{"not_picked":["Whirlwind+1","Pommel Strike","Infernal Blade"],"picked":"Singing Bowl","floor":35.0}],"player_experience":698092,"relics_obtained":[{"floor":6.0,"key":"Potion Belt"},{"floor":9.0,"key":"Nunchaku"},{"floor":10.0,"key":"Smiling Mask"},{"floor":23.0,"key":"Singing Bowl"},{"floor":26.0,"key":"Champion Belt"},{"floor":27.0,"key":"Vajra"}],"event_choices":[{"event_name":"Upgrade Shrine","player_choice":"Upgraded","floor":2.0,"damage_taken":0.0},{"event_name":"Shining Light","player_choice":"Entered Light","floor":4.0,"damage_taken":0.0},{"event_name":"FaceTrader","player_choice":"Touch","floor":5.0,"damage_taken":0.0},{"event_name":"Golden Wing","player_choice":"Card Removal","floor":8.0,"damage_taken":0.0},{"event_name":"Scrap Ooze","player_choice":"success","floor":14.0,"damage_taken":12.0},{"event_name":"Beggar","player_choice":"Ignored","floor":29.0,"damage_taken":0.0},{"event_name":"SecretPortal","player_choice":"Took Portal.","floor":36.0,"damage_taken":0.0}],"is_beta":false,"boss_relics":[{"not_picked":["Runic Dome","Tiny House"],"picked":"Empty Cage"},{"not_picked":["Orrery","White Beast Statue"],"picked":"Mark of Pain"}],"items_purged_floors":[3,11,13,20,25,30],"is_endless":false,"potions_floor_spawned":[10,16,18,19,22,31,35],"ascension_level":3}