{"gold_per_floor":[112,128,138,155,80,108,128,128],"floor_reached":8,"playtime":410,"items_purged":[],"score":105,"play_id":"5c3cc050-d528-4b4e-849d-d17a21f60a80","local_time":"20190406133820","is_ascension_mode":true,"campfire_choices":[],"neow_cost":"NONE","seed_source_timestamp":1410703427673,"circlet_count":0,"master_deck":["AscendersBane","Strike_R","Strike_R","Strike_R","Strike_R","Defend_R","Defend_R","Defend_R","Defend_R","Bash","Clothesline","Armaments","Shrug It Off"],"relics":["Burning Blood","NeowsBlessing","Bottled Lightning"],"potions_floor_usage":[7,8],"damage_taken":[{"damage":0,"enemies":"Cultist","floor":1,"turns":1},{"damage":0,"enemies":"Jaw Worm","floor":2,"turns":1},{"damage":0,"enemies":"Small Slimes","floor":3,"turns":1},{"damage":17,"enemies":"Blue Slaver","floor":4,"turns":5},{"damage":35,"enemies":"Lagavulin","floor":6,"turns":8},{"damage":33,"enemies":"Exordium Thugs","floor":7,"turns":9},{"damage":24,"enemies":"Gremlin Nob","floor":8,"turns":3}],"seed_played":"-8331276329096563210","potions_obtained":[{"floor":1,"key":"Regen Potion"},{"floor":6,"key":"Strength Potion"}],"is_trial":false,"path_per_floor":["M","M","M","M","?","E","M","E"],"character_chosen":"IRONCLAD","items_purchased":[],"campfire_rested":0,"item_purchase_floors":[],"current_hp_per_floor":[74,75,75,64,64,35,23,0],"gold":128,"neow_bonus":"THREE_ENEMY_KILL","is_prod":false,"is_daily":false,"chose_seed":false,"campfire_upgraded":0,"win_rate":0,"timestamp":1554568700,"path_taken":["M","M","M","M","?","E","M","E"],"build_version":"2019-01-23","purchased_purges":0,"victory":false,"max_hp_per_floor":[75,75,75,75,75,75,75,75],"card_choices":[{"not_picked":["Corruption","Sword Boomerang","Wild Strike"],"picked":"SKIP","floor":1},{"not_picked":["Pummel","Thunderclap"],"picked":"Clothesline","floor":2},{"not_picked":["Havoc","Clash","Wild Strike"],"picked":"SKIP","floor":3},{"not_picked":["Body Slam","True Grit"],"picked":"Armaments","floor":4},{"not_picked":["Searing Blow","Fiend Fire"],"picked":"Shrug It Off","floor":6},{"not_picked":["Armaments","Warcry","Infernal Blade"],"picked":"SKIP","floor":7}],"player_experience":526885,"relics_obtained":[{"floor":6,"key":"Bottled Lightning"}],"event_choices":[{"cards_removed":["Strike_R"],"damage_healed":0,"gold_gain":0,"player_choice":"Card Removal","damage_taken":0,"max_hp_gain":0,"max_hp_loss":0,"event_name":"The Cleric","floor":5,"gold_loss":75}],"is_beta":false,"boss_relics":[],"items_purged_floors":[],"is_endless":false,"potions_floor_spawned":[1,6],"killed_by":"Gremlin Nob","ascension_level":15}