{"gold_per_floor":[113,113,131,16,34,34,53,65,92,104,114,144,144,171,171,273,273,285,285,299,299,299,299,334,334],"floor_reached":25,"playtime":2081,"items_purged":["Strike_B"],"score":223,"play_id":"2a2b0b88-bcac-43d2-b711-9397a0d676c8","local_time":"20181130095908","is_ascension_mode":false,"campfire_choices":[{"floor":6.0,"key":"RECALL"},{"floor":15.0,"key":"REST"},{"floor":23,"key":"REST"}],"neow_cost":"NONE","seed_source_timestamp":0,"circlet_count":0,"master_deck":["Strike_B","Strike_B","Strike_B","Defend_B","Defend_B","Defend_B","Defend_B","Zap","Dualcast","Rebound","Genetic Algorithm","Genetic Algorithm","Fusion","Gash","Gash","Beam Cell","Scrape","Parasite","Creative AI","Turbo+1","Coolheaded","Zap","Self Repair","Gash","Lockon+1"],"special_seed":0,"relics":["Cracked Core","Bag of Preparation","PreservedInsect","Black Star","Oddly Smooth Stone","Orichalcum"],"potions_floor_usage":[16,18,18],"damage_taken":[{"damage":7.0,"enemies":"2 Louse","floor":1.0,"turns":2.0},{"damage":5.0,"enemies":"Cultist","floor":3.0,"turns":4.0},{"damage":2.0,"enemies":"Small Slimes","floor":5.0,"turns":4.0},{"damage":21.0,"enemies":"3 Louse","floor":7.0,"turns":3.0},{"damage":18.0,"enemies":"Gremlin Gang","floor":8.0,"turns":5.0},{"damage":1.0,"enemies":"Looter","floor":10.0,"turns":3.0},{"damage":5.0,"enemies":"3 Louse","floor":11.0,"turns":3.0},{"damage":17.0,"enemies":"3 Sentries","floor":14.0,"turns":7.0},{"damage":35,"enemies":"Hexaghost","floor":16,"turns":10},{"damage":19,"enemies":"Chosen","floor":18,"turns":6},{"damage":14,"enemies":"3 Byrds","floor":20,"turns":6},{"damage":47,"enemies":"Book of Stabbing","floor":24,"turns":6},{"damage":9,"enemies":"Snecko","floor":25,"turns":2}],"seed_played":"8463095325751013466","potions_obtained":[{"floor":2.0,"key":"Ancient Potion"},{"floor":2.0,"key":"Weak Potion"},{"floor":2.0,"key":"Energy Potion"},{"floor":16,"key":"Explosive Potion"},{"floor":20,"key":"GamblersBrew"},{"floor":24,"key":"Strength Potion"}],"is_trial":false,"path_per_floor":["M","?","M","$","M","R","M","M","T","M","M","?","?","E","R","B",null,"M","?","M","?","?","R","E","M"],"character_chosen":"DEFECT","items_purchased":["Fusion"],"campfire_rested":2,"item_purchase_floors":[4],"current_hp_per_floor":[68,68,63,63,61,61,40,22,22,21,16,16,34,17,39,4,75,56,56,42,42,28,52,5,0],"gold":334,"neow_bonus":"THREE_CARDS","is_prod":false,"is_daily":false,"chose_seed":false,"campfire_upgraded":0,"win_rate":0,"timestamp":1543600748,"path_taken":["M","?","M","$","M","R","M","M","T","?","M","?","?","E","R","BOSS","M","?","?","?","?","R","E","M"],"build_version":"2018-11-15","purchased_purges":1,"victory":false,"max_hp_per_floor":[75,75,75,75,75,75,75,75,75,75,75,75,75,75,75,75,75,75,75,75,75,80,80,80,80],"card_choices":[{"not_picked":["Tempest","Ball Lightning"],"picked":"Rebound","floor":0.0},{"not_picked":["Coolheaded","BootSequence"],"picked":"Genetic Algorithm","floor":1.0},{"not_picked":["Rebound","Steam"],"picked":"Genetic Algorithm","floor":3.0},{"not_picked":["Melter","Stack"],"picked":"Gash","floor":5.0},{"not_picked":["FTL","Compile Driver","Redo"],"picked":"SKIP","floor":7.0},{"not_picked":["Steam","Tempest"],"picked":"Gash","floor":8.0},{"not_picked":["Recycle","Doom and Gloom"],"picked":"Beam Cell","floor":10.0},{"not_picked":["Undo","Coolheaded"],"picked":"Scrape","floor":11.0},{"not_picked":["Steam Power","Darkness","Compile Driver"],"picked":"SKIP","floor":14.0},{"not_picked":["Thunder Strike","Multi-Cast"],"picked":"Creative AI","floor":16},{"not_picked":["Barrage","Sweeping Beam"],"picked":"Turbo+1","floor":18},{"not_picked":["Stack","Hologram"],"picked":"Self Repair","floor":20},{"not_picked":["Skim","Force Field"],"picked":"Lockon+1","floor":24}],"player_experience":944805,"relics_obtained":[{"floor":14.0,"key":"PreservedInsect"},{"floor":24,"key":"Oddly Smooth Stone"},{"floor":24,"key":"Orichalcum"}],"event_choices":[{"damage_healed":0.0,"max_hp_gain":0.0,"max_hp_loss":0.0,"gold_gain":0.0,"event_name":"Lab","player_choice":"Got Potions","floor":2.0,"gold_loss":0.0,"damage_taken":0.0},{"damage_healed":0.0,"max_hp_gain":0.0,"max_hp_loss":0.0,"gold_gain":30.0,"event_name":"Dead Adventurer","player_choice":"Searched \u00273\u0027 times","floor":12.0,"gold_loss":0.0,"damage_taken":0.0,"relics_obtained":["Bag of Preparation"]},{"damage_healed":18.0,"max_hp_gain":0.0,"max_hp_loss":0.0,"gold_gain":0.0,"event_name":"Mushrooms","player_choice":"Healed and dodged fight","floor":13.0,"gold_loss":0.0,"damage_taken":0.0,"cards_obtained":["Parasite"]},{"damage_healed":0,"gold_gain":0,"player_choice":"2 cards matched","damage_taken":0,"max_hp_gain":0,"max_hp_loss":0,"event_name":"Match and Keep!","floor":19,"gold_loss":0,"cards_obtained":["Coolheaded","Zap"]},{"damage_healed":0,"gold_gain":0,"player_choice":"Read","damage_taken":0,"max_hp_gain":0,"max_hp_loss":0,"event_name":"The Library","floor":21,"gold_loss":0,"cards_obtained":["Gash"]},{"damage_healed":0,"gold_gain":0,"player_choice":"Shed Blood","damage_taken":19,"max_hp_gain":5,"max_hp_loss":0,"event_name":"Forgotten Altar","floor":22,"gold_loss":0}],"is_beta":false,"boss_relics":[{"not_picked":["Busted Crown","Velvet Choker"],"picked":"Black Star"}],"items_purged_floors":[4],"is_endless":false,"potions_floor_spawned":[3,5,10,11,14,16,20,24],"killed_by":"Snecko","ascension_level":0}