{"path_per_floor":["M","$","?","M","M","R","?","R","T","M","?","$","M","M","R","B",null,"M","M","?","M","$"],"character_chosen":"DEFECT","items_purchased":["Hello World"],"gold_per_floor":[118,4,4,14,27,27,50,50,50,68,68,68,81,96,96,193,193,203,216,216,231,131,131],"floor_reached":23,"campfire_rested":1,"playtime":1692,"item_purchase_floors":[],"current_hp_per_floor":[75,75,75,75,70,70,49,49,49,38,38,38,23,23,45,13,75,45,55,55,35,35,0],"items_purged":["Strike_B","Strike_B"],"gold":131,"score":192,"play_id":"efb9bc2c-f3f8-43f2-a4a8-32f78d3e0d62","local_time":"20180602184024","is_prod":false,"is_daily":false,"chose_seed":false,"is_ascension_mode":true,"campfire_upgraded":2,"win_rate":0.0,"timestamp":1527979224,"campfire_choices":[{"data":"Genetic Algorithm","floor":6.0,"key":"SMITH"},{"data":"Zap","floor":8.0,"key":"SMITH"},{"floor":15.0,"key":"REST"}],"path_taken":["M","$","?","M","M","R","?","R","T","?","?","?","?","M","R","BOSS","M","?","?","M","$","E"],"build_version":"2018-05-31","seed_source_timestamp":0,"purchased_purges":2,"victory":false,"master_deck":["Strike_B","Defend_B","Defend_B","Defend_B","Zap+1","Dualcast","Hello World","Genetic Algorithm+1","Loop","Flash of Steel","Static Discharge","Creative AI","Double Energy","Heatsinks","Capacitor"],"max_hp_per_floor":[75,75,75,75,75,75,75,75,75,75,75,75,75,75,75,75,75,75,75,75,75,75,75],"relics":["Cracked Core","Odd Mushroom","Darkstone Periapt","Nuclear Battery"],"card_choices":[{"not_picked":["Turbo","Aggregate","Compile Driver"],"picked":"SKIP","floor":1.0},{"not_picked":["Doom and Gloom","Stack","Undo"],"picked":"SKIP","floor":4.0},{"not_picked":["Rebound","Streamline"],"picked":"Genetic Algorithm","floor":5.0},{"not_picked":["Sweeping Beam","Leap"],"picked":"Loop","floor":7.0},{"not_picked":["Streamline","Skim","Rainbow"],"picked":"SKIP","floor":10.0},{"not_picked":["Barrage","Consume"],"picked":"Static Discharge","floor":13.0},{"not_picked":["Go for the Eyes","Streamline","BootSequence"],"picked":"SKIP","floor":14.0},{"not_picked":["Thunder Strike","Machine Learning"],"picked":"Creative AI","floor":16.0},{"not_picked":["Go for the Eyes","Doom and Gloom"],"picked":"Double Energy","floor":18.0},{"not_picked":["Glacier","Sweeping Beam+1"],"picked":"Heatsinks","floor":19.0},{"not_picked":["Lockon","Leap"],"picked":"Capacitor","floor":21}],"player_experience":468032,"potions_floor_usage":[23],"damage_taken":[{"damage":0.0,"enemies":"Small Slimes","floor":1.0,"turns":3.0},{"damage":0.0,"enemies":"Cultist","floor":4.0,"turns":3.0},{"damage":5.0,"enemies":"Jaw Worm","floor":5.0,"turns":4.0},{"damage":21.0,"enemies":"The Mushroom Lair","floor":7.0,"turns":4.0},{"damage":11.0,"enemies":"Looter","floor":10.0,"turns":3.0},{"damage":15.0,"enemies":"Large Slime","floor":13.0,"turns":4.0},{"damage":0.0,"enemies":"Exordium Wildlife","floor":14.0,"turns":4.0},{"damage":32.0,"enemies":"Hexaghost","floor":16.0,"turns":10.0},{"damage":30.0,"enemies":"2 Thieves","floor":18.0,"turns":4.0},{"damage":17.0,"enemies":"Chosen","floor":19.0,"turns":6.0},{"damage":20,"enemies":"Centurion and Healer","floor":21,"turns":7},{"damage":41,"enemies":"Slavers","floor":23,"turns":2}],"relics_obtained":[{"floor":7.0,"key":"Odd Mushroom"},{"floor":9.0,"key":"Darkstone Periapt"}],"event_choices":[{"event_name":"Purifier","player_choice":"One Purge","floor":3.0,"damage_taken":0.0},{"event_name":"Mushrooms","player_choice":"Fought Mushrooms","floor":7.0,"damage_taken":0.0},{"event_name":"Match and Keep!","player_choice":"1 cards matched","floor":11.0,"damage_taken":0.0},{"event_name":"Back to Basics","player_choice":"Elegance","floor":20,"damage_taken":0}],"boss_relics":[],"items_purged_floors":[],"potions_floor_spawned":[4,10,16,18,19],"seed_played":"-3263479384057090158","killed_by":"Slavers","ascension_level":1,"potions_obtained":[{"floor":4.0,"key":"Weak Potion"},{"floor":10.0,"key":"Block Potion"},{"floor":16.0,"key":"Regen Potion"},{"floor":18.0,"key":"Regen Potion"},{"floor":19.0,"key":"LiquidBronze"}],"is_trial":false}