{"path_per_floor":["M","?","M","?","$","E","R","E","T","M","M","M","E","M","R","B",null,"M","?","$","M","M","E","M","?","T","M","M","E","R","?","R","B",null,"M","?","T","?","M","R"],"character_chosen":"THE_SILENT","items_purchased":["Mind Blast","Noxious Fumes","Dream Catcher","Sucker Punch"],"gold_per_floor":[113,113,125,125,4,37,37,70,70,85,104,120,147,160,160,256,256,211,211,7,7,7,7,7,7,7,7,7,7,7,7,7,7,7,7,7,7,7,7,7],"floor_reached":41,"campfire_rested":2,"playtime":5951,"current_hp_per_floor":[70,63,63,63,63,45,66,59,59,59,59,59,59,59,70,44,70,70,80,80,78,76,76,76,76,76,76,75,70,70,56,56,46,56,53,53,53,46,36,36],"items_purged":[],"gold":7,"score":504,"play_id":"5788d634-ab0e-423b-803f-e7d692a100d7","is_prod":false,"is_daily":false,"is_ascension_mode":false,"campfire_upgraded":3,"path_taken":["M","?","M","?","$","E","R","E","T","M","M","?","E","M","R","BOSS","M","?","$","M","M","E","M","?","T","?","?","E","R","?","R","BOSS","M","?","?","?","M","R","E"],"build_version":"2018-02-22-PROD2","purchased_purges":0,"victory":false,"master_deck":["Defend_G","Survivor","Neutralize","Blur","Heel Hook","Mind Blast+1","Noxious Fumes","Slice","Poisoned Stab","Dash","Prepared","Underhanded Strike","Venomology","Dagger Throw","Sucker Punch+1","Sucker Punch","Flying Knee+1","Infinite Blades+1","Heel Hook+1","Poisoned Stab","Poisoned Stab","Neutralize","Setup+1","Envenom+1","Footwork","Bane","Bite","Bite","Bite","Bite","Bite","Tools of the Trade","Dash+1","Escape Plan+1","Riddle With Holes+1","Bane+1","Skewer","Sucker Punch+1","Madness","Madness","Caltrops+1"],"max_hp_per_floor":[70,70,70,70,70,70,70,70,70,70,70,70,70,70,70,70,70,70,80,80,80,80,80,80,80,80,80,80,80,80,56,56,56,56,56,56,56,56,56,56],"relics":["Ring of the Snake","Mummified Hand","Meat on the Bone","Paper Crane","Thread and Needle","Prayer Wheel","Ectoplasm","Dream Catcher","Gambling Chip","Frozen Eye","Sundial","Astrolabe","Pen Nib"],"card_choices":[{"not_picked":["Flechettes","Bane"],"picked":"Blur"},{"not_picked":["Acrobatics","Reflex"],"picked":"Heel Hook"},{"not_picked":["Bane","All Out Attack"],"picked":"Slice"},{"not_picked":["Deflect","Bullet Time"],"picked":"Poisoned Stab"},{"not_picked":["All Out Attack","Distraction"],"picked":"Dash"},{"not_picked":["Bane","Slice"],"picked":"Prepared"},{"not_picked":["Flechettes","Acrobatics"],"picked":"Underhanded Strike"},{"not_picked":["Prepared","Slice"],"picked":"Venomology"},{"not_picked":["Quick Slash","PiercingWail"],"picked":"Dagger Throw"},{"not_picked":["Doppelganger","Bullet Time"],"picked":"Night Terror"},{"not_picked":["Backflip","Poisoned Stab"],"picked":"Sucker Punch"},{"not_picked":["Finisher","Prepared"],"picked":"Flying Knee"},{"not_picked":["Expertise","Heel Hook"],"picked":"Infinite Blades"},{"not_picked":["Backstab","Slice"],"picked":"Heel Hook"},{"not_picked":["Flying Knee","Outmaneuver"],"picked":"Poisoned Stab"},{"not_picked":["Deflect","Bane"],"picked":"Setup"},{"not_picked":["Riddle With Holes","PiercingWail"],"picked":"Envenom"},{"not_picked":["Terror","Quick Slash"],"picked":"Footwork"},{"not_picked":["Outmaneuver","Flying Knee"],"picked":"Bane"},{"not_picked":["Storm of Steel","Glass Knife"],"picked":"Tools of the Trade"},{"not_picked":["Masterful Stab","PiercingWail"],"picked":"Bane"},{"not_picked":["All Out Attack","Deadly Poison"],"picked":"Sucker Punch"},{"not_picked":["Noxious Fumes","Reflex"],"picked":"Caltrops"}],"player_experience":146067,"potions_floor_usage":[13,13,14,16,16,23,23,27,29,33,33,33,39,41,41],"damage_taken":[{"damage":0,"enemies":"Jaw Worm","floor":1,"turns":5},{"damage":0,"enemies":"2 Louse","floor":3,"turns":4},{"damage":18,"enemies":"Gremlin Nob","floor":6,"turns":5},{"damage":7,"enemies":"3 Sentries","floor":8,"turns":9},{"damage":0,"enemies":"Small Slimes","floor":10,"turns":3},{"damage":0,"enemies":"Red Slaver","floor":11,"turns":4},{"damage":0,"enemies":"Gremlin Gang","floor":12,"turns":4},{"damage":0,"enemies":"Lagavulin","floor":13,"turns":6},{"damage":0,"enemies":"Exordium Thugs","floor":14,"turns":4},{"damage":38,"enemies":"The Guardian","floor":16,"turns":8},{"damage":0,"enemies":"2 Thieves","floor":18,"turns":4},{"damage":2,"enemies":"Spheric Guardian","floor":21,"turns":5},{"damage":2,"enemies":"Snecko","floor":22,"turns":5},{"damage":0,"enemies":"Gremlin Leader","floor":23,"turns":6},{"damage":0,"enemies":"Centurion and Healer","floor":24,"turns":7},{"damage":0,"enemies":"3 Cultists","floor":27,"turns":5},{"damage":1,"enemies":"Snecko","floor":28,"turns":4},{"damage":5,"enemies":"Book of Stabbing","floor":29,"turns":5},{"damage":23,"enemies":"Collector","floor":33,"turns":9},{"damage":3,"enemies":"Orb Walker","floor":35,"turns":3},{"damage":16,"enemies":"3 Darklings","floor":39,"turns":4},{"damage":66,"enemies":"Nemesis","floor":41,"turns":5}],"event_choices":[{"event_name":"Scrap Ooze","player_choice":"success","floor":2,"damage_taken":7},{"event_name":"Purifier","player_choice":"Skipped","floor":4,"damage_taken":0},{"event_name":"Bonfire Elementals","player_choice":"RARE","floor":19,"damage_taken":0},{"event_name":"Match and Keep!","player_choice":"2 cards matched","floor":25,"damage_taken":0},{"event_name":"Match and Keep!","player_choice":"2 cards matched","floor":25,"damage_taken":0},{"event_name":"Vampires","player_choice":"Became a vampire","floor":31,"damage_taken":0},{"event_name":"Transmorgrifier","player_choice":"Transform","floor":36,"damage_taken":0},{"event_name":"Winding Halls","player_choice":"Embrace Madness","floor":38,"damage_taken":0}],"boss_relics":[{"not_picked":["Orrery","Calling Bell"],"picked":"Ectoplasm"},{"not_picked":["Sozu","Black Star"],"picked":"Astrolabe"}],"potions_floor_spawned":[1,10,12,13,24,27,28,35,39],"seed_played":"-5037083742427860770","killed_by":"Nemesis","ascension_level":0,"is_trial":false}