{"gold_per_floor":[109,123,142,153,163,194,194,194,275,290,302,315,315,315,315,386,386,401,414,37,52,52,52],"floor_reached":23,"playtime":893,"items_purged":[],"score":494,"play_id":"6ff4a5e1-f062-49a6-a161-d320ebda0a19","local_time":"20190109134231","is_ascension_mode":true,"campfire_choices":[{"floor":8,"key":"REST"},{"floor":13,"key":"REST"},{"data":"Coolheaded","floor":15,"key":"SMITH"}],"neow_cost":"TEN_PERCENT_HP_LOSS","seed_source_timestamp":96273612876575,"circlet_count":0,"master_deck":["AscendersBane","Strike_B","Strike_B","Strike_B","Defend_B","Defend_B","Defend_B","Zap","Dualcast","Ball Lightning","Ball Lightning","Coolheaded+1","Hello World","White Noise+1","Cold Snap","Capacitor","Echo Form","Echo Form","Compile Driver+1","Doom and Gloom","Creative AI"],"relics":["Cracked Core","Mummified Hand","Ornamental Fan","Cursed Key","Lee\u0027s Waffle"],"potions_floor_usage":[6,16,23],"damage_taken":[{"damage":10,"enemies":"2 Louse","floor":1,"turns":3},{"damage":0,"enemies":"Cultist","floor":2,"turns":3},{"damage":0,"enemies":"Small Slimes","floor":3,"turns":2},{"damage":11,"enemies":"Blue Slaver","floor":4,"turns":3},{"damage":0,"enemies":"Large Slime","floor":5,"turns":3},{"damage":32,"enemies":"Gremlin Nob","floor":6,"turns":4},{"damage":11,"enemies":"2 Fungi Beasts","floor":10,"turns":3},{"damage":2,"enemies":"Red Slaver","floor":11,"turns":3},{"damage":5,"enemies":"Lots of Slimes","floor":12,"turns":2},{"damage":0,"enemies":"The Guardian","floor":16,"turns":10},{"damage":13,"enemies":"Shell Parasite","floor":18,"turns":5},{"damage":34,"enemies":"3 Byrds","floor":19,"turns":6},{"damage":57,"enemies":"Shelled Parasite and Fungi","floor":21,"turns":4},{"damage":33,"enemies":"Slavers","floor":23,"turns":2}],"seed_played":"3402607192155033676","potions_obtained":[{"floor":1,"key":"Strength Potion"},{"floor":2,"key":"FairyPotion"},{"floor":12,"key":"AttackPotion"},{"floor":16,"key":"SkillPotion"},{"floor":19,"key":"AttackPotion"}],"is_trial":false,"path_per_floor":["M","M","M","M","M","E","?","R","T","M","M","M","R","?","R","B",null,"M","M","$","M","?","E"],"character_chosen":"DEFECT","items_purchased":["Lee\u0027s Waffle","Creative AI"],"campfire_rested":2,"item_purchase_floors":[20,20],"current_hp_per_floor":[54,54,54,43,43,11,11,30,30,19,17,12,31,31,31,31,56,43,9,71,14,14,0],"gold":52,"neow_bonus":"REMOVE_TWO","is_prod":false,"is_daily":false,"chose_seed":false,"campfire_upgraded":1,"win_rate":0,"timestamp":1547037751,"path_taken":["M","M","M","M","M","E","?","R","T","M","M","?","R","?","R","BOSS","M","?","$","?","?","E"],"build_version":"2019-01-03v4","purchased_purges":0,"victory":false,"max_hp_per_floor":[64,64,64,64,64,64,64,64,64,64,64,64,64,64,64,64,64,64,64,71,71,71,71],"card_choices":[{"not_picked":["Force Field","Recycle"],"picked":"Ball Lightning","floor":1},{"not_picked":["Steam","Redo"],"picked":"Ball Lightning","floor":2},{"not_picked":["Redo","Sweeping Beam"],"picked":"Coolheaded","floor":3},{"not_picked":["Reprogram","Amplify"],"picked":"Hello World","floor":4},{"not_picked":["Gash","Steam Power","Rebound"],"picked":"SKIP","floor":5},{"not_picked":["Beam Cell","Capacitor"],"picked":"White Noise","floor":6},{"not_picked":["Turbo","Undo"],"picked":"Cold Snap","floor":10},{"not_picked":["Rebound","Darkness"],"picked":"Capacitor","floor":11},{"not_picked":["Reprogram","Tempest"],"picked":"Echo Form","floor":12},{"not_picked":["Fission","Multi-Cast"],"picked":"Echo Form","floor":16},{"not_picked":["BootSequence","Fusion"],"picked":"Compile Driver+1","floor":18},{"not_picked":["Lockon","Cold Snap+1"],"picked":"Doom and Gloom","floor":19},{"not_picked":["Static Discharge","Conserve Battery","Ball Lightning"],"picked":"SKIP","floor":21}],"player_experience":1142183,"relics_obtained":[{"floor":6,"key":"Mummified Hand"},{"floor":9,"key":"Ornamental Fan"}],"event_choices":[{"damage_healed":0,"gold_gain":0,"player_choice":"Upgraded","damage_taken":0,"max_hp_gain":0,"max_hp_loss":0,"event_name":"Upgrade Shrine","floor":7,"gold_loss":0,"cards_upgraded":["White Noise"]},{"damage_healed":0,"gold_gain":0,"player_choice":"0 cards matched","damage_taken":0,"max_hp_gain":0,"max_hp_loss":0,"event_name":"Match and Keep!","floor":14,"gold_loss":0,"cards_obtained":[]},{"damage_healed":0,"gold_gain":0,"player_choice":"Ignored","damage_taken":0,"max_hp_gain":0,"max_hp_loss":0,"event_name":"Beggar","floor":22,"gold_loss":0}],"is_beta":false,"boss_relics":[{"not_picked":["Empty Cage","Philosopher\u0027s Stone"],"picked":"Cursed Key"}],"items_purged_floors":[],"is_endless":false,"potions_floor_spawned":[1,2,12,16,19],"killed_by":"Slavers","ascension_level":20}