{"gold_per_floor":[119,130,141,161,173,173,187,187,187,212,212,212,240,240,240,317,317,336,386,26,44,56,56,85,85],"floor_reached":25,"playtime":957,"items_purged":["Clumsy"],"score":516,"play_id":"9ce08614-3185-493a-8312-c028ca826700","local_time":"20190207132552","is_ascension_mode":true,"campfire_choices":[{"data":"Zap","floor":6,"key":"SMITH"},{"floor":8,"key":"REST"},{"data":"Beam Cell","floor":12,"key":"SMITH"},{"data":"Rip and Tear","floor":15,"key":"SMITH"},{"data":"Rainbow","floor":23,"key":"SMITH"}],"neow_cost":"CURSE","seed_source_timestamp":784704302707174,"circlet_count":0,"master_deck":["AscendersBane","Strike_B","Strike_B","Strike_B","Strike_B","Defend_B","Defend_B","Defend_B","Defend_B","Zap+1","Dualcast","Chill","Conserve Battery","Beam Cell+1","Ball Lightning","Hyperbeam","Coolheaded","Cold Snap","Rip and Tear+1","Rainbow+1","Glacier+1","Doom and Gloom+1","Leap+1"],"relics":["Cracked Core","Incense Burner","Bird Faced Urn","Pen Nib","Shovel","Bottled Lightning","Letter Opener","Velvet Choker","Runic Capacitor","Regal Pillow"],"potions_floor_usage":[13,16,24],"damage_taken":[{"damage":2,"enemies":"Cultist","floor":1,"turns":4},{"damage":4,"enemies":"Small Slimes","floor":2,"turns":4},{"damage":3,"enemies":"Jaw Worm","floor":3,"turns":4},{"damage":18,"enemies":"Exordium Wildlife","floor":4,"turns":5},{"damage":14,"enemies":"Exordium Thugs","floor":5,"turns":6},{"damage":0,"enemies":"Red Slaver","floor":7,"turns":3},{"damage":0,"enemies":"3 Sentries","floor":10,"turns":5},{"damage":3,"enemies":"Lagavulin","floor":13,"turns":6},{"damage":19,"enemies":"Hexaghost","floor":16,"turns":9},{"damage":22,"enemies":"2 Thieves","floor":18,"turns":3},{"damage":12,"enemies":"3 Byrds","floor":21,"turns":4},{"damage":0,"enemies":"Centurion and Healer","floor":22,"turns":5},{"damage":10,"enemies":"Gremlin Leader","floor":24,"turns":5},{"damage":15,"enemies":"Snake Plant","floor":25,"turns":2}],"seed_played":"-6455191742639407615","potions_obtained":[{"floor":2,"key":"LiquidBronze"},{"floor":4,"key":"Poison Potion"},{"floor":13,"key":"Ancient Potion"},{"floor":16,"key":"Ancient Potion"}],"is_trial":false,"path_per_floor":["M","M","M","M","M","R","M","R","T","E","?","R","E","T","R","B",null,"M","?","$","M","M","R","E","M"],"character_chosen":"DEFECT","items_purchased":["Runic Capacitor","Fire Potion"],"campfire_rested":1,"item_purchase_floors":[20,20],"current_hp_per_floor":[62,58,55,37,23,23,23,44,44,44,44,44,41,41,41,22,59,37,37,37,25,25,25,15,0],"gold":85,"neow_bonus":"ONE_RARE_RELIC","is_prod":false,"is_daily":false,"chose_seed":false,"campfire_upgraded":4,"win_rate":0,"timestamp":1549542352,"path_taken":["M","M","?","M","?","R","M","R","T","E","?","R","E","?","R","BOSS","M","?","$","M","M","R","E","M"],"build_version":"2019-01-23","purchased_purges":1,"victory":false,"max_hp_per_floor":[71,71,71,71,71,71,71,71,71,71,71,71,71,71,71,71,71,71,71,71,71,71,71,71,71],"card_choices":[{"not_picked":["Steam","Coolheaded"],"picked":"Chill","floor":1},{"not_picked":["Double Energy","Barrage"],"picked":"Conserve Battery","floor":2},{"not_picked":["Redo","Streamline"],"picked":"Beam Cell","floor":3},{"not_picked":["Reinforced Body","Force Field"],"picked":"Ball Lightning","floor":4},{"not_picked":["Barrage","Go for the Eyes"],"picked":"Hyperbeam","floor":5},{"not_picked":["Beam Cell","Rebound"],"picked":"Coolheaded","floor":7},{"not_picked":["Turbo","Leap"],"picked":"Cold Snap","floor":10},{"not_picked":["Turbo","Stack"],"picked":"Rip and Tear","floor":13},{"not_picked":["Machine Learning","Meteor Strike"],"picked":"Rainbow","floor":16},{"not_picked":["Compile Driver","Defragment"],"picked":"Glacier+1","floor":18},{"not_picked":["Hologram","White Noise"],"picked":"Doom and Gloom+1","floor":21},{"not_picked":["Rebound","Gash"],"picked":"Leap+1","floor":22},{"not_picked":["Undo","Tempest","Thunder Strike"],"picked":"SKIP","floor":24}],"player_experience":1301256,"relics_obtained":[{"floor":9,"key":"Bird Faced Urn"},{"floor":10,"key":"Pen Nib"},{"floor":13,"key":"Bottled Lightning"},{"floor":14,"key":"Letter Opener"},{"floor":24,"key":"Regal Pillow"}],"event_choices":[{"damage_healed":0,"gold_gain":0,"player_choice":"Searched \u00271\u0027 times","damage_taken":0,"relics_obtained":["Shovel"],"max_hp_gain":0,"max_hp_loss":0,"event_name":"Dead Adventurer","floor":11,"gold_loss":0},{"damage_healed":0,"gold_gain":50,"player_choice":"Stole From Cult","damage_taken":0,"max_hp_gain":0,"max_hp_loss":0,"event_name":"Nest","floor":19,"gold_loss":0}],"is_beta":false,"boss_relics":[{"not_picked":["Black Star","Philosopher\u0027s Stone"],"picked":"Velvet Choker"}],"items_purged_floors":[20],"is_endless":false,"potions_floor_spawned":[2,4,7,10,13,16,21,22],"killed_by":"Snake Plant","ascension_level":20}