{"gold_per_floor":[119,41,41,87,105,138,138,172,172,184,194,207,224,224,224,300,300,318,189,114,124,152,178,178,196,196,213,213],"floor_reached":28,"playtime":884,"items_purged":["Strike_R"],"score":550,"play_id":"84f1b3f5-4371-4215-8c13-96dbb113816f","local_time":"20190104141103","is_ascension_mode":true,"campfire_choices":[{"data":"Searing Blow","floor":7.0,"key":"SMITH"},{"data":"Searing Blow+2","floor":15.0,"key":"SMITH"},{"data":"Searing Blow+3","floor":24,"key":"SMITH"}],"neow_cost":"NONE","seed_source_timestamp":0,"circlet_count":0,"master_deck":["AscendersBane","Strike_R","Strike_R","Strike_R","Defend_R","Defend_R","Defend_R","Defend_R","Bash","Searing Blow+4","Twin Strike","Uppercut","Shrug It Off","Reaper","Armaments","Corruption"],"special_seed":0,"relics":["Burning Blood","NeowsBlessing","Bag of Marbles","Anchor","Bronze Scales","Pantograph","Busted Crown","Red Mask","Ornamental Fan","PreservedInsect"],"potions_floor_usage":[27],"damage_taken":[{"damage":0.0,"enemies":"Jaw Worm","floor":1.0,"turns":1.0},{"damage":0.0,"enemies":"Cultist","floor":5.0,"turns":1.0},{"damage":0.0,"enemies":"Gremlin Nob","floor":6.0,"turns":1.0},{"damage":45.0,"enemies":"Lagavulin","floor":8.0,"turns":6.0},{"damage":0.0,"enemies":"2 Louse","floor":10.0,"turns":2.0},{"damage":5.0,"enemies":"Exordium Wildlife","floor":11.0,"turns":3.0},{"damage":10.0,"enemies":"Exordium Thugs","floor":12.0,"turns":4.0},{"damage":0.0,"enemies":"Looter","floor":13.0,"turns":2.0},{"damage":46.0,"enemies":"Slime Boss","floor":16.0,"turns":10.0},{"damage":6.0,"enemies":"3 Byrds","floor":18.0,"turns":3.0},{"damage":0,"enemies":"Chosen","floor":21,"turns":3},{"damage":25,"enemies":"Masked Bandits","floor":22,"turns":4},{"damage":37,"enemies":"Slavers","floor":23,"turns":6},{"damage":13,"enemies":"Snake Plant","floor":25,"turns":3},{"damage":11,"enemies":"3 Cultists","floor":27,"turns":5},{"damage":52,"enemies":"Cultist and Chosen","floor":28,"turns":6}],"seed_played":"357040651571870113","potions_obtained":[{"floor":1.0,"key":"Strength Potion"},{"floor":5.0,"key":"Weak Potion"},{"floor":10.0,"key":"Explosive Potion"},{"floor":16.0,"key":"FearPotion"},{"floor":27,"key":"Fruit Juice"}],"is_trial":false,"path_per_floor":["M","$","?","T","M","E","R","E","T","M","M","M","M","?","R","B",null,"M","$","?","M","?","E","R","M","T","M","M"],"character_chosen":"IRONCLAD","items_purchased":["Searing Blow","Armaments"],"campfire_rested":0,"item_purchase_floors":[2,19],"current_hp_per_floor":[74,74,74,74,75,75,75,36,36,42,43,39,45,45,45,36,65,65,65,65,71,52,29,29,25,25,43,0],"gold":213,"neow_bonus":"THREE_ENEMY_KILL","is_prod":false,"is_daily":false,"chose_seed":false,"campfire_upgraded":3,"win_rate":0,"timestamp":1546607463,"path_taken":["M","$","?","?","M","E","R","E","T","?","?","M","M","?","R","BOSS","M","$","?","M","?","E","R","M","T","?","M"],"build_version":"2019-01-03v3","purchased_purges":1,"victory":false,"max_hp_per_floor":[75,75,75,75,75,75,75,75,75,75,75,75,75,75,75,75,75,75,75,75,75,75,75,75,75,75,80,80],"card_choices":[{"not_picked":["Blood for Blood","Burning Pact","Warcry"],"picked":"SKIP","floor":1.0},{"not_picked":["Sever Soul","Corruption","Warcry"],"picked":"SKIP","floor":5.0},{"not_picked":["Seeing Red","Power Through"],"picked":"Twin Strike","floor":6.0},{"not_picked":["Perfected Strike","Limit Break"],"picked":"Uppercut","floor":8.0},{"not_picked":["Wild Strike","Whirlwind"],"picked":"Shrug It Off","floor":10.0},{"not_picked":["Flex","Power Through","Iron Wave"],"picked":"SKIP","floor":11.0},{"not_picked":["Headbutt","Evolve"],"picked":"Reaper","floor":12.0},{"not_picked":["Armaments","Clothesline","Rampage"],"picked":"SKIP","floor":13.0},{"not_picked":["Carnage"],"picked":"SKIP","floor":18.0},{"not_picked":["Body Slam"],"picked":"SKIP","floor":21},{"not_picked":["Clash"],"picked":"SKIP","floor":23},{"not_picked":[],"picked":"Corruption","floor":25},{"not_picked":["Blood for Blood"],"picked":"SKIP","floor":27}],"player_experience":1101542,"relics_obtained":[{"floor":4.0,"key":"Bag of Marbles"},{"floor":6.0,"key":"Anchor"},{"floor":8.0,"key":"Bronze Scales"},{"floor":9.0,"key":"Pantograph"},{"floor":22,"key":"Red Mask"},{"floor":23,"key":"Ornamental Fan"},{"floor":26,"key":"PreservedInsect"}],"event_choices":[{"damage_healed":0.0,"max_hp_gain":0.0,"max_hp_loss":0.0,"gold_gain":0.0,"event_name":"The Cleric","player_choice":"Leave","floor":3.0,"gold_loss":0.0,"damage_taken":0.0},{"damage_healed":0.0,"max_hp_gain":0.0,"max_hp_loss":0.0,"gold_gain":0.0,"event_name":"Living Wall","player_choice":"Grow","floor":14.0,"gold_loss":0.0,"damage_taken":0.0,"cards_upgraded":["Searing Blow"]},{"cards_removed":["Strike_R"],"damage_healed":0.0,"max_hp_gain":0.0,"max_hp_loss":0.0,"gold_gain":0.0,"event_name":"Beggar","player_choice":"Gave Gold","floor":20.0,"gold_loss":75.0,"damage_taken":0.0},{"damage_healed":0,"gold_gain":0,"player_choice":"Fought Bandits","damage_taken":0,"max_hp_gain":0,"max_hp_loss":0,"event_name":"Masked Bandits","floor":22,"gold_loss":0}],"is_beta":false,"boss_relics":[{"not_picked":["Sozu","Black Star"],"picked":"Busted Crown"}],"items_purged_floors":[19],"is_endless":false,"potions_floor_spawned":[1,5,10,11,12,16,22,27],"killed_by":"Cultist and Chosen","ascension_level":20}