{"gold_per_floor":[116,135,84,84,84,127,127,140,140,184,184,215,240,261,261,351,351,374,449,470,484,360,396,396,419,442,460,20,20,53,84,96,206,218,249,136,156,175,66,66,81,122,122,146,146,184,199,239,239,239],"floor_reached":51,"playtime":3384,"items_purged":["Strike_B","Strike_B","Strike_B"],"score":1423,"play_id":"f170c880-2d82-4f81-83fe-50ca23f430db","local_time":"20190422183442","is_ascension_mode":true,"campfire_choices":[{"floor":7,"key":"REST"},{"data":"Coolheaded","floor":15,"key":"SMITH"},{"floor":24,"key":"REST"},{"data":"Echo Form","floor":29,"key":"SMITH"},{"data":"Capacitor","floor":32,"key":"SMITH"},{"floor":40,"key":"REST"},{"data":"Echo Form","floor":45,"key":"SMITH"},{"data":"Consume","floor":49,"key":"SMITH"}],"neow_cost":"NONE","seed_source_timestamp":0,"circlet_count":0,"master_deck":["AscendersBane","Strike_B","Defend_B","Defend_B","Defend_B","Defend_B","Zap","Dualcast","Conserve Battery","Consume+1","Conserve Battery","Sweeping Beam","Ball Lightning","Coolheaded+1","Genetic Algorithm","Sweeping Beam+1","Echo Form+1","Static Discharge","Conserve Battery","Ball Lightning+1","Capacitor+1","Streamline+1","Echo Form+1","Hologram+1","Capacitor","Undo","Glacier","Cold Snap+1","Glacier"],"special_seed":0,"relics":["Cracked Core","Golden Idol","Matryoshka","Regal Pillow","Bronze Scales","FossilizedHelix","Potion Belt","Molten Egg 2","Snecko Eye","Dodecahedron","Happy Flower","Ancient Tea Set","Bag of Preparation","Sundial","MawBank","Cursed Key","Peace Pipe","DataDisk","Anchor"],"potions_floor_usage":[6,21,23,30,33,38,44],"damage_taken":[{"damage":1,"enemies":"2 Louse","floor":1,"turns":3},{"damage":0,"enemies":"Small Slimes","floor":2,"turns":3},{"damage":33,"enemies":"Gremlin Nob","floor":6,"turns":4},{"damage":0,"enemies":"Cultist","floor":8,"turns":4},{"damage":18,"enemies":"Lagavulin","floor":10,"turns":6},{"damage":4,"enemies":"3 Sentries","floor":12,"turns":8},{"damage":0,"enemies":"Red Slaver","floor":13,"turns":3},{"damage":0,"enemies":"Exordium Thugs","floor":14,"turns":3},{"damage":30,"enemies":"Hexaghost","floor":16,"turns":10},{"damage":0,"enemies":"3 Byrds","floor":18,"turns":3},{"damage":0,"enemies":"Spheric Guardian","floor":20,"turns":4},{"damage":22,"enemies":"Centurion and Healer","floor":21,"turns":8},{"damage":15,"enemies":"Gremlin Leader","floor":23,"turns":7},{"damage":0,"enemies":"Snecko","floor":27,"turns":6},{"damage":3,"enemies":"Slavers","floor":30,"turns":6},{"damage":19,"enemies":"3 Cultists","floor":31,"turns":5},{"damage":15,"enemies":"Collector","floor":33,"turns":11},{"damage":0,"enemies":"3 Darklings","floor":35,"turns":4},{"damage":6,"enemies":"3 Shapes","floor":37,"turns":4},{"damage":25,"enemies":"Sphere and 2 Shapes","floor":38,"turns":4},{"damage":0,"enemies":"3 Darklings","floor":41,"turns":5},{"damage":8,"enemies":"Reptomancer","floor":42,"turns":8},{"damage":0,"enemies":"4 Shapes","floor":44,"turns":4},{"damage":0,"enemies":"Nemesis","floor":46,"turns":9},{"damage":0,"enemies":"Writhing Mass","floor":47,"turns":5},{"damage":0,"enemies":"Reptomancer","floor":48,"turns":8},{"damage":0,"enemies":"Time Eater","floor":50,"turns":12}],"seed_played":"-9188649991131271174","potions_obtained":[{"floor":2,"key":"Swift Potion"},{"floor":8,"key":"SteroidPotion"},{"floor":12,"key":"Dexterity Potion"},{"floor":16,"key":"Fruit Juice"},{"floor":18,"key":"Explosive Potion"},{"floor":21,"key":"Energy Potion"},{"floor":30,"key":"Dexterity Potion"},{"floor":33,"key":"Energy Potion"},{"floor":35,"key":"Dexterity Potion"},{"floor":41,"key":"EssenceOfSteel"},{"floor":44,"key":"Poison Potion"}],"is_trial":false,"path_per_floor":["M","M","$","?","?","E","R","M","T","E","?","E","M","M","R","B",null,"M","?","M","M","$","E","R","T","T","M","$","R","E","M","R","B",null,"M","$","M","M","$","R","M","E","T","M","R","E","M","E","R","B",null],"character_chosen":"DEFECT","items_purchased":["Conserve Battery","Conserve Battery","Sundial","Ball Lightning+1","AttackPotion","Capacitor","Undo"],"campfire_rested":3,"item_purchase_floors":[3,22,28,28,28,39,39],"current_hp_per_floor":[74,74,74,74,74,41,63,63,63,45,42,38,38,38,38,8,59,59,52,52,35,35,20,59,59,59,59,59,59,56,37,37,22,66,66,66,60,35,35,74,74,66,66,66,66,66,66,66,66,66],"gold":239,"neow_bonus":"TEN_PERCENT_HP_BONUS","is_prod":false,"is_daily":false,"chose_seed":false,"campfire_upgraded":5,"win_rate":0,"timestamp":1555968882,"path_taken":["M","M","$","?","?","E","R","M","T","E","?","E","M","M","R","BOSS","M","?","?","M","?","E","R","?","T","M","$","R","E","M","R","BOSS","M","$","M","M","$","R","M","E","T","M","R","E","M","E","R","BOSS"],"build_version":"2019-01-23","purchased_purges":3,"victory":true,"max_hp_per_floor":[82,82,82,76,76,76,76,76,76,76,76,76,76,76,76,76,76,76,76,76,81,81,81,81,81,81,81,81,81,81,81,81,81,81,81,81,81,81,81,81,81,81,81,81,81,81,81,81,81,81],"card_choices":[{"not_picked":["Genetic Algorithm","Rip and Tear"],"picked":"Conserve Battery","floor":1},{"not_picked":["Leap","Conserve Battery"],"picked":"Consume","floor":2},{"not_picked":["Go for the Eyes","Darkness"],"picked":"Sweeping Beam","floor":6},{"not_picked":["Sweeping Beam","Rebound"],"picked":"Ball Lightning","floor":8},{"not_picked":["Force Field","Steam"],"picked":"Coolheaded","floor":10},{"not_picked":["Doom and Gloom","Gash"],"picked":"Genetic Algorithm","floor":12},{"not_picked":["Steam Power","Leap"],"picked":"Sweeping Beam+1","floor":13},{"not_picked":["Force Field","Barrage+1","Streamline+1"],"picked":"SKIP","floor":14},{"not_picked":["Meteor Strike+1","Seek"],"picked":"Echo Form","floor":16},{"not_picked":["Loop","Leap"],"picked":"Static Discharge","floor":18},{"not_picked":["Rebound+1","Compile Driver+1","Hologram"],"picked":"SKIP","floor":20},{"not_picked":["Sweeping Beam+1","Multi-Cast","Scrape+1"],"picked":"SKIP","floor":21},{"not_picked":["Compile Driver+1","Consume","Thunder Strike+1"],"picked":"SKIP","floor":23},{"not_picked":["Leap","Beam Cell+1","Sweeping Beam+1"],"picked":"SKIP","floor":27},{"not_picked":["Static Discharge","Undo"],"picked":"Capacitor","floor":30},{"not_picked":["Steam Power","Beam Cell+1"],"picked":"Streamline+1","floor":31},{"not_picked":["All For One+1","Rainbow"],"picked":"Echo Form","floor":33},{"not_picked":["Rip and Tear+1","Coolheaded+1"],"picked":"Hologram+1","floor":35},{"not_picked":["Hologram","Conserve Battery","Leap+1"],"picked":"SKIP","floor":37},{"not_picked":["Barrage+1","Redo","Sweeping Beam+1"],"picked":"SKIP","floor":38},{"not_picked":["FTL+1","Consume","Sweeping Beam+1"],"picked":"SKIP","floor":41},{"not_picked":["Beam Cell+1","Steam","Stack"],"picked":"SKIP","floor":42},{"not_picked":["Consume","Redo"],"picked":"Glacier","floor":44},{"not_picked":["Multi-Cast","Coolheaded"],"picked":"Cold Snap+1","floor":46},{"not_picked":["Steam Power+1","Gash+1"],"picked":"Glacier","floor":47},{"not_picked":["Beam Cell+1","Barrage+1","Scrape+1"],"picked":"SKIP","floor":48}],"player_experience":721521,"relics_obtained":[{"floor":6,"key":"Matryoshka"},{"floor":9,"key":"Regal Pillow"},{"floor":9,"key":"Bronze Scales"},{"floor":10,"key":"FossilizedHelix"},{"floor":12,"key":"Molten Egg 2"},{"floor":23,"key":"Dodecahedron"},{"floor":25,"key":"Happy Flower"},{"floor":25,"key":"Ancient Tea Set"},{"floor":26,"key":"Bag of Preparation"},{"floor":30,"key":"MawBank"},{"floor":42,"key":"Peace Pipe"},{"floor":46,"key":"DataDisk"},{"floor":48,"key":"Anchor"}],"event_choices":[{"damage_healed":0,"gold_gain":0,"player_choice":"Lose Max HP","damage_taken":0,"relics_obtained":["Golden Idol"],"max_hp_gain":0,"max_hp_loss":6,"event_name":"Golden Idol","floor":4,"gold_loss":0},{"damage_healed":0,"gold_gain":0,"player_choice":"Leave","damage_taken":0,"max_hp_gain":0,"max_hp_loss":0,"event_name":"The Cleric","floor":5,"gold_loss":0},{"damage_healed":0,"gold_gain":0,"player_choice":"Success","damage_taken":3,"relics_obtained":["Potion Belt"],"max_hp_gain":0,"max_hp_loss":0,"event_name":"Scrap Ooze","floor":11,"gold_loss":0},{"damage_healed":0,"gold_gain":75,"player_choice":"Touch","damage_taken":7,"max_hp_gain":0,"max_hp_loss":0,"event_name":"FaceTrader","floor":19,"gold_loss":0}],"is_beta":false,"boss_relics":[{"not_picked":["Astrolabe","Calling Bell"],"picked":"Snecko Eye"},{"not_picked":["White Beast Statue","Fusion Hammer"],"picked":"Cursed Key"}],"items_purged_floors":[22,28,36],"is_endless":false,"potions_floor_spawned":[2,8,12,16,18,21,30,33,35,41,42,44,47],"ascension_level":13}