{"gold_per_floor":[12,12,12,28,44,76,89,102,170,135,105,132,144,155,155,256,256,266,281,281,10,110,142,142,156,183,31,47,78,41,61,61,164,164,181,281,281,292,343,405,405,440,440,20,20,31,31,46,46,46,46,46,8,43,43],"floor_reached":56,"playtime":5768,"items_purged":[],"score":1584,"play_id":"e178feac-4459-4153-9ac9-78398d645a0d","local_time":"20190215191314","is_ascension_mode":true,"campfire_choices":[{"floor":15,"key":"REST"},{"data":"Defragment","floor":24,"key":"SMITH"},{"floor":32,"key":"REST"},{"floor":41,"key":"RECALL"},{"floor":45,"key":"REST"},{"floor":49,"key":"REST"},{"data":"Strike_B+1","floor":52,"key":"PURGE"}],"neow_cost":"NO_GOLD","seed_source_timestamp":2736164918167200,"circlet_count":0,"master_deck":["Strike_B+1","Strike_B+1","Strike_B+1","Defend_B+1","Defend_B+1","Defend_B+1","Defend_B+1","Zap","Dualcast","Steam","Ball Lightning","Steam","Beam Cell","White Noise","Genetic Algorithm","Hologram","Self Repair","Coolheaded","Echo Form","Cold Snap","Cold Snap+1","Defragment+1","Loop","Turbo","Defragment+1","Aggregate","Cold Snap","Glacier","Storm","Defragment+1","Fission","Heatsinks","Madness","Madness","Storm","BootSequence","Steam+1","Static Discharge+1","Coolheaded","Panacea","Conserve Battery","Cold Snap+1","Glacier+1","Reprogram","Compile Driver"],"relics":["Cracked Core","Boot","Dead Branch","Kunai","DataDisk","Sozu","Runic Capacitor","Pantograph","Vajra","Fusion Hammer","StoneCalendar","Peace Pipe","Tiny Chest","Nunchaku","Juzu Bracelet","Mummified Hand","Sundial"],"potions_floor_usage":[6,6,12,23,25],"damage_taken":[{"damage":5,"enemies":"2 Louse","floor":1,"turns":2},{"damage":0,"enemies":"Small Slimes","floor":4,"turns":3},{"damage":4,"enemies":"Jaw Worm","floor":5,"turns":3},{"damage":5,"enemies":"3 Sentries","floor":6,"turns":6},{"damage":0,"enemies":"Blue Slaver","floor":7,"turns":3},{"damage":0,"enemies":"Large Slime","floor":8,"turns":3},{"damage":0,"enemies":"Lagavulin","floor":12,"turns":6},{"damage":16,"enemies":"Lots of Slimes","floor":13,"turns":3},{"damage":2,"enemies":"Blue Slaver","floor":14,"turns":3},{"damage":21,"enemies":"The Guardian","floor":16,"turns":11},{"damage":6,"enemies":"Chosen","floor":18,"turns":4},{"damage":10,"enemies":"Shell Parasite","floor":19,"turns":5},{"damage":28,"enemies":"Slavers","floor":23,"turns":5},{"damage":23,"enemies":"Centurion and Healer","floor":25,"turns":5},{"damage":31,"enemies":"Snecko","floor":28,"turns":8},{"damage":0,"enemies":"Gremlin Leader","floor":29,"turns":6},{"damage":26,"enemies":"Snake Plant","floor":31,"turns":4},{"damage":10,"enemies":"Champ","floor":33,"turns":9},{"damage":1,"enemies":"Orb Walker","floor":35,"turns":4},{"damage":0,"enemies":"Mind Bloom Boss Battle","floor":36,"turns":6},{"damage":11,"enemies":"3 Shapes","floor":38,"turns":3},{"damage":15,"enemies":"2 Orb Walkers","floor":39,"turns":4},{"damage":0,"enemies":"Giant Head","floor":40,"turns":5},{"damage":47,"enemies":"Reptomancer","floor":42,"turns":5},{"damage":5,"enemies":"Jaw Worm Horde","floor":46,"turns":4},{"damage":0,"enemies":"Maw","floor":48,"turns":5},{"damage":9,"enemies":"Time Eater","floor":50,"turns":12},{"damage":41,"enemies":"Shield and Spear","floor":54,"turns":6},{"damage":52,"enemies":"The Heart","floor":55,"turns":6}],"seed_played":"-4229051520569843075","potions_obtained":[{"floor":4,"key":"Swift Potion"},{"floor":5,"key":"SkillPotion"},{"floor":8,"key":"PowerPotion"},{"floor":11,"key":"FairyPotion"},{"floor":11,"key":"SpeedPotion"},{"floor":13,"key":"Explosive Potion"},{"floor":16,"key":"Energy Potion"}],"is_trial":false,"path_per_floor":["M","?","?","M","M","E","M","M","T","?","?","E","M","M","R","B",null,"M","M","?","$","?","E","R","M","T","$","M","E","$","M","R","B",null,"M","?","?","M","?","E","R","E","T","$","R","M","?","M","R","B",null,"R","$","E","B",null],"character_chosen":"DEFECT","items_purchased":["Runic Capacitor","Defragment","Defragment","Aggregate","Storm","Mummified Hand","Coolheaded","Panacea","Conserve Battery","Reprogram"],"campfire_rested":4,"item_purchase_floors":[21,21,27,27,30,44,44,44,44,53],"current_hp_per_floor":[84,66,41,41,37,32,32,32,32,54,54,54,38,43,69,55,81,89,86,86,86,86,65,65,49,49,49,32,39,39,20,46,68,84,89,89,78,74,59,66,66,26,26,26,52,54,54,54,80,87,89,89,89,55,35],"gold":43,"neow_bonus":"TWENTY_PERCENT_HP_BONUS","is_prod":false,"is_daily":false,"chose_seed":false,"campfire_upgraded":1,"win_rate":0,"timestamp":1550283194,"path_taken":["M","?","?","?","M","E","M","M","T","?","?","E","?","M","R","BOSS","M","M","?","$","?","E","R","M","T","$","?","E","?","M","R","BOSS","M","?","?","M","?","E","R","E","T","$","R","M","?","M","R","BOSS","R","$","E","BOSS"],"build_version":"2019-02-06","purchased_purges":0,"victory":true,"max_hp_per_floor":[89,89,89,89,89,89,89,89,89,89,89,89,89,89,89,89,89,89,89,89,89,89,89,89,89,89,89,89,89,89,89,89,89,89,89,89,89,89,89,89,89,89,89,89,89,89,89,89,89,89,89,89,89,89,89],"card_choices":[{"not_picked":["Stack","Undo"],"picked":"Steam","floor":1},{"not_picked":["Aggregate","Steam"],"picked":"Ball Lightning","floor":4},{"not_picked":["Leap","Barrage"],"picked":"Steam","floor":5},{"not_picked":["Barrage","Sweeping Beam"],"picked":"Beam Cell","floor":6},{"not_picked":["Beam Cell","Compile Driver"],"picked":"White Noise","floor":7},{"not_picked":["Hologram","Gash"],"picked":"Genetic Algorithm","floor":8},{"not_picked":["Doom and Gloom","All For One"],"picked":"Hologram","floor":12},{"not_picked":["Double Energy","Sweeping Beam"],"picked":"Self Repair","floor":13},{"not_picked":["Rip and Tear","Lockon"],"picked":"Coolheaded","floor":14},{"not_picked":["Reboot","Rainbow"],"picked":"Echo Form","floor":16},{"not_picked":["Streamline","Go for the Eyes"],"picked":"Cold Snap","floor":18},{"not_picked":["Go for the Eyes","Gash+1"],"picked":"Cold Snap+1","floor":19},{"not_picked":["Rebound","Melter"],"picked":"Loop","floor":23},{"not_picked":["Doom and Gloom","Meteor Strike"],"picked":"Turbo","floor":25},{"not_picked":["Rebound","Redo"],"picked":"Cold Snap","floor":28},{"not_picked":["Storm","Hologram+1"],"picked":"Glacier","floor":29},{"not_picked":["Beam Cell","Conserve Battery"],"picked":"Defragment+1","floor":31},{"not_picked":["Meteor Strike","All For One"],"picked":"Fission","floor":33},{"not_picked":["Chaos","Streamline+1","Rebound"],"picked":"SKIP","floor":35},{"not_picked":["Hologram+1","Gash+1"],"picked":"Heatsinks","floor":36},{"not_picked":["Hologram","Chaos+1"],"picked":"Storm","floor":38},{"not_picked":["Lockon+1","Ball Lightning+1"],"picked":"BootSequence","floor":39},{"not_picked":["Ball Lightning+1","Recycle+1"],"picked":"Steam+1","floor":40},{"not_picked":["Blizzard","Tempest+1"],"picked":"Static Discharge+1","floor":42},{"not_picked":["Sweeping Beam+1","Steam"],"picked":"Cold Snap+1","floor":46},{"not_picked":["Coolheaded+1","Auto Shields"],"picked":"Glacier+1","floor":48},{"not_picked":["Meteor Strike","Ball Lightning+1"],"picked":"Compile Driver","floor":54}],"player_experience":520875,"relics_obtained":[{"floor":6,"key":"Dead Branch"},{"floor":9,"key":"Kunai"},{"floor":12,"key":"DataDisk"},{"floor":23,"key":"Pantograph"},{"floor":29,"key":"Vajra"},{"floor":36,"key":"StoneCalendar"},{"floor":39,"key":"Peace Pipe"},{"floor":40,"key":"Tiny Chest"},{"floor":42,"key":"Nunchaku"},{"floor":43,"key":"Juzu Bracelet"},{"floor":54,"key":"Sundial"}],"event_choices":[{"damage_healed":0,"gold_gain":0,"player_choice":"Entered Light","damage_taken":18,"max_hp_gain":0,"max_hp_loss":0,"event_name":"Shining Light","floor":2,"gold_loss":0,"cards_upgraded":["Defend_B","Defend_B"]},{"damage_healed":0,"gold_gain":0,"player_choice":"Success","damage_taken":25,"relics_obtained":["Boot"],"max_hp_gain":0,"max_hp_loss":0,"event_name":"Scrap Ooze","floor":3,"gold_loss":0},{"damage_healed":22,"gold_gain":0,"player_choice":"Healed","damage_taken":0,"max_hp_gain":0,"max_hp_loss":0,"event_name":"The Cleric","floor":10,"gold_loss":35},{"damage_healed":0,"gold_gain":0,"player_choice":"Bought 2 Potions","damage_taken":0,"max_hp_gain":0,"max_hp_loss":0,"event_name":"The Woman in Blue","floor":11,"gold_loss":0},{"damage_healed":0,"gold_gain":0,"player_choice":"Simplicity","damage_taken":0,"max_hp_gain":0,"max_hp_loss":0,"event_name":"Back to Basics","floor":20,"gold_loss":0,"cards_upgraded":["Strike_B","Strike_B","Strike_B","Strike_B","Defend_B","Defend_B"]},{"damage_healed":0,"gold_gain":100,"player_choice":"Pray","damage_taken":0,"max_hp_gain":0,"max_hp_loss":0,"event_name":"Golden Shrine","floor":22,"gold_loss":0},{"damage_healed":0,"gold_gain":0,"player_choice":"Fight","damage_taken":0,"max_hp_gain":0,"max_hp_loss":0,"event_name":"MindBloom","floor":36,"gold_loss":0},{"damage_healed":0,"gold_gain":0,"player_choice":"Embrace Madness","damage_taken":11,"max_hp_gain":0,"max_hp_loss":0,"event_name":"Winding Halls","floor":37,"gold_loss":0,"cards_obtained":["Madness","Madness"]},{"damage_healed":0,"gold_gain":0,"player_choice":"Fight","damage_taken":0,"max_hp_gain":0,"max_hp_loss":0,"event_name":"Mysterious Sphere","floor":39,"gold_loss":0},{"damage_healed":0,"gold_gain":0,"player_choice":"Upgraded","damage_taken":0,"max_hp_gain":0,"max_hp_loss":0,"event_name":"Upgrade Shrine","floor":47,"gold_loss":0,"cards_upgraded":["Defragment"]}],"is_beta":true,"boss_relics":[{"not_picked":["Lizard Tail","Runic Dome"],"picked":"Sozu"},{"not_picked":["Snecko Eye","Pandora\u0027s Box"],"picked":"Fusion Hammer"}],"items_purged_floors":[],"is_endless":false,"potions_floor_spawned":[4,5,8,13,16,25,28,35,36,39,48],"ascension_level":5}