{"gold_per_floor":[11,31,31,46,64,64,96,63,86,86],"floor_reached":10,"playtime":354,"items_purged":[],"score":85,"play_id":"e32ac22a-cd31-4f96-a0d3-9712280f1d63","local_time":"20190409040346","is_ascension_mode":true,"campfire_choices":[{"data":"Bash","floor":6,"key":"SMITH"}],"neow_cost":"NO_GOLD","seed_source_timestamp":439572605655298,"circlet_count":0,"master_deck":["Strike_R","Strike_R","Strike_R","Strike_R","Defend_R","Defend_R","Defend_R","Bash+1","Combust","Decay","Disarm","Spot Weakness"],"relics":["Burning Blood","Bronze Scales","Happy Flower"],"potions_floor_usage":[7,7],"damage_taken":[{"damage":11,"enemies":"Jaw Worm","floor":1,"turns":4},{"damage":3,"enemies":"Cultist","floor":2,"turns":4},{"damage":5,"enemies":"2 Louse","floor":4,"turns":4},{"damage":39,"enemies":"Large Slime","floor":5,"turns":7},{"damage":40,"enemies":"Lagavulin","floor":7,"turns":6},{"damage":16,"enemies":"Lots of Slimes","floor":10,"turns":1}],"seed_played":"-3410363816918167796","potions_obtained":[{"floor":1,"key":"Strength Potion"},{"floor":2,"key":"Poison Potion"},{"floor":7,"key":"EssenceOfSteel"}],"is_trial":false,"path_per_floor":["?","$","M"],"character_chosen":"IRONCLAD","items_purchased":["Spot Weakness"],"campfire_rested":0,"item_purchase_floors":[8],"current_hp_per_floor":[75,78,78,79,46,46,12,12,12,0],"gold":86,"neow_bonus":"REMOVE_TWO","is_prod":false,"is_daily":false,"chose_seed":false,"campfire_upgraded":1,"win_rate":0,"timestamp":1554757426,"path_taken":["M","M","?","M","M","R","E","?","T","?"],"build_version":"2019-01-23","purchased_purges":0,"victory":false,"max_hp_per_floor":[80,80,80,80,80,80,80,80,80,80],"card_choices":[{"not_picked":["Seeing Red","Anger"],"picked":"Combust","floor":1},{"not_picked":["Metallicize","Cleave","Clash"],"picked":"SKIP","floor":2},{"not_picked":["Feel No Pain","Wild Strike"],"picked":"Disarm","floor":4},{"not_picked":["Flex","Thunderclap","True Grit"],"picked":"SKIP","floor":5},{"not_picked":["Wild Strike","Pummel","Brutality"],"picked":"SKIP","floor":7}],"player_experience":179496,"relics_obtained":[{"floor":7,"key":"Bronze Scales"},{"floor":9,"key":"Happy Flower"}],"event_choices":[{"damage_healed":0,"gold_gain":0,"player_choice":"Cursed","damage_taken":0,"max_hp_gain":0,"max_hp_loss":0,"event_name":"Wheel of Change","floor":3,"gold_loss":0,"cards_obtained":["Decay"]}],"is_beta":false,"boss_relics":[],"items_purged_floors":[],"is_endless":false,"potions_floor_spawned":[1,2,7],"killed_by":"Lots of Slimes","ascension_level":5}