{"gold_per_floor":[116,134,153,328,97,124,124,124,204,204,204,238,238,282,282,372,372,392,667,37,13,13,13,48,69,150,193,193,463,66,85,85,184,184,197,212,54,67,131,170,170,209,209,227,56,74,99,133,133,133],"floor_reached":51,"playtime":3154,"items_purged":["Doubt","Regret"],"score":1441,"play_id":"6c0e2d24-e7e3-4ff6-81ce-8fd14437982a","local_time":"20190403191550","is_ascension_mode":true,"campfire_choices":[{"floor":8,"key":"REST"},{"floor":11,"key":"REST"},{"data":"Uppercut","floor":15,"key":"SMITH"},{"floor":23,"key":"REST"},{"data":"Inflame","floor":28,"key":"SMITH"},{"floor":32,"key":"REST"},{"floor":41,"key":"REST"},{"floor":49,"key":"REST"}],"neow_cost":"NONE","seed_source_timestamp":11350201355423,"circlet_count":0,"master_deck":["AscendersBane","Strike_R+1","Strike_R","Strike_R+1","Strike_R","Strike_R","Defend_R","Defend_R","Defend_R+1","Defend_R","Bash","Pommel Strike","Hemokinesis","Headbutt","Uppercut+1","Inflame+1","Iron Wave","Twin Strike+1","Ghostly Armor","Reaper+1","Shrug It Off+1","Metallicize","Iron Wave+1","Magnetism","Iron Wave+1","Pommel Strike+1","Clothesline+1","Flame Barrier","Metallicize","Heavy Blade+1","Ghostly Armor","Reaper+1","Reaper+1","Pummel+1","Uppercut+1","Flame Barrier","Metallicize","Shrug It Off","Reaper+1","Spot Weakness","Rupture+1","Inflame","Rupture","Shockwave","Limit Break","Cleave+1"],"relics":["Burning Blood","Bag of Marbles","Centennial Puzzle","Molten Egg 2","Oddly Smooth Stone","Golden Idol","Ice Cream","Snecko Eye","Mummified Hand","Enchiridion","War Paint","Blue Candle","Vajra","Bottled Tornado","Fusion Hammer","Ginger","Pantograph","Champion Belt","The Courier","Art of War"],"potions_floor_usage":[14,16,16,50,50],"damage_taken":[{"damage":5,"enemies":"Small Slimes","floor":1,"turns":4},{"damage":4,"enemies":"2 Louse","floor":2,"turns":3},{"damage":12,"enemies":"Jaw Worm","floor":3,"turns":3},{"damage":36,"enemies":"3 Sentries","floor":6,"turns":7},{"damage":22,"enemies":"Gremlin Nob","floor":12,"turns":4},{"damage":18,"enemies":"Lagavulin","floor":14,"turns":4},{"damage":14,"enemies":"The Guardian","floor":16,"turns":10},{"damage":11,"enemies":"Spheric Guardian","floor":18,"turns":3},{"damage":1,"enemies":"Gremlin Leader","floor":24,"turns":5},{"damage":3,"enemies":"2 Thieves","floor":25,"turns":3},{"damage":43,"enemies":"Slavers","floor":27,"turns":5},{"damage":0,"enemies":"Snake Plant","floor":31,"turns":2},{"damage":30,"enemies":"Collector","floor":33,"turns":8},{"damage":0,"enemies":"3 Shapes","floor":35,"turns":1},{"damage":0,"enemies":"Orb Walker","floor":36,"turns":2},{"damage":10,"enemies":"Writhing Mass","floor":38,"turns":3},{"damage":3,"enemies":"2 Orb Walkers","floor":39,"turns":3},{"damage":19,"enemies":"Nemesis","floor":40,"turns":7},{"damage":3,"enemies":"Reptomancer","floor":42,"turns":3},{"damage":3,"enemies":"Jaw Worm Horde","floor":44,"turns":3},{"damage":0,"enemies":"4 Shapes","floor":46,"turns":2},{"damage":6,"enemies":"Writhing Mass","floor":47,"turns":3},{"damage":10,"enemies":"Nemesis","floor":48,"turns":5},{"damage":81,"enemies":"Awakened One","floor":50,"turns":8}],"seed_played":"-2865519348474305861","potions_obtained":[{"floor":0,"key":"AttackPotion"},{"floor":0,"key":"SteroidPotion"},{"floor":14,"key":"Strength Potion"},{"floor":18,"key":"PowerPotion"},{"floor":27,"key":"PowerPotion"}],"is_trial":false,"path_per_floor":["M","M","M","?","$","E","?","R","T","?","R","E","?","E","R","B",null,"M","?","$","$","?","R","E","M","T","E","R","?","$","M","R","B",null,"M","M","$","M","?","E","R","E","T","M","$","M","M","E","R","B",null],"character_chosen":"IRONCLAD","items_purchased":["Uppercut","Inflame","Mummified Hand","Metallicize","Iron Wave+1","Magnetism","Iron Wave+1","Metallicize","Heavy Blade+1","Bottled Tornado","Ghostly Armor","Flame Barrier","Metallicize","Inflame","Rupture","Shockwave"],"campfire_rested":6,"item_purchase_floors":[5,5,20,20,20,20,21,30,30,30,30,37,37,45,45,45],"current_hp_per_floor":[69,71,65,65,65,35,17,39,39,24,46,30,30,18,18,10,54,49,49,49,49,33,53,58,69,69,46,46,22,22,28,48,52,65,69,69,69,69,69,66,69,69,69,69,69,69,69,65,69,47],"gold":133,"neow_bonus":"THREE_SMALL_POTIONS","is_prod":false,"is_daily":false,"chose_seed":false,"campfire_upgraded":2,"win_rate":0,"timestamp":1554329750,"path_taken":["M","M","M","?","$","E","?","R","T","?","R","E","?","E","R","BOSS","M","?","?","$","?","R","E","M","T","E","R","?","$","M","R","BOSS","M","M","?","M","?","E","R","E","T","M","$","M","M","E","R","BOSS"],"build_version":"2019-01-23","purchased_purges":2,"victory":true,"max_hp_per_floor":[75,75,75,75,75,75,75,75,75,75,75,75,69,69,69,69,69,69,69,69,69,69,69,69,69,69,69,69,69,69,69,69,69,69,69,69,69,69,69,69,69,69,69,69,69,69,69,69,69,69],"card_choices":[{"not_picked":["Dropkick","Perfected Strike"],"picked":"Pommel Strike","floor":1},{"not_picked":["Iron Wave","Metallicize"],"picked":"Hemokinesis","floor":2},{"not_picked":["Thunderclap","Fiend Fire"],"picked":"Headbutt","floor":3},{"not_picked":["Havoc","Spot Weakness"],"picked":"Iron Wave","floor":6},{"not_picked":["Heavy Blade+1","Evolve"],"picked":"Twin Strike+1","floor":12},{"not_picked":["Anger+1","Havoc"],"picked":"Ghostly Armor","floor":14},{"not_picked":["Offering","Barricade"],"picked":"Reaper+1","floor":16},{"not_picked":["Perfected Strike+1","Iron Wave+1"],"picked":"Shrug It Off","floor":18},{"not_picked":["Hemokinesis+1","Sentinel"],"picked":"Pommel Strike+1","floor":24},{"not_picked":["Iron Wave+1","Evolve"],"picked":"Clothesline+1","floor":25},{"not_picked":["Perfected Strike+1","Heavy Blade+1"],"picked":"Flame Barrier","floor":27},{"not_picked":["Pommel Strike+1","Body Slam+1"],"picked":"Reaper+1","floor":31},{"not_picked":["Brutality","Impervious"],"picked":"Reaper+1","floor":33},{"not_picked":["Iron Wave+1","Body Slam+1"],"picked":"Pummel+1","floor":35},{"not_picked":["Armaments","Carnage+1"],"picked":"Uppercut+1","floor":36},{"not_picked":["Thunderclap+1","True Grit","Rampage+1"],"picked":"SKIP","floor":38},{"not_picked":["Iron Wave+1","Thunderclap+1"],"picked":"Shrug It Off","floor":39},{"not_picked":["Havoc","Twin Strike+1"],"picked":"Reaper+1","floor":40},{"not_picked":["Havoc","Shrug It Off"],"picked":"Spot Weakness","floor":42},{"not_picked":["Perfected Strike+1","Headbutt+1"],"picked":"Rupture+1","floor":44},{"not_picked":["Clash+1","Cleave+1"],"picked":"Limit Break","floor":46},{"not_picked":["Body Slam+1","Dropkick+1","Clash+1"],"picked":"SKIP","floor":47},{"not_picked":["Entrench","Havoc+1"],"picked":"Cleave+1","floor":48}],"player_experience":493388,"relics_obtained":[{"floor":6,"key":"Bag of Marbles"},{"floor":9,"key":"Molten Egg 2"},{"floor":12,"key":"Oddly Smooth Stone"},{"floor":14,"key":"Ice Cream"},{"floor":22,"key":"Enchiridion"},{"floor":24,"key":"War Paint"},{"floor":26,"key":"Blue Candle"},{"floor":27,"key":"Vajra"},{"floor":39,"key":"Ginger"},{"floor":40,"key":"Pantograph"},{"floor":42,"key":"Champion Belt"},{"floor":43,"key":"The Courier"},{"floor":48,"key":"Art of War"}],"event_choices":[{"damage_healed":0,"gold_gain":175,"player_choice":"AGREE","damage_taken":0,"max_hp_gain":0,"max_hp_loss":0,"event_name":"Liars Game","floor":4,"gold_loss":0,"cards_obtained":["Doubt"]},{"damage_healed":0,"gold_gain":0,"player_choice":"Success","damage_taken":18,"relics_obtained":["Centennial Puzzle"],"max_hp_gain":0,"max_hp_loss":0,"event_name":"Scrap Ooze","floor":7,"gold_loss":0},{"damage_healed":0,"gold_gain":0,"player_choice":"Entered Light","damage_taken":15,"max_hp_gain":0,"max_hp_loss":0,"event_name":"Shining Light","floor":10,"gold_loss":0,"cards_upgraded":["Strike_R","Strike_R"]},{"damage_healed":0,"gold_gain":0,"player_choice":"Lose Max HP","damage_taken":0,"relics_obtained":["Golden Idol"],"max_hp_gain":0,"max_hp_loss":6,"event_name":"Golden Idol","floor":13,"gold_loss":0},{"damage_healed":0,"gold_gain":275,"player_choice":"Desecrate","damage_taken":0,"max_hp_gain":0,"max_hp_loss":0,"event_name":"Golden Shrine","floor":19,"gold_loss":0,"cards_obtained":["Regret"]},{"damage_healed":0,"gold_gain":0,"player_choice":"Obtained Book","damage_taken":16,"max_hp_gain":0,"max_hp_loss":0,"event_name":"Cursed Tome","floor":22,"gold_loss":0},{"damage_healed":0,"gold_gain":270,"player_choice":"GOLD GOLD GOLD ","damage_taken":24,"max_hp_gain":0,"max_hp_loss":0,"event_name":"Knowing Skull","floor":29,"potions_obtained":[],"gold_loss":0,"cards_obtained":[]},{"damage_healed":0,"gold_gain":0,"player_choice":"Fight","damage_taken":0,"max_hp_gain":0,"max_hp_loss":0,"event_name":"Mysterious Sphere","floor":39,"gold_loss":0}],"is_beta":false,"boss_relics":[{"not_picked":["Calling Bell","Empty Cage"],"picked":"Snecko Eye"},{"not_picked":["Runic Cube","Mark of Pain"],"picked":"Fusion Hammer"}],"items_purged_floors":[5,20],"is_endless":false,"potions_floor_spawned":[3,6,14,18,27,35,39,40,46],"ascension_level":14}