{"gold_per_floor":[115,125,125,50,50,81,81,110,110,110,130,160,160,178,178,283,283,297,5,22,22,22,22,39,39,39,65,65,91,110,125,125,228,228,241,32,32,0,11,39,51,91,103,126,138],"floor_reached":45,"playtime":1373,"items_purged":["Strike_R","Strike_R"],"score":712,"play_id":"e2c79ca6-4884-46a2-a06e-5d37327a4418","local_time":"20190321235029","is_ascension_mode":true,"campfire_choices":[{"data":"Bash","floor":7,"key":"SMITH"},{"data":"Flex","floor":10,"key":"SMITH"},{"data":"Battle Trance","floor":15,"key":"SMITH"},{"floor":23,"key":"RECALL"},{"data":"Offering","floor":28,"key":"SMITH"},{"data":"Defend_R","floor":32,"key":"SMITH"},{"data":"Defend_R","floor":41,"key":"SMITH"}],"neow_cost":"NONE","seed_source_timestamp":266931419351400,"circlet_count":0,"master_deck":["Strike_R","Strike_R","Defend_R+1","Defend_R+1","Defend_R","Defend_R","Bash+1","Whirlwind+1","Dropkick+1","Flex+1","Battle Trance+1","Shrug It Off+1","Offering+1"],"relics":["Burning Blood","NeowsBlessing","Mango","Red Skull","Blue Candle","Smiling Mask","Busted Crown","Bottled Flame","Sundial","Anchor","Shuriken","Philosopher\u0027s Stone","Chemical X","Red Mask","MawBank","Potion Belt","Mummified Hand"],"potions_floor_usage":[8,14,18,29,29,33,33,45],"damage_taken":[{"damage":0,"enemies":"2 Louse","floor":1,"turns":1},{"damage":0,"enemies":"Jaw Worm","floor":2,"turns":1},{"damage":0,"enemies":"3 Sentries","floor":6,"turns":1},{"damage":21,"enemies":"Lagavulin","floor":8,"turns":5},{"damage":1,"enemies":"Cultist","floor":11,"turns":3},{"damage":16,"enemies":"Gremlin Nob","floor":12,"turns":3},{"damage":6,"enemies":"Exordium Wildlife","floor":14,"turns":4},{"damage":17,"enemies":"Slime Boss","floor":16,"turns":8},{"damage":6,"enemies":"Spheric Guardian","floor":18,"turns":4},{"damage":20,"enemies":"2 Thieves","floor":20,"turns":2},{"damage":1,"enemies":"3 Cultists","floor":24,"turns":3},{"damage":6,"enemies":"Gremlin Leader","floor":27,"turns":3},{"damage":6,"enemies":"Book of Stabbing","floor":29,"turns":4},{"damage":6,"enemies":"Centurion and Healer","floor":30,"turns":2},{"damage":6,"enemies":"Shelled Parasite and Fungi","floor":31,"turns":1},{"damage":21,"enemies":"Champ","floor":33,"turns":9},{"damage":6,"enemies":"Orb Walker","floor":35,"turns":1},{"damage":4,"enemies":"3 Shapes","floor":39,"turns":1},{"damage":0,"enemies":"Nemesis","floor":40,"turns":3},{"damage":6,"enemies":"Reptomancer","floor":42,"turns":3},{"damage":6,"enemies":"Maw","floor":44,"turns":3},{"damage":125,"enemies":"Nemesis","floor":45,"turns":9}],"seed_played":"-2088547973449922494","potions_obtained":[{"floor":1,"key":"AttackPotion"},{"floor":11,"key":"SpeedPotion"},{"floor":12,"key":"Weak Potion"},{"floor":14,"key":"Fruit Juice"},{"floor":20,"key":"Weak Potion"},{"floor":27,"key":"Fruit Juice"},{"floor":30,"key":"Regen Potion"},{"floor":31,"key":"SkillPotion"},{"floor":39,"key":"Explosive Potion"}],"is_trial":false,"path_per_floor":["M","M","?","$","?","E","R","E","T","R","M","E","T","M","R","B",null,"M","$","M","$","?","R","M","?","T","E","R","E","M","M","R","B",null,"M","$","?","?","M","E","R","E","T","M","E"],"character_chosen":"IRONCLAD","items_purchased":["Bottled Flame","Chemical X"],"campfire_rested":0,"item_purchase_floors":[19,36],"current_hp_per_floor":[80,80,80,80,85,99,99,84,84,84,89,79,79,84,84,73,104,104,104,90,90,90,90,95,95,95,95,95,100,100,100,100,85,109,109,109,104,104,104,104,104,104,104,104,0],"gold":138,"neow_bonus":"THREE_ENEMY_KILL","is_prod":false,"is_daily":false,"chose_seed":false,"campfire_upgraded":6,"win_rate":0,"timestamp":1553237429,"path_taken":["M","M","?","$","?","E","R","E","T","R","M","E","?","M","R","BOSS","M","$","M","$","?","R","?","?","T","E","R","E","M","M","R","BOSS","M","$","?","?","?","E","R","E","T","M","E"],"build_version":"2019-01-23","purchased_purges":2,"victory":false,"max_hp_per_floor":[80,80,80,80,85,99,99,99,99,99,99,99,99,104,104,104,104,104,104,104,104,104,104,104,104,104,104,104,109,109,109,109,109,109,109,109,104,104,104,104,104,104,104,104,104],"card_choices":[{"not_picked":["Evolve","Twin Strike"],"picked":"Whirlwind","floor":1},{"not_picked":["Armaments","Disarm"],"picked":"Dropkick","floor":2},{"not_picked":["Pommel Strike","Twin Strike","Iron Wave"],"picked":"SKIP","floor":6},{"not_picked":["Combust","Thunderclap"],"picked":"Flex","floor":8},{"not_picked":["Twin Strike","Warcry"],"picked":"Battle Trance","floor":11},{"not_picked":["Feel No Pain","Corruption","Havoc"],"picked":"SKIP","floor":12},{"not_picked":["Entrench","Armaments","Cleave"],"picked":"SKIP","floor":14},{"not_picked":["Clash+1"],"picked":"SKIP","floor":18},{"not_picked":[],"picked":"Shrug It Off+1","floor":20},{"not_picked":["Entrench"],"picked":"SKIP","floor":24},{"not_picked":["Iron Wave"],"picked":"SKIP","floor":27},{"not_picked":["Uppercut+1"],"picked":"SKIP","floor":29},{"not_picked":["Searing Blow"],"picked":"SKIP","floor":30},{"not_picked":["Shrug It Off"],"picked":"SKIP","floor":31},{"not_picked":["Iron Wave+1"],"picked":"SKIP","floor":35},{"not_picked":["Battle Trance+1"],"picked":"SKIP","floor":39},{"not_picked":["Burning Pact+1"],"picked":"SKIP","floor":40},{"not_picked":["Iron Wave"],"picked":"SKIP","floor":42},{"not_picked":["Body Slam+1"],"picked":"SKIP","floor":44}],"player_experience":814933,"relics_obtained":[{"floor":6,"key":"Mango"},{"floor":8,"key":"Red Skull"},{"floor":12,"key":"Blue Candle"},{"floor":13,"key":"Smiling Mask"},{"floor":26,"key":"Sundial"},{"floor":27,"key":"Anchor"},{"floor":29,"key":"Shuriken"},{"floor":40,"key":"MawBank"},{"floor":42,"key":"Potion Belt"},{"floor":43,"key":"Mummified Hand"}],"event_choices":[{"damage_healed":0,"gold_gain":0,"player_choice":"Grow","damage_taken":0,"max_hp_gain":0,"max_hp_loss":0,"event_name":"Living Wall","floor":3,"gold_loss":0,"cards_upgraded":["Whirlwind"]},{"damage_healed":0,"gold_gain":0,"player_choice":"Donut","damage_taken":0,"max_hp_gain":5,"max_hp_loss":0,"event_name":"Big Fish","floor":5,"gold_loss":0},{"damage_healed":0,"gold_gain":0,"player_choice":"Forge","damage_taken":0,"max_hp_gain":0,"max_hp_loss":0,"event_name":"Accursed Blacksmith","floor":22,"gold_loss":0,"cards_upgraded":["Dropkick"]},{"damage_healed":0,"gold_gain":0,"cards_transformed":["Strike_R"],"player_choice":"Transformed","damage_taken":0,"max_hp_gain":0,"max_hp_loss":0,"event_name":"Transmorgrifier","floor":25,"gold_loss":0,"cards_obtained":["Offering"]},{"damage_healed":0,"gold_gain":0,"player_choice":"Max HP","damage_taken":0,"max_hp_gain":0,"max_hp_loss":5,"event_name":"Winding Halls","floor":37,"gold_loss":0},{"damage_healed":0,"gold_gain":0,"player_choice":"Paid","damage_taken":0,"relics_obtained":["Red Mask"],"max_hp_gain":0,"max_hp_loss":0,"event_name":"Tomb of Lord Red Mask","floor":38,"gold_loss":32}],"is_beta":false,"boss_relics":[{"not_picked":["Cursed Key","Pandora\u0027s Box"],"picked":"Busted Crown"},{"not_picked":["Mark of Pain","Black Star"],"picked":"Philosopher\u0027s Stone"}],"items_purged_floors":[4,19],"is_endless":false,"potions_floor_spawned":[1,11,12,14,20,27,30,31,39],"killed_by":"Nemesis","ascension_level":1}