{"gold_per_floor":[112,387,401,411,6,32,32,59,59,59,88,102,102,114,114,188,188,204,236,253,253,17,49,49,49,49,49,83,83,97,47,47,123,123,134,134,149,160,29,29],"floor_reached":40,"playtime":3271,"items_purged":["Regret","Strike_G","Parasite"],"score":774,"play_id":"18fd7387-d3b5-409b-af24-a2ac5fa2f5db","local_time":"20190427161718","is_ascension_mode":true,"campfire_choices":[{"floor":7,"key":"REST"},{"data":"Neutralize","floor":10,"key":"SMITH"},{"data":"Noxious Fumes","floor":15,"key":"SMITH"},{"floor":25,"key":"REST"},{"data":"Phantasmal Killer","floor":27,"key":"SMITH"},{"data":"Footwork","floor":29,"key":"SMITH"},{"floor":32,"key":"REST"}],"neow_cost":"NONE","seed_source_timestamp":792363915761,"circlet_count":0,"master_deck":["AscendersBane","Defend_G","Defend_G","Defend_G","Defend_G","Defend_G","Strike_G","Strike_G","Strike_G+1","Survivor","Neutralize+1","Burst","Backstab","Backflip","Predator","Unload+1","Well Laid Plans","Doppelganger","Dodge and Roll","Dagger Spray","Noxious Fumes+1","Phantasmal Killer+1","Backflip","PiercingWail","Dodge and Roll","Adrenaline","Escape Plan+1","Footwork+1","Die Die Die","PiercingWail","Burst+1","Backflip","Acrobatics+1","Footwork"],"relics":["Ring of the Snake","Vajra","Letter Opener","Whetstone","Kunai","Regal Pillow","Sozu","Red Mask","Smiling Mask","StoneCalendar","Singing Bowl","Eternal Feather"],"potions_floor_usage":[16,20,40],"damage_taken":[{"damage":0,"enemies":"Small Slimes","floor":1,"turns":3},{"damage":13,"enemies":"Cultist","floor":3,"turns":4},{"damage":1,"enemies":"Jaw Worm","floor":4,"turns":3},{"damage":10,"enemies":"3 Sentries","floor":6,"turns":9},{"damage":14,"enemies":"Lagavulin","floor":8,"turns":7},{"damage":9,"enemies":"3 Sentries","floor":11,"turns":9},{"damage":2,"enemies":"Gremlin Gang","floor":12,"turns":4},{"damage":3,"enemies":"Large Slime","floor":14,"turns":3},{"damage":13,"enemies":"Hexaghost","floor":16,"turns":10},{"damage":1,"enemies":"Chosen","floor":18,"turns":4},{"damage":47,"enemies":"Masked Bandits","floor":19,"turns":4},{"damage":0,"enemies":"2 Thieves","floor":20,"turns":4},{"damage":3,"enemies":"Gremlin Leader","floor":23,"turns":5},{"damage":13,"enemies":"Book of Stabbing","floor":28,"turns":6},{"damage":15,"enemies":"Snecko","floor":30,"turns":6},{"damage":6,"enemies":"Collector","floor":33,"turns":9},{"damage":17,"enemies":"3 Darklings","floor":35,"turns":5},{"damage":0,"enemies":"Orb Walker","floor":37,"turns":4},{"damage":0,"enemies":"Writhing Mass","floor":38,"turns":7},{"damage":58,"enemies":"Giant Head","floor":40,"turns":10}],"seed_played":"8351802060698798991","potions_obtained":[{"floor":3,"key":"SpeedPotion"},{"floor":8,"key":"Swift Potion"},{"floor":16,"key":"SkillPotion"}],"is_trial":false,"path_per_floor":["M","?","M","M","$","E","R","E","T","R","E","M","?","M","R","B",null,"M","?","M","?","$","E","?","R","T","R","E","R","M","$","R","B",null,"M","?","M","M","$","E"],"character_chosen":"THE_SILENT","items_purchased":["Unload","Well Laid Plans","Vajra","Adrenaline","PiercingWail","Footwork"],"campfire_rested":3,"item_purchase_floors":[5,5,5,22,31,39],"current_hp_per_floor":[59,59,46,45,45,35,54,40,40,40,31,29,29,26,26,13,53,52,5,5,18,18,15,15,49,49,49,36,36,21,21,55,49,62,45,45,47,47,47,0],"gold":29,"neow_bonus":"ONE_RANDOM_RARE_CARD","is_prod":false,"is_daily":false,"chose_seed":false,"campfire_upgraded":4,"win_rate":0,"timestamp":1556392638,"path_taken":["M","?","?","M","$","E","R","E","T","R","E","M","?","?","R","BOSS","M","?","M","?","$","E","?","R","T","R","E","R","M","?","R","BOSS","M","?","M","?","$","E"],"build_version":"2019-01-23","purchased_purges":3,"victory":false,"max_hp_per_floor":[66,66,66,66,66,66,66,66,66,66,66,66,66,66,66,66,66,66,66,66,66,66,66,66,66,66,66,66,66,66,66,66,66,66,66,66,68,68,65,65],"card_choices":[{"not_picked":["Cloak And Dagger","Expertise"],"picked":"Backstab","floor":1},{"not_picked":["Acrobatics","Underhanded Strike"],"picked":"Backflip","floor":3},{"not_picked":["PiercingWail","Dodge and Roll"],"picked":"Predator","floor":4},{"not_picked":["Flechettes","Accuracy"],"picked":"Doppelganger","floor":6},{"not_picked":["Escape Plan","Flechettes"],"picked":"Dodge and Roll","floor":8},{"not_picked":["Setup","Skewer","Choke"],"picked":"SKIP","floor":11},{"not_picked":["Prepared","Deadly Poison"],"picked":"Dagger Spray","floor":12},{"not_picked":["Prepared","Distraction"],"picked":"Noxious Fumes","floor":14},{"not_picked":["Night Terror","Venomology"],"picked":"Phantasmal Killer","floor":16},{"not_picked":["Deflect+1","Predator"],"picked":"Backflip","floor":18},{"not_picked":["Concentrate","Backflip"],"picked":"PiercingWail","floor":19},{"not_picked":["Quick Slash","Caltrops"],"picked":"Dodge and Roll","floor":20},{"not_picked":["Heel Hook","Dodge and Roll"],"picked":"Escape Plan+1","floor":23},{"not_picked":["Underhanded Strike","Expertise"],"picked":"Footwork","floor":28},{"not_picked":["Flying Knee","Outmaneuver"],"picked":"Die Die Die","floor":30},{"not_picked":["Malaise","Wraith Form v2"],"picked":"Burst","floor":33},{"not_picked":["Heel Hook","Leg Sweep"],"picked":"Backflip","floor":35},{"not_picked":["Cloak And Dagger","Infinite Blades","Sucker Punch+1"],"picked":"Singing Bowl","floor":37},{"not_picked":["Flying Knee","Deflect"],"picked":"Acrobatics+1","floor":38}],"player_experience":771275,"relics_obtained":[{"floor":6,"key":"Letter Opener"},{"floor":8,"key":"Whetstone"},{"floor":9,"key":"Kunai"},{"floor":11,"key":"Regal Pillow"},{"floor":19,"key":"Red Mask"},{"floor":23,"key":"Smiling Mask"},{"floor":26,"key":"StoneCalendar"},{"floor":28,"key":"Singing Bowl"}],"event_choices":[{"damage_healed":0,"gold_gain":275,"player_choice":"Desecrate","damage_taken":0,"max_hp_gain":0,"max_hp_loss":0,"event_name":"Golden Shrine","floor":2,"gold_loss":0,"cards_obtained":["Regret"]},{"cards_removed":["Strike_G"],"damage_healed":0,"gold_gain":0,"player_choice":"Purged","damage_taken":0,"max_hp_gain":0,"max_hp_loss":0,"event_name":"Purifier","floor":13,"gold_loss":0},{"damage_healed":0,"gold_gain":0,"player_choice":"Fought Bandits","damage_taken":0,"max_hp_gain":0,"max_hp_loss":0,"event_name":"Masked Bandits","floor":19,"gold_loss":0},{"damage_healed":13,"gold_gain":0,"player_choice":"Heal","damage_taken":0,"max_hp_gain":0,"max_hp_loss":0,"event_name":"The Library","floor":21,"gold_loss":0},{"damage_healed":0,"gold_gain":0,"player_choice":"Ignored","damage_taken":0,"max_hp_gain":0,"max_hp_loss":0,"event_name":"Cursed Tome","floor":24,"gold_loss":0},{"damage_healed":0,"gold_gain":0,"player_choice":"Upgraded","damage_taken":0,"max_hp_gain":0,"max_hp_loss":0,"event_name":"Upgrade Shrine","floor":36,"gold_loss":0,"cards_upgraded":["Burst"]}],"is_beta":false,"boss_relics":[{"not_picked":["Calling Bell","Cursed Key"],"picked":"Sozu"},{"not_picked":["WristBlade","HoveringKite"],"picked":"Eternal Feather"}],"items_purged_floors":[5,22,39],"is_endless":false,"potions_floor_spawned":[3,8,11,16,18,20,30,33,35,37],"killed_by":"Giant Head","ascension_level":15}