{"gold_per_floor":[112,132,145,145,220,252,252,265,265,265,300,311,311,325,325,325],"floor_reached":16,"playtime":526,"items_purged":[],"score":178,"play_id":"ed50ea5b-95ef-4629-aafd-6a1c03935d47","local_time":"20180814111944","is_ascension_mode":true,"campfire_choices":[{"data":"Flex","floor":7,"key":"SMITH"},{"data":"Shrug It Off","floor":10,"key":"SMITH"},{"data":"Flex","floor":13,"key":"SMITH"},{"data":"Bash","floor":15,"key":"SMITH"}],"neow_cost":"CURSE","seed_source_timestamp":424502101325724,"circlet_count":0,"master_deck":["Strike_R","Strike_R","Strike_R","Strike_R","Strike_R","Defend_R","Defend_R","Defend_R","Defend_R","Bash+1","Writhe","Immolate","Flex+1","Twin Strike","Shrug It Off+1","Uppercut","Flex+1","Seeing Red"],"relics":["Burning Blood","Bag of Preparation","Omamori","Ornamental Fan"],"potions_floor_usage":[8,11,11,16,16],"damage_taken":[{"damage":10,"enemies":"Small Slimes","floor":1,"turns":4},{"damage":0,"enemies":"Cultist","floor":2,"turns":2},{"damage":7,"enemies":"Jaw Worm","floor":3,"turns":3},{"damage":24,"enemies":"Gremlin Nob","floor":6,"turns":4},{"damage":0,"enemies":"2 Fungi Beasts","floor":8,"turns":2},{"damage":0,"enemies":"3 Sentries","floor":11,"turns":5},{"damage":8,"enemies":"3 Louse","floor":12,"turns":2},{"damage":3,"enemies":"Looter","floor":14,"turns":3},{"damage":81,"enemies":"Slime Boss","floor":16,"turns":10}],"seed_played":"-2331225749980735000","potions_obtained":[{"floor":2,"key":"BloodPotion"},{"floor":3,"key":"Explosive Potion"},{"floor":4,"key":"Fire Potion"},{"floor":8,"key":"BloodPotion"},{"floor":12,"key":"Weak Potion"}],"is_trial":false,"path_per_floor":["M","M","M","?","?","E","R","M","T","R","E","M","R","M","R"],"character_chosen":"IRONCLAD","items_purchased":[],"campfire_rested":0,"item_purchase_floors":[],"current_hp_per_floor":[68,74,73,73,62,44,44,50,50,50,64,62,62,65,65,0],"gold":325,"neow_bonus":"THREE_RARE_CARDS","is_prod":false,"is_daily":false,"chose_seed":false,"campfire_upgraded":4,"win_rate":0,"timestamp":1534238384,"path_taken":["M","M","M","?","?","E","R","M","T","R","E","M","R","M","R","BOSS"],"build_version":"2018-08-09","purchased_purges":0,"victory":false,"max_hp_per_floor":[80,80,80,80,80,80,80,80,80,80,80,80,80,80,80,80],"card_choices":[{"not_picked":["Impervious","Exhume"],"picked":"Immolate","floor":0},{"not_picked":["Wild Strike","Headbutt"],"picked":"Flex","floor":1},{"not_picked":["Hemokinesis","Body Slam"],"picked":"Twin Strike","floor":2},{"not_picked":["Warcry","Clash"],"picked":"Shrug It Off","floor":3},{"not_picked":["Pommel Strike","Wild Strike","Juggernaut"],"picked":"SKIP","floor":6},{"not_picked":["Wild Strike","Twin Strike"],"picked":"Uppercut","floor":8},{"not_picked":["Wild Strike","Clothesline"],"picked":"Flex","floor":11},{"not_picked":["Wild Strike","Bloodletting","Perfected Strike"],"picked":"SKIP","floor":12},{"not_picked":["Uppercut","Clash"],"picked":"Seeing Red","floor":14}],"player_experience":263266,"relics_obtained":[{"floor":6,"key":"Bag of Preparation"},{"floor":9,"key":"Omamori"},{"floor":11,"key":"Ornamental Fan"}],"event_choices":[{"event_name":"The Lab","player_choice":"Got Potions","floor":4,"damage_taken":0},{"event_name":"World of Goop","player_choice":"Gather Gold","floor":5,"damage_taken":0}],"is_beta":false,"boss_relics":[],"items_purged_floors":[],"is_endless":false,"potions_floor_spawned":[2,3,8,12],"killed_by":"Slime Boss","ascension_level":6}