{"gold_per_floor":[117,137,6,156,156,3,3,33,59,77,77,103,103,103,103,103],"floor_reached":16,"playtime":461,"items_purged":["Doubt","Doubt"],"score":242,"play_id":"b2ecf872-187d-4365-943a-be245f163cd9","local_time":"20181221141000","is_ascension_mode":true,"campfire_choices":[{"data":"Armaments","floor":7,"key":"SMITH"},{"data":"True Grit","floor":11,"key":"SMITH"},{"data":"Double Tap","floor":13,"key":"SMITH"},{"data":"Clothesline","floor":15,"key":"SMITH"}],"neow_cost":"CURSE","seed_source_timestamp":359432816084046,"circlet_count":0,"master_deck":["AscendersBane","Strike_R","Strike_R","Strike_R","Strike_R","Strike_R","Defend_R","Defend_R","Defend_R","Defend_R","Bash+1","Double Tap+1","Wild Strike","Clothesline+1","Armaments+1","True Grit+1","Headbutt","Immolate"],"relics":["Burning Blood","Anchor","Centennial Puzzle","Red Skull","Blood Vial"],"potions_floor_usage":[8,12,16],"damage_taken":[{"damage":10,"enemies":"Small Slimes","floor":1,"turns":5},{"damage":11,"enemies":"Jaw Worm","floor":2,"turns":6},{"damage":37,"enemies":"Lagavulin","floor":8,"turns":7},{"damage":0,"enemies":"2 Louse","floor":10,"turns":3},{"damage":0,"enemies":"Gremlin Nob","floor":12,"turns":2},{"damage":45,"enemies":"Hexaghost","floor":16,"turns":9}],"seed_played":"2862740803191544816","potions_obtained":[{"floor":2,"key":"Swift Potion"},{"floor":10,"key":"AttackPotion"},{"floor":12,"key":"Energy Potion"}],"is_trial":false,"path_per_floor":["M","M","$","?","T","$","R","E","T","M","R","E","R","?","R","B"],"character_chosen":"IRONCLAD","items_purchased":["Armaments","FearPotion"],"campfire_rested":0,"item_purchase_floors":[3,6],"current_hp_per_floor":[64,59,59,59,59,59,59,28,28,34,34,40,40,40,40,0],"gold":103,"neow_bonus":"THREE_RARE_CARDS","is_prod":false,"is_daily":false,"chose_seed":false,"campfire_upgraded":4,"win_rate":0,"timestamp":1545397800,"path_taken":["M","M","$","?","?","$","R","E","T","M","R","E","R","?","R","BOSS"],"build_version":"2018-12-20","purchased_purges":2,"victory":false,"max_hp_per_floor":[75,75,75,75,75,75,75,75,75,75,75,75,75,75,75,75],"card_choices":[{"not_picked":["Dark Embrace","Barricade"],"picked":"Double Tap","floor":0},{"not_picked":["Warcry","Iron Wave"],"picked":"Wild Strike","floor":1},{"not_picked":["Fire Breathing","Heavy Blade"],"picked":"Clothesline","floor":2},{"not_picked":["Combust","Body Slam"],"picked":"True Grit","floor":8},{"not_picked":["Whirlwind","Perfected Strike"],"picked":"Headbutt","floor":10},{"not_picked":["Dual Wield","Sword Boomerang"],"picked":"Immolate","floor":12}],"player_experience":999042,"relics_obtained":[{"floor":5,"key":"Anchor"},{"floor":8,"key":"Centennial Puzzle"},{"floor":9,"key":"Red Skull"},{"floor":12,"key":"Blood Vial"}],"event_choices":[{"damage_healed":0,"gold_gain":150,"player_choice":"AGREE","damage_taken":0,"max_hp_gain":0,"max_hp_loss":0,"event_name":"Liars Game","floor":4,"gold_loss":0,"cards_obtained":["Doubt"]},{"damage_healed":0,"gold_gain":0,"player_choice":"Grow","damage_taken":0,"max_hp_gain":0,"max_hp_loss":0,"event_name":"Living Wall","floor":14,"gold_loss":0,"cards_upgraded":["Bash"]}],"is_beta":false,"boss_relics":[],"items_purged_floors":[3,6],"is_endless":false,"potions_floor_spawned":[2,10,12],"killed_by":"Hexaghost","ascension_level":17}