{"gold_per_floor":[112,126,145,145,162,162,162,237,237,250,250,282,282,300,300,395,395,411,60,75,75,0,0],"floor_reached":23,"playtime":966,"items_purged":[],"score":292,"play_id":"d20d033b-971e-4cda-8dc6-9d717d6ee6d9","local_time":"20180914135437","is_ascension_mode":true,"campfire_choices":[{"floor":6,"key":"REST"},{"data":"Shrug It Off","floor":11,"key":"SMITH"},{"data":"Metallicize","floor":15,"key":"SMITH"}],"neow_cost":"PERCENT_DAMAGE","seed_source_timestamp":845230456399444,"circlet_count":0,"master_deck":["Strike_R","Strike_R+1","Strike_R+1","Strike_R","Defend_R","Defend_R","Defend_R","Defend_R","Bash+1","Anger","Sword Boomerang","Thunderclap+1","Iron Wave+1","Shrug It Off+1","Uppercut","Metallicize+1","Limit Break","Cleave","Warcry","Clothesline+1"],"relics":["Burning Blood","The Courier","Bird Faced Urn","Sozu","Whetstone","Meat on the Bone","Juzu Bracelet"],"potions_floor_usage":[12,23],"damage_taken":[{"damage":6,"enemies":"2 Louse","floor":1,"turns":3},{"damage":7,"enemies":"Small Slimes","floor":2,"turns":4},{"damage":1,"enemies":"Cultist","floor":3,"turns":4},{"damage":7,"enemies":"3 Louse","floor":5,"turns":3},{"damage":6,"enemies":"Exordium Thugs","floor":10,"turns":4},{"damage":16,"enemies":"Lagavulin","floor":12,"turns":8},{"damage":0,"enemies":"Looter","floor":14,"turns":3},{"damage":43,"enemies":"The Guardian","floor":16,"turns":15},{"damage":12,"enemies":"Spheric Guardian","floor":18,"turns":4},{"damage":8,"enemies":"Shell Parasite","floor":20,"turns":6},{"damage":89,"enemies":"Gremlin Leader","floor":23,"turns":7}],"seed_played":"98975951820969106","potions_obtained":[{"floor":1,"key":"Energy Potion"},{"floor":12,"key":"FearPotion"},{"floor":14,"key":"Ancient Potion"},{"floor":16,"key":"LiquidBronze"}],"is_trial":false,"path_per_floor":["M","M","M","?","M","R","?","?","T","M","R","E","?","M","R","B",null,"M","$","M","?","?"],"character_chosen":"IRONCLAD","items_purchased":["Whetstone","Meat on the Bone","Warcry"],"campfire_rested":1,"item_purchase_floors":[19,19,19],"current_hp_per_floor":[64,63,68,49,48,76,76,65,65,65,65,55,52,58,58,23,78,74,74,74,74,74,0],"gold":0,"neow_bonus":"TWENTY_PERCENT_HP_BONUS","is_prod":false,"is_daily":false,"chose_seed":false,"campfire_upgraded":2,"win_rate":0,"timestamp":1536926077,"path_taken":["M","M","M","?","M","R","?","?","T","M","R","E","?","M","R","BOSS","M","$","M","?","?","E"],"build_version":"2018-09-06","purchased_purges":0,"victory":false,"max_hp_per_floor":[96,96,96,96,96,96,96,96,96,96,96,96,96,96,96,96,96,96,96,96,96,96,96],"card_choices":[{"not_picked":["Shockwave","Reckless Charge"],"picked":"Anger","floor":1},{"not_picked":["Sentinel","Wild Strike"],"picked":"Sword Boomerang","floor":2},{"not_picked":["Headbutt","Clash"],"picked":"Thunderclap","floor":3},{"not_picked":["Clothesline","Wild Strike"],"picked":"Iron Wave","floor":5},{"not_picked":["Thunderclap","Anger"],"picked":"Shrug It Off","floor":10},{"not_picked":["Body Slam","Twin Strike"],"picked":"Uppercut","floor":12},{"not_picked":["Body Slam","Havoc"],"picked":"Metallicize","floor":14},{"not_picked":["Dark Embrace","Exhume"],"picked":"Limit Break","floor":16},{"not_picked":["Shockwave","Seeing Red"],"picked":"Cleave","floor":18},{"not_picked":["Anger","Headbutt"],"picked":"Clothesline+1","floor":20}],"player_experience":336237,"relics_obtained":[{"floor":9,"key":"The Courier"}],"event_choices":[{"event_name":"Shining Light","player_choice":"Entered Light","floor":4,"damage_taken":0},{"event_name":"Upgrade Shrine","player_choice":"Upgraded","floor":7,"damage_taken":0},{"event_name":"World of Goop","player_choice":"Gather Gold","floor":8,"damage_taken":0},{"event_name":"Scrap Ooze","player_choice":"success","floor":13,"damage_taken":3},{"event_name":"The Mausoleum","player_choice":"Yes","floor":21,"damage_taken":0},{"event_name":"Beggar","player_choice":"Gave Gold","floor":22,"damage_taken":0}],"is_beta":false,"boss_relics":[{"not_picked":["Astrolabe","Empty Cage"],"picked":"Sozu"}],"items_purged_floors":[],"is_endless":false,"potions_floor_spawned":[1,12,14,16],"killed_by":"Gremlin Leader","ascension_level":8}