{"gold_per_floor":[116,116,19,37,53,82,82,113,137,137,137,164,41,59,59,59],"floor_reached":16,"playtime":464,"items_purged":[],"score":189,"play_id":"2fc0c7b1-35f9-45df-af13-fe34cab29f04","local_time":"20190423205758","is_ascension_mode":true,"campfire_choices":[{"data":"Crippling Poison","floor":7.0,"key":"SMITH"},{"floor":11.0,"key":"REST"},{"data":"After Image","floor":15.0,"key":"SMITH"}],"neow_cost":"NONE","seed_source_timestamp":0,"circlet_count":0,"master_deck":["AscendersBane","Defend_G","Defend_G+1","Defend_G","Defend_G+1","Defend_G","Strike_G","Strike_G","Strike_G","Strike_G","Strike_G","Survivor","Neutralize","Blur","Crippling Poison+1","Dagger Spray","After Image+1","Crippling Poison","Dagger Spray","Well Laid Plans","Dagger Spray","Backstab"],"special_seed":0,"relics":["Ring of the Snake","Boot","Regal Pillow","War Paint","Odd Mushroom"],"potions_floor_usage":[],"damage_taken":[{"damage":5.0,"enemies":"2 Louse","floor":1.0,"turns":5.0},{"damage":0.0,"enemies":"Small Slimes","floor":4.0,"turns":3.0},{"damage":4.0,"enemies":"Jaw Worm","floor":5.0,"turns":5.0},{"damage":24.0,"enemies":"Gremlin Nob","floor":6.0,"turns":4.0},{"damage":18.0,"enemies":"3 Sentries","floor":8.0,"turns":9.0},{"damage":8.0,"enemies":"The Mushroom Lair","floor":12.0,"turns":3.0},{"damage":7.0,"enemies":"3 Louse","floor":14.0,"turns":2.0},{"damage":0,"enemies":"The Guardian","floor":16,"turns":1}],"seed_played":"-2909960694294235063","potions_obtained":[{"floor":8.0,"key":"EssenceOfSteel"},{"floor":12.0,"key":"SteroidPotion"}],"is_trial":false,"path_per_floor":["M","?","$","M","M","E","R","E","T","?","R","?","$","M","R","B"],"character_chosen":"THE_SILENT","items_purchased":["Fire Potion","FearPotion","Well Laid Plans","Dagger Spray"],"campfire_rested":1,"item_purchase_floors":[3,3,13,13],"current_hp_per_floor":[54,54,54,54,50,26,26,8,8,8,42,34,34,27,27,27],"gold":59,"neow_bonus":"THREE_CARDS","is_prod":false,"is_daily":false,"chose_seed":false,"campfire_upgraded":2,"win_rate":0,"timestamp":1556063878,"path_taken":["M","?","$","M","M","E","R","E","T","?","R","?","?","M","R","BOSS"],"build_version":"2019-01-23","purchased_purges":0,"victory":false,"max_hp_per_floor":[66,66,66,66,66,66,66,66,66,66,66,66,66,66,66,66],"card_choices":[{"not_picked":["Infinite Blades","Bane"],"picked":"Blur","floor":0.0},{"not_picked":["Sucker Punch","Expertise"],"picked":"Crippling Poison","floor":1.0},{"not_picked":["PiercingWail","Bane"],"picked":"Dagger Spray","floor":4.0},{"not_picked":["Blade Dance","Backflip","Catalyst"],"picked":"SKIP","floor":5.0},{"not_picked":["Reflex","Choke"],"picked":"After Image","floor":6.0},{"not_picked":["Terror","Underhanded Strike"],"picked":"Crippling Poison","floor":8.0},{"not_picked":["Concentrate","Underhanded Strike"],"picked":"Dagger Spray","floor":12.0},{"not_picked":["Setup","PiercingWail"],"picked":"Backstab","floor":14.0}],"player_experience":737785,"relics_obtained":[{"floor":6.0,"key":"Boot"},{"floor":8.0,"key":"Regal Pillow"},{"floor":9.0,"key":"War Paint"},{"floor":12.0,"key":"Odd Mushroom"}],"event_choices":[{"damage_healed":0.0,"max_hp_gain":0.0,"max_hp_loss":0.0,"gold_gain":0.0,"event_name":"Golden Wing","player_choice":"Ignored","floor":2.0,"gold_loss":0.0,"damage_taken":0.0},{"damage_healed":0.0,"max_hp_gain":0.0,"max_hp_loss":0.0,"gold_gain":0.0,"event_name":"Liars Game","player_choice":"Ignored","floor":10.0,"gold_loss":0.0,"damage_taken":0.0},{"damage_healed":0.0,"max_hp_gain":0.0,"max_hp_loss":0.0,"gold_gain":0.0,"event_name":"Mushrooms","player_choice":"Fought Mushrooms","floor":12.0,"gold_loss":0.0,"damage_taken":0.0}],"is_beta":false,"boss_relics":[],"items_purged_floors":[],"is_endless":false,"potions_floor_spawned":[4,5,8,12],"killed_by":"The Guardian","ascension_level":15}