{"gold_per_floor":[115,128,140,150,150,185,197,197,197,197,20,51,71,71,71,174,174,188,188,188,188,113,113,13,13,64,64,64,89,100,129,129,232,232,250,269,19,19,0,30,30,58,58,69,69,69,84,99,99,99],"floor_reached":51,"playtime":3077,"items_purged":["Injury","Strike_B"],"score":840,"play_id":"0cbeac00-5825-46f3-a53b-6eb0d3462e5f","local_time":"20190327235744","is_ascension_mode":true,"campfire_choices":[{"data":"Zap","floor":8,"key":"SMITH"},{"data":"Rainbow","floor":10,"key":"SMITH"},{"floor":15,"key":"REST"},{"data":"Electrodynamics","floor":23,"key":"SMITH"},{"data":"Streamline","floor":25,"key":"SMITH"},{"data":"Tempest","floor":28,"key":"SMITH"},{"data":"Barrage","floor":32,"key":"SMITH"},{"data":"Thunder Strike","floor":41,"key":"SMITH"},{"data":"Dualcast","floor":45,"key":"SMITH"},{"floor":49,"key":"REST"}],"neow_cost":"NONE","seed_source_timestamp":3111989302222,"circlet_count":0,"master_deck":["Strike_B+1","Defend_B","Defend_B","Defend_B","Zap+1","Dualcast+1","Seek+1","Streamline","Beam Cell","Hologram","Streamline+1","Barrage+1","Rainbow+1","Coolheaded","Hologram","Hologram","Chaos","Electrodynamics+1","Tempest+1","White Noise+1","Chaos+1","Thunder Strike+1","Leap+1","Tempest+1","Dark Shackles","Parasite","Ball Lightning+1"],"relics":["Cracked Core","Sundial","Letter Opener","Meat on the Bone","Philosopher\u0027s Stone","Nilry\u0027s Codex","PreservedInsect","Question Card","Boot","Empty Cage","Bottled Lightning","Red Mask","Shovel","Darkstone Periapt"],"potions_floor_usage":[2,12,29,29,33,33,35,50,50],"damage_taken":[{"damage":5,"enemies":"Small Slimes","floor":1,"turns":3},{"damage":0,"enemies":"Cultist","floor":2,"turns":2},{"damage":0,"enemies":"2 Louse","floor":3,"turns":2},{"damage":1,"enemies":"2 Fungi Beasts","floor":4,"turns":2},{"damage":36,"enemies":"3 Sentries","floor":6,"turns":7},{"damage":1,"enemies":"Large Slime","floor":7,"turns":5},{"damage":9,"enemies":"Lagavulin","floor":12,"turns":4},{"damage":6,"enemies":"3 Louse","floor":13,"turns":2},{"damage":0,"enemies":"Slime Boss","floor":16,"turns":5},{"damage":14,"enemies":"Shell Parasite","floor":18,"turns":3},{"damage":0,"enemies":"Gremlin Leader","floor":29,"turns":2},{"damage":5,"enemies":"Chosen","floor":30,"turns":3},{"damage":22,"enemies":"Book of Stabbing","floor":31,"turns":3},{"damage":30,"enemies":"Automaton","floor":33,"turns":6},{"damage":2,"enemies":"3 Shapes","floor":35,"turns":3},{"damage":5,"enemies":"Orb Walker","floor":36,"turns":2},{"damage":25,"enemies":"Giant Head","floor":40,"turns":6},{"damage":23,"enemies":"Reptomancer","floor":42,"turns":4},{"damage":0,"enemies":"Spire Growth","floor":44,"turns":3},{"damage":16,"enemies":"Writhing Mass","floor":47,"turns":4},{"damage":0,"enemies":"Jaw Worm Horde","floor":48,"turns":1},{"damage":55,"enemies":"Time Eater","floor":50,"turns":7}],"seed_played":"7246412170562479275","potions_obtained":[{"floor":1,"key":"FocusPotion"},{"floor":7,"key":"Block Potion"},{"floor":16,"key":"Swift Potion"},{"floor":18,"key":"SkillPotion"},{"floor":29,"key":"Fruit Juice"},{"floor":35,"key":"Fruit Juice"},{"floor":36,"key":"Poison Potion"},{"floor":48,"key":"EssenceOfSteel"}],"is_trial":false,"path_per_floor":["?","$","?","?","?","?","?","?","M","?","?","?","M"],"character_chosen":"DEFECT","items_purchased":["Hologram","Swift Potion","Bottled Lightning"],"campfire_rested":2,"item_purchase_floors":[11,11,37],"current_hp_per_floor":[70,70,70,69,69,33,32,32,32,32,32,23,29,14,36,48,75,61,61,61,45,45,45,45,45,45,45,45,50,45,35,35,17,80,83,78,78,78,78,53,53,42,42,42,42,42,44,44,70,27],"gold":99,"neow_bonus":"ONE_RANDOM_RARE_CARD","is_prod":false,"is_daily":false,"chose_seed":false,"campfire_upgraded":8,"win_rate":0,"timestamp":1553705864,"path_taken":["M","M","M","M","?","E","M","R","T","R","?","E","M","?","R","BOSS","M","?","?","?","?","R","$","R","T","?","R","E","M","E","R","BOSS","M","?","$","?","?","E","R","E","T","M","R","?","?","M","R","BOSS"],"build_version":"2019-01-23","purchased_purges":2,"victory":true,"max_hp_per_floor":[75,75,75,75,75,75,75,75,75,75,75,75,75,75,75,75,75,75,75,75,75,75,75,75,75,75,75,75,80,80,80,80,80,80,85,85,85,81,81,81,81,81,81,81,81,81,87,87,87,87],"card_choices":[{"not_picked":["Hello World","Barrage"],"picked":"Streamline","floor":1},{"not_picked":["Coolheaded","Stack"],"picked":"Beam Cell","floor":2},{"not_picked":["Consume","Aggregate"],"picked":"Hologram","floor":3},{"not_picked":["Redo","Steam Power"],"picked":"Streamline","floor":4},{"not_picked":["Leap","Ball Lightning"],"picked":"Rainbow","floor":6},{"not_picked":["BootSequence","Turbo"],"picked":"Coolheaded","floor":7},{"not_picked":["Hello World","Sweeping Beam"],"picked":"Hologram","floor":12},{"not_picked":["Auto Shields","Aggregate"],"picked":"Chaos","floor":13},{"not_picked":["Seek","Buffer"],"picked":"Electrodynamics","floor":16},{"not_picked":["Glacier","Stack","Turbo"],"picked":"SKIP","floor":18},{"not_picked":["Reinforced Body+1","Hello World+1"],"picked":"White Noise+1","floor":29},{"not_picked":["Compile Driver","Hologram","Steam Power+1","Consume"],"picked":"SKIP","floor":30},{"not_picked":["Beam Cell","BootSequence","Go for the Eyes+1"],"picked":"Chaos+1","floor":31},{"not_picked":["Buffer","Biased Cognition","All For One"],"picked":"Thunder Strike","floor":33},{"not_picked":["Fusion+1","Hello World+1","Barrage+1","Self Repair+1"],"picked":"SKIP","floor":35},{"not_picked":["Cold Snap","Stack+1","Undo+1"],"picked":"Leap+1","floor":36},{"not_picked":["Aggregate","Skim+1","Chill","Gash+1"],"picked":"SKIP","floor":40},{"not_picked":["Seek","Compile Driver","Conserve Battery+1"],"picked":"Tempest+1","floor":42},{"not_picked":["Blizzard","Rebound","Glacier","Sweeping Beam+1"],"picked":"SKIP","floor":44},{"not_picked":["Flash of Steel","Purity","Magnetism"],"picked":"Dark Shackles","floor":46},{"not_picked":["Go for the Eyes","Cold Snap","Force Field","Compile Driver"],"picked":"SKIP","floor":47},{"not_picked":["Sweeping Beam+1","Turbo+1","Go for the Eyes"],"picked":"Ball Lightning+1","floor":48}],"player_experience":134216,"relics_obtained":[{"floor":6,"key":"Sundial"},{"floor":9,"key":"Letter Opener"},{"floor":12,"key":"Meat on the Bone"},{"floor":21,"key":"Nilry\u0027s Codex"},{"floor":26,"key":"PreservedInsect"},{"floor":29,"key":"Question Card"},{"floor":31,"key":"Boot"},{"floor":40,"key":"Shovel"},{"floor":42,"key":"Darkstone Periapt"}],"event_choices":[{"damage_healed":0,"gold_gain":0,"player_choice":"2 cards matched","damage_taken":0,"max_hp_gain":0,"max_hp_loss":0,"event_name":"Match and Keep!","floor":5,"gold_loss":0,"cards_obtained":["Barrage","Injury"]},{"damage_healed":0,"gold_gain":0,"player_choice":"Entered Light","damage_taken":15,"max_hp_gain":0,"max_hp_loss":0,"event_name":"Shining Light","floor":14,"gold_loss":0,"cards_upgraded":["Seek","Strike_B"]},{"damage_healed":0,"gold_gain":0,"player_choice":"Ignored","damage_taken":0,"max_hp_gain":0,"max_hp_loss":0,"event_name":"Ghosts","floor":19,"gold_loss":0},{"damage_healed":0,"gold_gain":0,"player_choice":"Read","damage_taken":0,"max_hp_gain":0,"max_hp_loss":0,"event_name":"The Library","floor":20,"gold_loss":0,"cards_obtained":["Tempest"]},{"damage_healed":0,"gold_gain":0,"player_choice":"Obtained Book","damage_taken":16,"max_hp_gain":0,"max_hp_loss":0,"event_name":"Cursed Tome","floor":21,"gold_loss":0},{"cards_removed":["Strike_B"],"damage_healed":0,"gold_gain":0,"player_choice":"Gave Gold","damage_taken":0,"max_hp_gain":0,"max_hp_loss":0,"event_name":"Beggar","floor":22,"gold_loss":75},{"damage_healed":0,"gold_gain":0,"player_choice":"Ignored","damage_taken":0,"max_hp_gain":0,"max_hp_loss":0,"event_name":"N\u0027loth","floor":27,"gold_loss":0},{"damage_healed":0,"gold_gain":0,"player_choice":"Max HP","damage_taken":0,"max_hp_gain":0,"max_hp_loss":4,"event_name":"Winding Halls","floor":38,"gold_loss":0},{"damage_healed":0,"gold_gain":0,"player_choice":"Paid","damage_taken":0,"relics_obtained":["Red Mask"],"max_hp_gain":0,"max_hp_loss":0,"event_name":"Tomb of Lord Red Mask","floor":39,"gold_loss":19},{"damage_healed":0,"gold_gain":0,"player_choice":"Memory 1","damage_taken":0,"max_hp_gain":0,"max_hp_loss":0,"event_name":"SensoryStone","floor":46,"gold_loss":0}],"is_beta":false,"boss_relics":[{"not_picked":["Black Star","Runic Pyramid"],"picked":"Philosopher\u0027s Stone"},{"not_picked":["Nuclear Battery","Velvet Choker"],"picked":"Empty Cage"}],"items_purged_floors":[11,24],"is_endless":false,"potions_floor_spawned":[1,7,16,18,29,35,36,48],"ascension_level":1}