{"gold_per_floor":[369,444,409,23,23,23,23,53,79,79,91,124,149,167,167,167],"floor_reached":16,"playtime":358,"items_purged":["Pain"],"score":192,"play_id":"519c9104-e019-4ee0-883c-f343a3bc51d5","local_time":"20190425135120","is_ascension_mode":true,"campfire_choices":[{"data":"Poisoned Stab","floor":6,"key":"SMITH"},{"data":"Footwork","floor":10,"key":"SMITH"},{"data":"Poisoned Stab","floor":15,"key":"SMITH"}],"neow_cost":"CURSE","seed_source_timestamp":13553881128756,"circlet_count":0,"master_deck":["AscendersBane","Defend_G","Defend_G","Defend_G+1","Defend_G","Defend_G+1","Strike_G","Strike_G","Strike_G","Strike_G","Strike_G","Survivor","Neutralize","Poisoned Stab+1","Footwork+1","Dash","Poisoned Stab+1"],"relics":["Ring of the Snake","TwistedFunnel","Boot","Odd Mushroom","Happy Flower","Pen Nib","War Paint"],"potions_floor_usage":[12],"damage_taken":[{"damage":36,"enemies":"Jaw Worm","floor":1,"turns":7},{"damage":3,"enemies":"The Mushroom Lair","floor":8,"turns":5},{"damage":0,"enemies":"Small Slimes","floor":11,"turns":3},{"damage":13,"enemies":"Gremlin Nob","floor":12,"turns":5},{"damage":0,"enemies":"2 Louse","floor":14,"turns":2},{"damage":12,"enemies":"Hexaghost","floor":16,"turns":8}],"seed_played":"-4746152587129326161","potions_obtained":[{"floor":1,"key":"FearPotion"},{"floor":8,"key":"GhostInAJar"}],"is_trial":false,"path_per_floor":["M","?","?","$","?","R","?","?","T","R","M","E","T","M","R","B"],"character_chosen":"THE_SILENT","items_purchased":["Footwork","TwistedFunnel"],"campfire_rested":0,"item_purchase_floors":[4,4],"current_hp_per_floor":[23,12,28,28,28,28,28,25,25,25,25,12,12,12,12,0],"gold":167,"neow_bonus":"TWO_FIFTY_GOLD","is_prod":false,"is_daily":false,"chose_seed":false,"campfire_upgraded":3,"win_rate":0,"timestamp":1556193080,"path_taken":["M","?","?","$","?","R","?","?","T","R","?","E","?","M","R","BOSS"],"build_version":"2019-01-23","purchased_purges":1,"victory":false,"max_hp_per_floor":[66,66,66,66,66,66,66,66,66,66,66,66,66,66,66,66],"card_choices":[{"not_picked":["Riddle With Holes","Underhanded Strike"],"picked":"Poisoned Stab","floor":1},{"not_picked":["Bane","Acrobatics","Riddle With Holes"],"picked":"SKIP","floor":11},{"not_picked":["Terror","Blur"],"picked":"Dash","floor":12},{"not_picked":["Blade Dance","Adrenaline"],"picked":"Poisoned Stab","floor":14}],"player_experience":1453865,"relics_obtained":[{"floor":8,"key":"Odd Mushroom"},{"floor":9,"key":"Happy Flower"},{"floor":12,"key":"Pen Nib"},{"floor":13,"key":"War Paint"}],"event_choices":[{"damage_healed":0,"gold_gain":75,"player_choice":"Gather Gold","damage_taken":11,"max_hp_gain":0,"max_hp_loss":0,"event_name":"World of Goop","floor":2,"gold_loss":0},{"damage_healed":16,"gold_gain":0,"player_choice":"Healed","damage_taken":0,"max_hp_gain":0,"max_hp_loss":0,"event_name":"The Cleric","floor":3,"gold_loss":35},{"damage_healed":0,"gold_gain":0,"player_choice":"Ignored","damage_taken":0,"max_hp_gain":0,"max_hp_loss":0,"event_name":"Liars Game","floor":5,"gold_loss":0},{"damage_healed":0,"gold_gain":0,"player_choice":"Searched \u00271\u0027 times","damage_taken":0,"relics_obtained":["Boot"],"max_hp_gain":0,"max_hp_loss":0,"event_name":"Dead Adventurer","floor":7,"gold_loss":0},{"damage_healed":0,"gold_gain":0,"player_choice":"Fought Mushrooms","damage_taken":0,"max_hp_gain":0,"max_hp_loss":0,"event_name":"Mushrooms","floor":8,"gold_loss":0}],"is_beta":false,"boss_relics":[],"items_purged_floors":[4],"is_endless":false,"potions_floor_spawned":[1,8],"killed_by":"Hexaghost","ascension_level":20}