{"gold_per_floor":[217,236,247,264,284,284,295,295,319,269,269,286,319,319,319,421,421,434,451,451,468,33,33,52,52,106,106,126,138,152,162,162,162],"floor_reached":33,"playtime":4199,"items_purged":["Defend_G"],"score":255,"play_id":"382af723-35c0-4f7f-9a00-2783022b28e9","local_time":"20190214210618","is_ascension_mode":false,"campfire_choices":[{"data":"Infinite Blades","floor":6.0,"key":"SMITH"},{"data":"Neutralize","floor":8.0,"key":"SMITH"},{"data":"Sucker Punch","floor":11.0,"key":"SMITH"},{"floor":15.0,"key":"REST"},{"data":"Adrenaline","floor":25,"key":"SMITH"},{"floor":27,"key":"REST"},{"data":"Noxious Fumes","floor":32,"key":"SMITH"}],"neow_cost":"NONE","seed_source_timestamp":0,"circlet_count":0,"master_deck":["Defend_G","Defend_G","Defend_G","Strike_G","Strike_G","Strike_G","Strike_G","Survivor","Neutralize+1","Sucker Punch+1","Infinite Blades+1","Heel Hook","Heel Hook","Quick Slash","Poisoned Stab","Sucker Punch+1","Adrenaline+1","Quick Slash+1","Backflip","Iron Wave","Dash+1","Heel Hook","Footwork","Noxious Fumes+1"],"special_seed":0,"relics":["Ring of the Snake","Anchor","Bag of Marbles","Philosopher\u0027s Stone","Centennial Puzzle","HandDrill","Pen Nib"],"potions_floor_usage":[21,33,33],"damage_taken":[{"damage":2.0,"enemies":"Small Slimes","floor":1.0,"turns":6.0},{"damage":0.0,"enemies":"Jaw Worm","floor":2.0,"turns":4.0},{"damage":1.0,"enemies":"Cultist","floor":3.0,"turns":4.0},{"damage":5.0,"enemies":"Looter","floor":4.0,"turns":4.0},{"damage":1.0,"enemies":"3 Louse","floor":5.0,"turns":2.0},{"damage":1.0,"enemies":"Red Slaver","floor":7.0,"turns":3.0},{"damage":0.0,"enemies":"Looter","floor":12.0,"turns":3.0},{"damage":22.0,"enemies":"3 Sentries","floor":13.0,"turns":9.0},{"damage":32.0,"enemies":"The Guardian","floor":16.0,"turns":13.0},{"damage":4.0,"enemies":"2 Thieves","floor":18.0,"turns":3.0},{"damage":0.0,"enemies":"Shell Parasite","floor":19.0,"turns":2.0},{"damage":12,"enemies":"Shelled Parasite and Fungi","floor":21,"turns":5},{"damage":1,"enemies":"Centurion and Healer","floor":24,"turns":5},{"damage":3,"enemies":"Snecko","floor":28,"turns":4},{"damage":0,"enemies":"Shelled Parasite and Fungi","floor":29,"turns":3},{"damage":0,"enemies":"Cultist and Chosen","floor":30,"turns":3},{"damage":3,"enemies":"3 Cultists","floor":31,"turns":5},{"damage":65,"enemies":"Collector","floor":33,"turns":5}],"seed_played":"-8585329614631451326","potions_obtained":[{"floor":1.0,"key":"Ancient Potion"},{"floor":2.0,"key":"Explosive Potion"},{"floor":5.0,"key":"EssenceOfSteel"},{"floor":12.0,"key":"Swift Potion"},{"floor":16.0,"key":"SpeedPotion"},{"floor":19.0,"key":"Poison Potion"},{"floor":31,"key":"Fire Potion"}],"is_trial":false,"path_per_floor":["?","?","M","?","?","M"],"character_chosen":"THE_SILENT","items_purchased":["Centennial Puzzle","HandDrill"],"campfire_rested":2,"item_purchase_floors":[22,22],"current_hp_per_floor":[68,68,67,62,61,61,60,60,60,60,60,60,38,38,59,27,70,66,66,53,41,41,41,40,40,40,62,59,59,59,56,56,0],"gold":162,"neow_bonus":"HUNDRED_GOLD","is_prod":false,"is_daily":false,"chose_seed":false,"campfire_upgraded":5,"win_rate":0.0,"timestamp":1550153178,"path_taken":["M","M","M","M","M","R","M","R","T","?","R","M","E","?","R","BOSS","M","?","?","M","$","?","M","R","T","R","?","M","M","M","R","BOSS"],"build_version":"2019-01-23","purchased_purges":1,"victory":false,"max_hp_per_floor":[70,70,70,70,70,70,70,70,70,70,70,70,70,70,70,70,70,70,70,75,75,75,75,75,75,75,75,75,75,75,75,75,75],"card_choices":[{"not_picked":["Reflex","Skewer"],"picked":"Sucker Punch","floor":1.0},{"not_picked":["Distraction","Deadly Poison"],"picked":"Infinite Blades","floor":2.0},{"not_picked":["Slice","Backstab"],"picked":"Heel Hook","floor":3.0},{"not_picked":["Bane","Dash"],"picked":"Heel Hook","floor":4.0},{"not_picked":["Blade Dance","Outmaneuver"],"picked":"Quick Slash","floor":5.0},{"not_picked":["Deadly Poison","Expertise","Dagger Throw"],"picked":"SKIP","floor":7.0},{"not_picked":["Riddle With Holes","Well Laid Plans"],"picked":"Poisoned Stab","floor":12.0},{"not_picked":["Dagger Spray","Blade Dance"],"picked":"Sucker Punch","floor":13.0},{"not_picked":["Wraith Form v2","Glass Knife"],"picked":"Adrenaline","floor":16.0},{"not_picked":["Tactician","Crippling Poison+1"],"picked":"Quick Slash+1","floor":18.0},{"not_picked":["Deadly Poison","Backflip","Acrobatics+1"],"picked":"SKIP","floor":19.0},{"not_picked":["Eviscerate+1","Dagger Throw"],"picked":"Backflip","floor":21},{"not_picked":["All Out Attack","Catalyst"],"picked":"Dash+1","floor":24},{"not_picked":["Caltrops+1","Slice"],"picked":"Heel Hook","floor":28},{"not_picked":["Outmaneuver","Infinite Blades","Sucker Punch"],"picked":"SKIP","floor":29},{"not_picked":["Well Laid Plans","Dodge and Roll"],"picked":"Footwork","floor":30},{"not_picked":["Dodge and Roll+1","Catalyst+1"],"picked":"Noxious Fumes","floor":31}],"player_experience":35829,"relics_obtained":[{"floor":9.0,"key":"Anchor"},{"floor":13.0,"key":"Bag of Marbles"},{"floor":26,"key":"Pen Nib"}],"event_choices":[{"cards_removed":["Strike_G"],"damage_healed":0.0,"max_hp_gain":0.0,"max_hp_loss":0.0,"gold_gain":0.0,"event_name":"The Cleric","player_choice":"Card Removal","floor":10.0,"gold_loss":50.0,"damage_taken":0.0},{"damage_healed":0.0,"max_hp_gain":0.0,"max_hp_loss":0.0,"gold_gain":0.0,"event_name":"Upgrade Shrine","player_choice":"Upgraded","floor":14.0,"gold_loss":0.0,"damage_taken":0.0,"cards_upgraded":["Sucker Punch"]},{"damage_healed":0.0,"max_hp_gain":5.0,"max_hp_loss":0.0,"gold_gain":0.0,"event_name":"Forgotten Altar","player_choice":"Shed Blood","floor":20.0,"gold_loss":0.0,"damage_taken":18.0},{"cards_removed":["Defend_G"],"damage_healed":0,"gold_gain":0,"player_choice":"Took Card","damage_taken":0,"max_hp_gain":0,"max_hp_loss":0,"event_name":"NoteForYourself","floor":23,"gold_loss":0,"cards_obtained":["Iron Wave"]}],"is_beta":false,"boss_relics":[{"not_picked":["Runic Pyramid","White Beast Statue"],"picked":"Philosopher\u0027s Stone"}],"items_purged_floors":[22],"is_endless":false,"potions_floor_spawned":[1,2,5,12,16,19,31],"killed_by":"Collector","ascension_level":0}