{"gold_per_floor":[112,128,128,147,147,173,173,185,185,212,227,244,176,193,193,292,292,311,311,311,311,329,360,360,374,398,416,31,57,69,82,82,177,177,194,194,204,222,239,272,272,292,317,329,362,362,362,362,362,462,462,475,497,572,50,63,63,74,88,88,88,106,124,140,157,157,257,257,269,283,34,34,133,133,166,186,220,235,235,5,5,25,25,129,129,149,0,0,0,20,20,37,37,64,83,93,127,127,87,87,87],"floor_reached":101,"playtime":6825,"items_purged":["Normality"],"score":2624,"play_id":"508005ef-33cc-43ef-aab7-5a1c947a90ac","local_time":"20180704201134","daily_mods":["Draft","Heirloom"],"is_ascension_mode":false,"campfire_choices":[{"data":"Defragment","floor":7.0,"key":"SMITH"},{"data":"Recycle","floor":15.0,"key":"SMITH"},{"data":"Tempest","floor":24.0,"key":"SMITH"},{"floor":32.0,"key":"DIG"},{"floor":41.0,"key":"DIG"},{"floor":46.0,"key":"DIG"},{"floor":49.0,"key":"DIG"},{"floor":57.0,"key":"DIG"},{"floor":61.0,"key":"DIG"},{"floor":66.0,"key":"DIG"},{"floor":74,"key":"DIG"},{"floor":79,"key":"DIG"},{"floor":83,"key":"DIG"},{"floor":91,"key":"DIG"},{"floor":100,"key":"DIG"}],"neow_cost":"","seed_source_timestamp":0,"circlet_count":0,"master_deck":["Conserve Battery","Ball Lightning","Reinforced Body+1","Gash","Go for the Eyes","Conserve Battery+1","Storm","Self Repair","Ball Lightning","Ball Lightning","Coolheaded","Chill+1","Recycle+1","Steam","Cold Snap","Defragment+1","Compile Driver+1","Glacier","Glacier","Tempest+1","Core Surge","Genetic Algorithm","Storm+1","Capacitor+1","Creative AI+1","Genetic Algorithm","RitualDagger","Capacitor+1","Ball Lightning+1","Rebound","Loop+1","Heatsinks+1","Aggregate+1","Electrodynamics+1","Self Repair+1","Madness","Madness","Reinforced Body+1","Heatsinks+1","Capacitor+1","Stack+1","Go for the Eyes+1","Master of Strategy","Blind+1","Panacea","Electrodynamics+1","Clumsy","Doubt","Skim","Defragment+1","Coolheaded+1","Steam Power+1","Conserve Battery+1","Loop+1","Loop+1","Force Field+1","Core Surge","White Noise+1","Core Surge","Coolheaded+1","Echo Form+1","BootSequence+1","Conserve Battery+1","Hologram+1","Defragment+1","Amplify+1","Force Field+1","Reboot+1","Hello World+1","Madness+1","Madness+1","Hologram+1","Sunder+1","Mind Blast","Blind+1","Barrage+1","Conserve Battery+1","Steam Power+1","Aggregate+1","Storm+1"],"special_seed":0,"relics":["Cracked Core","Calipers","Bag of Marbles","Frozen Egg 2","Torii","Inserter","CultistMask","Orichalcum","Happy Flower","Shovel","Mango","Peace Pipe","Lizard Tail","Centennial Puzzle","Ornamental Fan","Vajra","Strawberry","Symbiotic Virus","Thread and Needle","Calling Bell","War Paint","Shuriken","Ginger","Odd Mushroom","Toxic Egg 2","Bronze Scales","Cables","Lantern","Pantograph","Gremlin Horn","DataDisk","Matryoshka","Omamori","Red Mask","Mercury Hourglass","Emotion Chip","Potion Belt"],"potions_floor_usage":[69,70,76,77,98,101,101],"damage_taken":[{"damage":0.0,"enemies":"Cultist","floor":1.0,"turns":3.0},{"damage":0.0,"enemies":"Small Slimes","floor":2.0,"turns":3.0},{"damage":0.0,"enemies":"Jaw Worm","floor":4.0,"turns":3.0},{"damage":0.0,"enemies":"Lagavulin","floor":6.0,"turns":5.0},{"damage":0.0,"enemies":"3 Louse","floor":8.0,"turns":3.0},{"damage":0.0,"enemies":"Gremlin Nob","floor":10.0,"turns":4.0},{"damage":0.0,"enemies":"Exordium Thugs","floor":11.0,"turns":4.0},{"damage":9.0,"enemies":"Gremlin Gang","floor":12.0,"turns":5.0},{"damage":1.0,"enemies":"Lots of Slimes","floor":14.0,"turns":4.0},{"damage":0.0,"enemies":"Slime Boss","floor":16.0,"turns":4.0},{"damage":0.0,"enemies":"Spheric Guardian","floor":18.0,"turns":4.0},{"damage":4.0,"enemies":"3 Byrds","floor":22.0,"turns":2.0},{"damage":19.0,"enemies":"Gremlin Leader","floor":23.0,"turns":6.0},{"damage":4.0,"enemies":"Snake Plant","floor":25.0,"turns":5.0},{"damage":1.0,"enemies":"3 Cultists","floor":27.0,"turns":6.0},{"damage":26.0,"enemies":"Slavers","floor":29.0,"turns":5.0},{"damage":0.0,"enemies":"Sentry and Sphere","floor":30.0,"turns":3.0},{"damage":6.0,"enemies":"Centurion and Healer","floor":31.0,"turns":5.0},{"damage":1.0,"enemies":"Champ","floor":33.0,"turns":7.0},{"damage":10.0,"enemies":"3 Shapes","floor":35.0,"turns":2.0},{"damage":11.0,"enemies":"Flame Bruiser 1 Orb","floor":37.0,"turns":5.0},{"damage":9.0,"enemies":"Sphere and 2 Shapes","floor":38.0,"turns":6.0},{"damage":18.0,"enemies":"4 Shapes","floor":39.0,"turns":3.0},{"damage":0.0,"enemies":"Giant Head","floor":40.0,"turns":7.0},{"damage":36.0,"enemies":"Spire Growth","floor":42.0,"turns":5.0},{"damage":1.0,"enemies":"Flame Bruiser 2 Orb","floor":44.0,"turns":4.0},{"damage":9.0,"enemies":"Nemesis","floor":45.0,"turns":7.0},{"damage":9.0,"enemies":"Donu and Deca","floor":50.0,"turns":6.0},{"damage":0.0,"enemies":"Cultist","floor":52.0,"turns":3.0},{"damage":0.0,"floor":53.0,"turns":3.0},{"damage":0.0,"enemies":"Small Slimes","floor":56.0,"turns":2.0},{"damage":0.0,"enemies":"Jaw Worm","floor":58.0,"turns":6.0},{"damage":0.0,"enemies":"Exordium Wildlife","floor":59.0,"turns":3.0},{"damage":0.0,"enemies":"Lots of Slimes","floor":62.0,"turns":3.0},{"damage":0.0,"enemies":"Blue Slaver","floor":63.0,"turns":2.0},{"damage":0.0,"enemies":"3 Louse","floor":64.0,"turns":1.0},{"damage":0.0,"enemies":"Gremlin Gang","floor":65.0,"turns":1.0},{"damage":0.0,"enemies":"The Guardian","floor":67.0,"turns":6.0},{"damage":7,"enemies":"Chosen","floor":69,"turns":4},{"damage":37,"enemies":"2 Thieves","floor":70,"turns":4},{"damage":37,"enemies":"Book of Stabbing","floor":75,"turns":4},{"damage":1,"enemies":"Centurion and Healer","floor":76,"turns":5},{"damage":25,"enemies":"Gremlin Leader","floor":77,"turns":4},{"damage":0,"enemies":"Snecko","floor":78,"turns":4},{"damage":0,"enemies":"Chosen and Byrds","floor":82,"turns":4},{"damage":36,"enemies":"Collector","floor":84,"turns":7},{"damage":19,"enemies":"Orb Walker","floor":86,"turns":4},{"damage":0,"enemies":"3 Shapes","floor":90,"turns":5},{"damage":0,"enemies":"Sphere and 2 Shapes","floor":92,"turns":5},{"damage":49,"enemies":"Nemesis","floor":94,"turns":7},{"damage":21,"enemies":"3 Darklings","floor":95,"turns":5},{"damage":0,"enemies":"4 Shapes","floor":96,"turns":5},{"damage":6,"enemies":"2 Orb Walkers","floor":97,"turns":5},{"damage":78,"floor":98,"turns":6},{"damage":54,"enemies":"Awakened One","floor":101,"turns":3}],"seed_played":"3876648633575233651","potions_obtained":[{"floor":1.0,"key":"Swift Potion"},{"floor":4.0,"key":"SneckoOil"},{"floor":12.0,"key":"Poison Potion"},{"floor":14.0,"key":"EssenceOfSteel"},{"floor":22.0,"key":"EssenceOfSteel"},{"floor":23.0,"key":"Regen Potion"},{"floor":29.0,"key":"Ancient Potion"},{"floor":33.0,"key":"Explosive Potion"},{"floor":38.0,"key":"Weak Potion"},{"floor":39.0,"key":"Regen Potion"},{"floor":53.0,"key":"AttackPotion"},{"floor":63.0,"key":"Swift Potion"},{"floor":64.0,"key":"Explosive Potion"},{"floor":67.0,"key":"Energy Potion"},{"floor":69,"key":"SpeedPotion"},{"floor":75,"key":"SkillPotion"},{"floor":76,"key":"LiquidBronze"},{"floor":86,"key":"Explosive Potion"},{"floor":97,"key":"AttackPotion"}],"is_trial":true,"path_per_floor":["M","M","?","M","$","E","R","M","T","E","M","M","$","M","R","B",null,"M","?","?","?","M","E","R","M","T","M","$","E","M","M","R","B",null,"M","?","M","M","M","E","R","M","T","M","E","R","?","?","R","B",null,"M","?","?","$","M","R","M","M","T","R","M","M","M","M","R","B",null,"M","M","$","?","?","R","E","M","E","M","R","$","?","M","R","B",null,"M","?","?","$","M","R","M","?","E","M","M","E","?","$","R"],"character_chosen":"DEFECT","items_purchased":["Storm+1","Shovel","Loop+1","Toxic Egg 2","Defragment+1","Coolheaded+1","Steam Power+1","Gremlin Horn","Hologram+1","Defragment+1","Amplify+1","Storm+1"],"campfire_rested":0,"item_purchase_floors":[],"current_hp_per_floor":[75,75,60,67,67,74,74,75,75,75,75,66,66,72,72,75,75,75,69,69,69,65,53,53,65,65,71,71,59,59,53,53,52,89,79,68,74,65,54,71,71,52,52,51,81,81,71,71,71,79,96,96,96,85,85,85,85,96,96,96,96,96,96,96,96,96,96,96,96,76,76,76,76,76,49,58,50,67,67,67,67,67,67,56,96,84,84,72,72,72,72,72,62,13,55,65,69,16,16,16,0],"gold":87,"neow_bonus":"","is_prod":false,"is_daily":false,"chose_seed":false,"campfire_upgraded":3,"win_rate":0,"timestamp":1530760294,"path_taken":["M","?","?","M","?","E","R","?","T","E","?","?","$","M","R","BOSS","M","?","?","?","M","E","R","M","T","M","$","E","M","M","R","BOSS","M","?","M","M","?","E","R","M","T","?","E","R","?","?","R","BOSS","M","?","?","$","M","R","M","M","T","R","M","?","M","M","R","BOSS","M","M","?","?","?","R","E","M","E","M","R","$","?","?","R","BOSS","M","?","?","$","M","R","M","?","E","?","?","E","?","?","R","BOSS"],"build_version":"2018-07-03","purchased_purges":1,"victory":false,"max_hp_per_floor":[75,75,75,75,75,75,75,75,75,75,75,75,75,75,75,75,75,75,75,75,75,75,75,75,75,75,75,75,89,89,89,89,89,89,89,89,89,89,89,89,89,89,89,89,96,96,96,96,96,96,96,96,96,96,96,96,96,96,96,96,96,96,96,96,96,96,96,96,96,96,96,96,96,96,96,96,96,96,96,96,96,96,96,96,96,96,96,96,96,96,96,96,96,96,96,96,96,96,96,96,96],"card_choices":[{"not_picked":["Blizzard","Ball Lightning"],"picked":"Conserve Battery","floor":0.0},{"not_picked":["Go for the Eyes","Lockon"],"picked":"Ball Lightning","floor":0.0},{"not_picked":["Leap","Beam Cell"],"picked":"Reinforced Body","floor":0.0},{"not_picked":["Leap","Compile Driver"],"picked":"Gash","floor":0.0},{"not_picked":["Redo","Barrage"],"picked":"Go for the Eyes","floor":0.0},{"not_picked":["Compile Driver","Streamline"],"picked":"Conserve Battery","floor":0.0},{"not_picked":["Stack","Auto Shields"],"picked":"Storm","floor":0.0},{"not_picked":["Ball Lightning","Reinforced Body"],"picked":"Self Repair","floor":0.0},{"not_picked":["Compile Driver","Tempest"],"picked":"Ball Lightning","floor":0.0},{"not_picked":["Reprogram","Turbo"],"picked":"Ball Lightning","floor":0.0},{"not_picked":["Recycle","Compile Driver"],"picked":"Coolheaded","floor":0.0},{"not_picked":["Lockon","Redo"],"picked":"Chill","floor":0.0},{"not_picked":["Turbo","Steam"],"picked":"Recycle","floor":0.0},{"not_picked":["Streamline","Barrage"],"picked":"Steam","floor":0.0},{"not_picked":["Ball Lightning","Compile Driver"],"picked":"Cold Snap","floor":0.0},{"not_picked":["Steam","Rebound"],"picked":"Defragment","floor":1.0},{"not_picked":["Blizzard","Reprogram"],"picked":"Compile Driver","floor":2.0},{"not_picked":["Sweeping Beam","Leap","Doom and Gloom"],"picked":"SKIP","floor":4.0},{"not_picked":["Gash","Compile Driver"],"picked":"Glacier","floor":6.0},{"not_picked":["Stack","Ball Lightning"],"picked":"Glacier","floor":8.0},{"not_picked":["Conserve Battery","Stack"],"picked":"Tempest","floor":10.0},{"not_picked":["Sweeping Beam","Steam"],"picked":"Core Surge","floor":11.0},{"not_picked":["Steam","Static Discharge+1"],"picked":"Genetic Algorithm","floor":12.0},{"not_picked":["Scrape","Go for the Eyes"],"picked":"Capacitor+1","floor":14.0},{"not_picked":["Thunder Strike","Multi-Cast"],"picked":"Creative AI+1","floor":16.0},{"not_picked":["Streamline+1","Lockon+1"],"picked":"Genetic Algorithm","floor":18.0},{"not_picked":["Leap","Barrage"],"picked":"Capacitor+1","floor":22.0},{"not_picked":["Coolheaded","Melter"],"picked":"Ball Lightning+1","floor":23.0},{"not_picked":["Chaos","Conserve Battery","Redo"],"picked":"SKIP","floor":25.0},{"not_picked":["Compile Driver","Beam Cell"],"picked":"Rebound","floor":27.0},{"not_picked":["Meteor Strike","Undo"],"picked":"Heatsinks+1","floor":29.0},{"not_picked":["Melter+1","Conserve Battery"],"picked":"Aggregate+1","floor":30.0},{"not_picked":["Compile Driver","Darkness+1","Gash"],"picked":"SKIP","floor":31.0},{"not_picked":["Multi-Cast","Core Surge"],"picked":"Electrodynamics+1","floor":33.0},{"not_picked":["Streamline+1","Go for the Eyes"],"picked":"Self Repair+1","floor":35.0},{"not_picked":["Conserve Battery","Streamline+1","Stack"],"picked":"SKIP","floor":37.0},{"not_picked":["Conserve Battery","Chill+1"],"picked":"Reinforced Body+1","floor":38.0},{"not_picked":["Compile Driver","Capacitor+1"],"picked":"Heatsinks+1","floor":39.0},{"not_picked":["Steam","Chill"],"picked":"Capacitor+1","floor":40.0},{"not_picked":["Darkness+1","Turbo"],"picked":"Stack+1","floor":42.0},{"not_picked":["Compile Driver","Conserve Battery","Rip and Tear"],"picked":"SKIP","floor":44.0},{"not_picked":["Leap+1","Sweeping Beam"],"picked":"Go for the Eyes+1","floor":45.0},{"not_picked":["Jack Of All Trades","Dramatic Entrance"],"picked":"Master of Strategy","floor":47.0},{"not_picked":["Dramatic Entrance","Dark Shackles"],"picked":"Blind","floor":47.0},{"not_picked":["Enlightenment","PanicButton"],"picked":"Panacea","floor":47.0},{"not_picked":["All For One","Biased Cognition+1"],"picked":"Electrodynamics+1","floor":50.0},{"not_picked":["Gash","Lockon","Beam Cell"],"picked":"SKIP","floor":52.0},{"not_picked":["Turbo","Conserve Battery"],"picked":"Skim","floor":53.0},{"not_picked":["Rebound","Streamline"],"picked":"Conserve Battery+1","floor":56.0},{"not_picked":["Steam Power+1","Leap+1"],"picked":"Loop+1","floor":58.0},{"not_picked":["Leap+1","Beam Cell"],"picked":"Loop+1","floor":59.0},{"not_picked":["Gash","Stack+1"],"picked":"Force Field+1","floor":62.0},{"not_picked":["Steam+1","Capacitor+1"],"picked":"Core Surge","floor":63.0},{"not_picked":["Compile Driver","Recycle+1","Streamline"],"picked":"SKIP","floor":64.0},{"not_picked":["Ball Lightning","Reprogram+1"],"picked":"White Noise+1","floor":65.0},{"not_picked":["Fission+1","Rainbow+1"],"picked":"Core Surge","floor":67.0},{"not_picked":["Redo+1","Streamline","Genetic Algorithm+1"],"picked":"SKIP","floor":69},{"not_picked":["Sweeping Beam+1","Leap+1"],"picked":"Coolheaded+1","floor":70},{"not_picked":["Self Repair+1","Conserve Battery+1"],"picked":"Echo Form+1","floor":75},{"not_picked":["Compile Driver","Cold Snap","Coolheaded+1"],"picked":"SKIP","floor":76},{"not_picked":["Tempest+1","Redo+1"],"picked":"BootSequence+1","floor":77},{"not_picked":["Rebound","Stack+1"],"picked":"Conserve Battery+1","floor":78},{"not_picked":["Beam Cell+1","Coolheaded+1"],"picked":"Force Field+1","floor":82},{"not_picked":["Multi-Cast+1","Electrodynamics+1"],"picked":"Reboot+1","floor":84},{"not_picked":["Sweeping Beam","Scrape"],"picked":"Hello World+1","floor":86},{"not_picked":["Steam+1","Rip and Tear"],"picked":"Hologram+1","floor":90},{"not_picked":["Leap+1","Tempest+1"],"picked":"Sunder+1","floor":92},{"not_picked":["Blind+1","Secret Technique+1"],"picked":"Mind Blast","floor":93},{"not_picked":["HandOfGreed","Good Instincts+1"],"picked":"Blind+1","floor":93},{"not_picked":["Beam Cell","Barrage","Heatsinks+1"],"picked":"SKIP","floor":94},{"not_picked":["Stack+1","Leap+1"],"picked":"Barrage+1","floor":95},{"not_picked":["Ball Lightning+1","Gash+1"],"picked":"Conserve Battery+1","floor":96},{"not_picked":["Gash","Redo+1"],"picked":"Steam Power+1","floor":97},{"not_picked":["Auto Shields+1","Stack+1"],"picked":"Aggregate+1","floor":98}],"player_experience":298093,"relics_obtained":[{"floor":6.0,"key":"Bag of Marbles"},{"floor":9.0,"key":"Frozen Egg 2"},{"floor":10.0,"key":"Torii"},{"floor":23.0,"key":"Orichalcum"},{"floor":26.0,"key":"Happy Flower"},{"floor":29.0,"key":"Mango"},{"floor":32.0,"key":"Peace Pipe"},{"floor":40.0,"key":"Centennial Puzzle"},{"floor":41.0,"key":"Ornamental Fan"},{"floor":43.0,"key":"Vajra"},{"floor":45.0,"key":"Strawberry"},{"floor":46.0,"key":"Symbiotic Virus"},{"floor":49.0,"key":"Thread and Needle"},{"floor":51.0,"key":"War Paint"},{"floor":51.0,"key":"Shuriken"},{"floor":51.0,"key":"Ginger"},{"floor":53.0,"key":"Odd Mushroom"},{"floor":57.0,"key":"Bronze Scales"},{"floor":60.0,"key":"Cables"},{"floor":61.0,"key":"Lantern"},{"floor":66.0,"key":"Pantograph"},{"floor":74,"key":"DataDisk"},{"floor":79,"key":"Matryoshka"},{"floor":83,"key":"Omamori"},{"floor":91,"key":"Mercury Hourglass"},{"floor":98,"key":"Emotion Chip"},{"floor":100,"key":"Potion Belt"}],"event_choices":[{"event_name":"Shining Light","player_choice":"Entered Light","floor":3.0,"damage_taken":0.0},{"event_name":"Nest","player_choice":"Joined the Cult","floor":19.0,"damage_taken":0.0},{"event_name":"Ghosts","player_choice":"Ignored","floor":20.0,"damage_taken":0.0},{"event_name":"FaceTrader","player_choice":"Trade","floor":21.0,"damage_taken":0.0},{"event_name":"Winding Halls","player_choice":"Embrace Madness","floor":36.0,"damage_taken":0.0},{"event_name":"SensoryStone","player_choice":"Memory 3","floor":47.0,"damage_taken":0.0},{"event_name":"Upgrade Shrine","player_choice":"Upgraded","floor":48.0,"damage_taken":0.0},{"event_name":"Mushrooms","player_choice":"Fought Mushrooms","floor":53.0,"damage_taken":0.0},{"event_name":"World of Goop","player_choice":"Gather Gold","floor":54.0,"damage_taken":0.0},{"event_name":"Ghosts","player_choice":"Ignored","floor":72,"damage_taken":0},{"event_name":"Nest","player_choice":"Stole From Cult","floor":73,"damage_taken":0},{"event_name":"Vampires","player_choice":"Ignored","floor":81,"damage_taken":0},{"event_name":"Tomb of Lord Red Mask","player_choice":"Paid","floor":87,"damage_taken":0},{"event_name":"Winding Halls","player_choice":"Embrace Madness","floor":88,"damage_taken":0},{"event_name":"SensoryStone","player_choice":"Memory 3","floor":93,"damage_taken":0},{"event_name":"MindBloom","player_choice":"Fight","floor":98,"damage_taken":0}],"boss_relics":[{"not_picked":["Tiny House","Busted Crown"],"picked":"Inserter"},{"not_picked":["Velvet Choker","Pandora\u0027s Box"],"picked":"Lizard Tail"},{"not_picked":["Orrery","White Beast Statue"],"picked":"Calling Bell"},{"not_picked":["VoidEssence"],"picked":"Scatterbrain"},{"not_picked":["Accursed"],"picked":"GraspOfShadows"}],"items_purged_floors":[],"is_endless":true,"potions_floor_spawned":[1,4,12,14,22,23,29,33,38,39,53,63,64,65,67,69,75,76,86,97],"killed_by":"Awakened One","ascension_level":0}