{"gold_per_floor":[115,131,145,145,145,177,203,233,233,198,198,198,198,212,212,313,313,299,299,299,299,299,299,299,299],"floor_reached":25,"playtime":2570,"items_purged":[],"score":224,"play_id":"444e4530-a7f7-4ee0-a90d-8397e4791825","local_time":"20181105181937","is_ascension_mode":true,"campfire_choices":[{"floor":11,"key":"REST"},{"floor":13,"key":"REST"},{"data":"Neutralize","floor":15,"key":"SMITH"},{"floor":23,"key":"REST"}],"neow_cost":"NONE","seed_source_timestamp":226273290148446,"circlet_count":0,"master_deck":["Defend_G","Defend_G","Defend_G","Defend_G","Defend_G","Strike_G","Strike_G","Strike_G","Strike_G","Survivor","Neutralize+1","Heel Hook","Flying Knee","Adrenaline","Finisher","Dodge and Roll","Cloak And Dagger","Glass Knife","Escape Plan+1","Necronomicurse","RitualDagger"],"special_seed":0,"relics":["Runic Dome","Anchor","Darkstone Periapt","Juzu Bracelet","Odd Mushroom","Shuriken","White Beast Statue","Necronomicon"],"potions_floor_usage":[24],"damage_taken":[{"damage":1.0,"enemies":"Small Slimes","floor":1.0,"turns":5.0},{"damage":4.0,"enemies":"Jaw Worm","floor":2.0,"turns":4.0},{"damage":0.0,"enemies":"Cultist","floor":3.0,"turns":3.0},{"damage":20.0,"enemies":"3 Sentries","floor":6.0,"turns":9.0},{"damage":27,"enemies":"The Mushroom Lair","floor":8,"turns":5},{"damage":0,"enemies":"Looter","floor":14,"turns":2},{"damage":26,"enemies":"Slime Boss","floor":16,"turns":10},{"damage":8,"enemies":"2 Thieves","floor":18,"turns":4},{"damage":27,"enemies":"Colosseum Slavers","floor":22,"turns":7},{"damage":0,"enemies":"Masked Bandits","floor":24,"turns":1},{"damage":50,"enemies":"Book of Stabbing","floor":25,"turns":5}],"seed_played":"6080012923165790051","potions_obtained":[{"floor":1.0,"key":"Strength Potion"},{"floor":3.0,"key":"GhostInAJar"},{"floor":18,"key":"SmokeBomb"},{"floor":20,"key":"FairyPotion"}],"is_trial":false,"path_per_floor":["M","M","M","?","?","E","T","?","T","?","R","?","R","M","R","B",null,"M","?","?","?","?","R","?","E"],"character_chosen":"THE_SILENT","items_purchased":[],"campfire_rested":3,"item_purchase_floors":[],"current_hp_per_floor":[69,65,65,65,58,38,38,11,11,28,49,49,70,70,70,44,70,62,52,52,46,19,41,41,0],"gold":299,"neow_bonus":"BOSS_RELIC","is_prod":false,"is_daily":false,"chose_seed":false,"campfire_upgraded":1,"win_rate":0,"timestamp":1541470777,"path_taken":["M","M","M","?","?","E","?","?","T","?","R","?","R","M","R","BOSS","M","?","?","?","?","R","?","E"],"build_version":"2018-11-01","purchased_purges":0,"victory":false,"max_hp_per_floor":[70,70,70,70,70,70,70,70,70,70,70,70,70,70,70,70,70,70,76,76,76,76,76,76,76],"card_choices":[{"not_picked":["Outmaneuver","Slice"],"picked":"Heel Hook","floor":1.0},{"not_picked":["Blade Dance","Prepared"],"picked":"Flying Knee","floor":2.0},{"not_picked":["Flying Knee","Finisher"],"picked":"Adrenaline","floor":3.0},{"not_picked":["Slice","Escape Plan"],"picked":"Finisher","floor":6.0},{"not_picked":["Distraction","Underhanded Strike"],"picked":"Dodge and Roll","floor":8},{"not_picked":["Concentrate","Underhanded Strike"],"picked":"Cloak And Dagger","floor":14},{"not_picked":["A Thousand Cuts","Venomology"],"picked":"Glass Knife","floor":16},{"not_picked":["Catalyst","Flechettes"],"picked":"Escape Plan+1","floor":18}],"player_experience":815347,"relics_obtained":[{"floor":6.0,"key":"Darkstone Periapt"},{"floor":7.0,"key":"Juzu Bracelet"},{"floor":8,"key":"Odd Mushroom"},{"floor":9,"key":"Shuriken"},{"floor":19,"key":"Necronomicon"}],"event_choices":[{"damage_healed":0.0,"max_hp_gain":0.0,"max_hp_loss":0.0,"gold_gain":0.0,"event_name":"Big Fish","player_choice":"Box","floor":4.0,"gold_loss":0.0,"damage_taken":0.0,"relics_obtained":["Anchor"],"cards_obtained":["Regret"]},{"cards_removed":["Regret"],"damage_healed":0.0,"max_hp_gain":0.0,"max_hp_loss":0.0,"gold_gain":0.0,"event_name":"Golden Wing","player_choice":"Card Removal","floor":5.0,"gold_loss":0.0,"damage_taken":7.0},{"damage_healed":0,"gold_gain":0,"player_choice":"Fought Mushrooms","damage_taken":0,"max_hp_gain":0,"max_hp_loss":0,"event_name":"Mushrooms","floor":8,"gold_loss":0},{"damage_healed":17,"gold_gain":0,"player_choice":"Healed","damage_taken":0,"max_hp_gain":0,"max_hp_loss":0,"event_name":"The Cleric","floor":10,"gold_loss":35},{"cards_removed":["Strike_G"],"damage_healed":0,"gold_gain":0,"player_choice":"Forget","damage_taken":0,"max_hp_gain":0,"max_hp_loss":0,"event_name":"Living Wall","floor":12,"gold_loss":0},{"damage_healed":0,"gold_gain":0,"player_choice":"Obtained Book","damage_taken":16,"max_hp_gain":0,"max_hp_loss":0,"event_name":"Cursed Tome","floor":19,"gold_loss":0},{"damage_healed":0,"gold_gain":0,"player_choice":"Got Potions","damage_taken":0,"max_hp_gain":0,"max_hp_loss":0,"event_name":"Lab","floor":20,"gold_loss":0},{"damage_healed":0,"gold_gain":0,"player_choice":"Joined the Cult","damage_taken":6,"max_hp_gain":0,"max_hp_loss":0,"event_name":"Nest","floor":21,"gold_loss":0,"cards_obtained":["RitualDagger"]},{"damage_healed":0,"gold_gain":0,"player_choice":"Fight","damage_taken":0,"max_hp_gain":0,"max_hp_loss":0,"event_name":"Colosseum","floor":22,"gold_loss":0},{"damage_healed":0,"gold_gain":0,"player_choice":"Fled From Nobs","damage_taken":0,"max_hp_gain":0,"max_hp_loss":0,"event_name":"Colosseum","floor":22,"gold_loss":0},{"damage_healed":0,"gold_gain":0,"player_choice":"Fought Bandits","damage_taken":0,"max_hp_gain":0,"max_hp_loss":0,"event_name":"Masked Bandits","floor":24,"gold_loss":0}],"is_beta":false,"boss_relics":[{"not_picked":["Calling Bell","Coffee Dripper"],"picked":"White Beast Statue"}],"items_purged_floors":[],"is_endless":false,"potions_floor_spawned":[1,3,18,22,24],"killed_by":"Book of Stabbing","ascension_level":3}