{"gold_per_floor":[118,137,153,166,139,139,159,192,192,192],"floor_reached":10,"playtime":516,"items_purged":[],"score":144,"play_id":"1ddf493c-0985-4c40-916e-e05671df3cfa","local_time":"20190130153413","is_ascension_mode":true,"campfire_choices":[{"floor":6,"key":"REST"}],"neow_cost":"NONE","seed_source_timestamp":101612700789218,"circlet_count":0,"master_deck":["AscendersBane","Defend_G","Defend_G","Defend_G","Defend_G","Defend_G","Strike_G","Strike_G","Strike_G","Strike_G","Strike_G","Survivor","Neutralize","Burst","Poisoned Stab","Noxious Fumes","Deadly Poison","Escape Plan","Well Laid Plans"],"relics":["Ring of the Snake","Toxic Egg 2","Bottled Lightning"],"potions_floor_usage":[5,10],"damage_taken":[{"damage":8,"enemies":"Cultist","floor":1,"turns":5},{"damage":12,"enemies":"Jaw Worm","floor":2,"turns":4},{"damage":9,"enemies":"2 Louse","floor":3,"turns":4},{"damage":4,"enemies":"2 Fungi Beasts","floor":4,"turns":5},{"damage":11,"enemies":"Exordium Thugs","floor":5,"turns":4},{"damage":10,"enemies":"3 Louse","floor":7,"turns":5},{"damage":9,"enemies":"Lagavulin","floor":8,"turns":7},{"damage":17,"enemies":"3 Sentries","floor":10,"turns":3}],"seed_played":"6810708480370823179","potions_obtained":[{"floor":3,"key":"Energy Potion"},{"floor":8,"key":"Poison Potion"}],"is_trial":false,"path_per_floor":["M","M","M","M","M","R","M","E","T","E"],"character_chosen":"THE_SILENT","items_purchased":[],"campfire_rested":1,"item_purchase_floors":[],"current_hp_per_floor":[51,39,30,26,15,34,24,15,15,0],"gold":192,"neow_bonus":"ONE_RANDOM_RARE_CARD","is_prod":false,"is_daily":false,"chose_seed":false,"campfire_upgraded":0,"win_rate":0,"timestamp":1548858853,"path_taken":["M","M","M","M","?","R","M","E","T","E"],"build_version":"2019-01-23","purchased_purges":0,"victory":false,"max_hp_per_floor":[66,66,66,66,66,66,66,66,66,66],"card_choices":[{"not_picked":["Dagger Throw","Predator"],"picked":"Poisoned Stab","floor":1},{"not_picked":["Underhanded Strike","Deflect"],"picked":"Noxious Fumes","floor":2},{"not_picked":["Blade Dance","Sucker Punch","Cloak And Dagger"],"picked":"SKIP","floor":3},{"not_picked":["Eviscerate","Sucker Punch"],"picked":"Deadly Poison","floor":4},{"not_picked":["Deflect","Unload"],"picked":"Escape Plan","floor":5},{"not_picked":["Bane","Dodge and Roll"],"picked":"Well Laid Plans","floor":7},{"not_picked":["Flying Knee","Deadly Poison","Acrobatics"],"picked":"SKIP","floor":8}],"player_experience":1271341,"relics_obtained":[{"floor":8,"key":"Toxic Egg 2"},{"floor":9,"key":"Bottled Lightning"}],"event_choices":[],"is_beta":false,"boss_relics":[],"items_purged_floors":[],"is_endless":false,"potions_floor_spawned":[3,8],"killed_by":"3 Sentries","ascension_level":20}