{"gold_per_floor":[115,18,118,129,140,167,19,19,19,19,19,38,72,72],"floor_reached":14,"playtime":487,"items_purged":["Strike_G"],"score":147,"play_id":"fe60b1b1-7a3b-4d2f-a4af-7a94988cf90b","local_time":"20190428170428","is_ascension_mode":true,"campfire_choices":[{"data":"Wraith Form v2","floor":8,"key":"SMITH"},{"data":"Neutralize","floor":11,"key":"SMITH"}],"neow_cost":"NONE","seed_source_timestamp":101955331709927,"circlet_count":0,"master_deck":["AscendersBane","Defend_G","Defend_G","Defend_G","Defend_G+1","Defend_G","Strike_G","Strike_G","Strike_G","Strike_G","Survivor+1","Neutralize+1","Poisoned Stab","Flying Knee","Deadly Poison","Quick Slash","Wraith Form v2+1","Dagger Spray","Well Laid Plans"],"relics":["Ring of the Snake","NeowsBlessing","Paper Crane","War Paint","Blood Vial","Ancient Tea Set"],"potions_floor_usage":[],"damage_taken":[{"damage":0,"enemies":"Cultist","floor":1,"turns":1},{"damage":0,"enemies":"Small Slimes","floor":4,"turns":1},{"damage":0,"enemies":"Jaw Worm","floor":5,"turns":1},{"damage":34,"enemies":"Gremlin Nob","floor":6,"turns":4},{"damage":5,"enemies":"Blue Slaver","floor":12,"turns":5},{"damage":22,"enemies":"3 Sentries","floor":13,"turns":9},{"damage":10,"enemies":"Exordium Wildlife","floor":14,"turns":2}],"seed_played":"-4536248274844264840","potions_obtained":[{"floor":12,"key":"Poison Potion"},{"floor":13,"key":"Energy Potion"}],"is_trial":false,"path_per_floor":["?","M","?"],"character_chosen":"THE_SILENT","items_purchased":["Flying Knee","War Paint"],"campfire_rested":0,"item_purchase_floors":[2,7],"current_hp_per_floor":[63,63,63,63,63,29,29,29,29,29,29,26,6,0],"gold":72,"neow_bonus":"THREE_ENEMY_KILL","is_prod":false,"is_daily":false,"chose_seed":false,"campfire_upgraded":2,"win_rate":0,"timestamp":1556445868,"path_taken":["M","$","?","?","M","E","$","R","T","?","R","M","E","M"],"build_version":"2019-01-23","purchased_purges":1,"victory":false,"max_hp_per_floor":[70,70,70,70,70,70,70,70,70,70,70,70,70,70],"card_choices":[{"not_picked":["Acrobatics","Catalyst"],"picked":"Poisoned Stab","floor":1},{"not_picked":["Deflect","Quick Slash"],"picked":"Deadly Poison","floor":4},{"not_picked":["Acrobatics","Underhanded Strike"],"picked":"Quick Slash","floor":5},{"not_picked":["Outmaneuver","Distraction"],"picked":"Wraith Form v2","floor":6},{"not_picked":["Setup","Dodge and Roll"],"picked":"Dagger Spray","floor":12},{"not_picked":["Escape Plan","PiercingWail"],"picked":"Well Laid Plans","floor":13}],"player_experience":314780,"relics_obtained":[{"floor":6,"key":"Paper Crane"},{"floor":9,"key":"Blood Vial"},{"floor":13,"key":"Ancient Tea Set"}],"event_choices":[{"damage_healed":0,"gold_gain":100,"player_choice":"Pray","damage_taken":0,"max_hp_gain":0,"max_hp_loss":0,"event_name":"Golden Shrine","floor":3,"gold_loss":0},{"damage_healed":0,"gold_gain":0,"player_choice":"Ignored","damage_taken":0,"max_hp_gain":0,"max_hp_loss":0,"event_name":"Liars Game","floor":10,"gold_loss":0}],"is_beta":false,"boss_relics":[],"items_purged_floors":[2],"is_endless":false,"potions_floor_spawned":[12,13],"killed_by":"Exordium Wildlife","ascension_level":10}