{"gold_per_floor":[119,136,54,54,4,4,36,36,36,62,62,79,89,146,146,251,251,262,362,362,362,237,267,48,48,73,83,83,101,115,146,146,241,241,260,260],"floor_reached":36,"playtime":2951,"items_purged":["Strike_G"],"score":523,"play_id":"10788e3e-7896-4557-9485-78cc2ae62305","local_time":"20190410174353","is_ascension_mode":true,"campfire_choices":[{"data":"Glass Knife","floor":6,"key":"SMITH"},{"data":"Noxious Fumes","floor":8,"key":"SMITH"},{"floor":11,"key":"REST"},{"data":"Neutralize","floor":15,"key":"SMITH"},{"floor":28,"key":"REST"},{"floor":32,"key":"REST"}],"neow_cost":"NONE","seed_source_timestamp":5223556015930,"circlet_count":0,"master_deck":["Defend_G","Defend_G","Defend_G","Defend_G","Defend_G","Strike_G","Strike_G","Strike_G","Survivor","Neutralize+1","Terror","Noxious Fumes+1","Glass Knife+1","Backflip","Leg Sweep","Adrenaline","Flying Knee","Glass Knife","Dagger Spray+1","Bane+1","J.A.X.","Catalyst","Riddle With Holes","Cloak And Dagger+1","PiercingWail","PiercingWail","Bouncing Flask","Malaise","Noxious Fumes"],"relics":["Ring of the Serpent","Gremlin Horn","Blue Candle","Letter Opener","Bottled Tornado","Tiny Chest","Torii","Singing Bowl","Juzu Bracelet","Oddly Smooth Stone","Boot","Molten Egg 2"],"potions_floor_usage":[19,19,27,36],"damage_taken":[{"damage":2,"enemies":"Small Slimes","floor":1,"turns":5},{"damage":0,"enemies":"Jaw Worm","floor":2,"turns":3},{"damage":21,"enemies":"3 Sentries","floor":7,"turns":7},{"damage":10,"enemies":"Gremlin Nob","floor":10,"turns":3},{"damage":2,"enemies":"2 Louse","floor":12,"turns":3},{"damage":0,"enemies":"Large Slime","floor":13,"turns":3},{"damage":2,"enemies":"3 Sentries","floor":14,"turns":6},{"damage":12,"enemies":"Hexaghost","floor":16,"turns":9},{"damage":13,"enemies":"Spheric Guardian","floor":18,"turns":5},{"damage":2,"enemies":"Colosseum Slavers","floor":19,"turns":5},{"damage":9,"enemies":"Colosseum Nobs","floor":19,"turns":4},{"damage":11,"enemies":"Gremlin Leader","floor":23,"turns":4},{"damage":3,"enemies":"3 Byrds","floor":27,"turns":3},{"damage":4,"enemies":"Snake Plant","floor":29,"turns":3},{"damage":9,"enemies":"Sentry and Sphere","floor":30,"turns":4},{"damage":2,"enemies":"Book of Stabbing","floor":31,"turns":5},{"damage":32,"enemies":"Automaton","floor":33,"turns":8},{"damage":11,"enemies":"3 Shapes","floor":35,"turns":5},{"damage":46,"enemies":"2 Orb Walkers","floor":36,"turns":3}],"seed_played":"-3970171069569070917","potions_obtained":[{"floor":0,"key":"Block Potion"},{"floor":0,"key":"Block Potion"},{"floor":0,"key":"Strength Potion"},{"floor":14,"key":"GhostInAJar"},{"floor":19,"key":"Poison Potion"},{"floor":27,"key":"Strength Potion"}],"is_trial":false,"path_per_floor":["M","M","$","?","?","R","E","R","T","E","R","M","M","E","R","B",null,"M","?","?","T","$","E","$","?","T","M","R","M","M","E","R","B",null,"M","?"],"character_chosen":"THE_SILENT","items_purchased":["Glass Knife","Block Potion","Oddly Smooth Stone","Riddle With Holes"],"campfire_rested":3,"item_purchase_floors":[3,22,24,24],"current_hp_per_floor":[68,68,68,61,61,61,40,40,40,30,51,49,49,47,47,35,61,48,37,37,37,37,26,26,26,26,23,44,40,31,29,50,18,57,46,0],"gold":260,"neow_bonus":"THREE_SMALL_POTIONS","is_prod":false,"is_daily":false,"chose_seed":false,"campfire_upgraded":3,"win_rate":0,"timestamp":1554929033,"path_taken":["M","M","$","?","?","R","E","R","T","E","R","M","M","E","R","BOSS","M","?","?","?","$","E","$","?","T","M","R","M","M","E","R","BOSS","M","?"],"build_version":"2019-01-23","purchased_purges":1,"victory":false,"max_hp_per_floor":[70,70,70,70,70,70,70,70,70,70,70,70,70,70,70,70,70,70,70,70,70,70,70,70,70,70,70,70,70,70,70,70,70,70,70,70],"card_choices":[{"not_picked":["Setup","Tactician"],"picked":"Terror","floor":1},{"not_picked":["Heel Hook","PiercingWail"],"picked":"Noxious Fumes","floor":2},{"not_picked":["Masterful Stab","Eviscerate"],"picked":"Backflip","floor":7},{"not_picked":["Dagger Throw","Choke"],"picked":"Leg Sweep","floor":10},{"not_picked":["Bane","Masterful Stab"],"picked":"Adrenaline","floor":12},{"not_picked":["Bouncing Flask","Poisoned Stab"],"picked":"Flying Knee","floor":13},{"not_picked":["Heel Hook","Outmaneuver","Tactician"],"picked":"SKIP","floor":14},{"not_picked":["Burst","Bullet Time"],"picked":"Glass Knife","floor":16},{"not_picked":["Acrobatics+1","Heel Hook"],"picked":"Dagger Spray+1","floor":18},{"not_picked":["Caltrops","Quick Slash"],"picked":"Bane+1","floor":19},{"not_picked":["Choke","Unload"],"picked":"Catalyst","floor":23},{"not_picked":["Flying Knee+1","Slice"],"picked":"Cloak And Dagger+1","floor":27},{"not_picked":["Outmaneuver","Cloak And Dagger"],"picked":"PiercingWail","floor":29},{"not_picked":["Underhanded Strike","Poisoned Stab"],"picked":"PiercingWail","floor":30},{"not_picked":["Bane","Riddle With Holes+1"],"picked":"Bouncing Flask","floor":31},{"not_picked":["A Thousand Cuts","Doppelganger"],"picked":"Malaise","floor":33},{"not_picked":["Bane+1","Outmaneuver+1"],"picked":"Noxious Fumes","floor":35}],"player_experience":577757,"relics_obtained":[{"floor":7,"key":"Blue Candle"},{"floor":9,"key":"Letter Opener"},{"floor":10,"key":"Bottled Tornado"},{"floor":14,"key":"Tiny Chest"},{"floor":19,"key":"Torii"},{"floor":21,"key":"Singing Bowl"},{"floor":23,"key":"Juzu Bracelet"},{"floor":26,"key":"Boot"},{"floor":31,"key":"Molten Egg 2"}],"event_choices":[{"damage_healed":0,"gold_gain":0,"player_choice":"Success","damage_taken":7,"relics_obtained":["Gremlin Horn"],"max_hp_gain":0,"max_hp_loss":0,"event_name":"Scrap Ooze","floor":4,"gold_loss":0},{"cards_removed":["Strike_G"],"damage_healed":0,"gold_gain":0,"player_choice":"Card Removal","damage_taken":0,"max_hp_gain":0,"max_hp_loss":0,"event_name":"The Cleric","floor":5,"gold_loss":50},{"damage_healed":0,"gold_gain":0,"player_choice":"Fight","damage_taken":0,"max_hp_gain":0,"max_hp_loss":0,"event_name":"Colosseum","floor":19,"gold_loss":0},{"damage_healed":0,"gold_gain":0,"player_choice":"Fought Nobs","damage_taken":0,"max_hp_gain":0,"max_hp_loss":0,"event_name":"Colosseum","floor":19,"gold_loss":0},{"damage_healed":0,"gold_gain":0,"player_choice":"Obtain J.A.X.","damage_taken":0,"max_hp_gain":0,"max_hp_loss":0,"event_name":"Drug Dealer","floor":20,"gold_loss":0,"cards_obtained":["J.A.X."]},{"damage_healed":0,"gold_gain":0,"player_choice":"Fight","damage_taken":0,"max_hp_gain":0,"max_hp_loss":0,"event_name":"Mysterious Sphere","floor":36,"gold_loss":0}],"is_beta":false,"boss_relics":[{"not_picked":["Astrolabe","Eternal Feather"],"picked":"Ring of the Serpent"},{"not_picked":["Coffee Dripper","Runic Dome","Pandora\u0027s Box"]}],"items_purged_floors":[22],"is_endless":false,"potions_floor_spawned":[1,2,13,14,19,19,27,30,31],"killed_by":"2 Orb Walkers","ascension_level":5}