{"path_per_floor":["M","$","M","?","?","E","R","$","T","R","$","M","M","E","R","B",null,"M","?","?","?","M","R","E","R","T","$","?","?","R","M","R","B",null,"M","$","M","?","?","R","?","?","T","?","M","M","E","M","R","B",null,"M","?","M","?","M","E","M","$","T","E","$","M","R","E","R","B",null,"M","?","?","?","M","E","R","?","E","R","?","?","?","M","R"],"character_chosen":"IRONCLAD","items_purchased":["Metallicize","Ghostly Armor","Twin Strike","Spot Weakness","Blind","Corruption","Seeing Red","Battle Trance","Bloodletting","Rupture","Dodecahedron","Panacea","Bag of Marbles"],"gold_per_floor":[113,9,28,28,28,55,55,1,1,1,1,16,33,60,60,164,164,184,99,99,132,148,148,180,180,228,51,51,51,51,65,65,163,163,179,76,92,145,145,145,145,145,145,367,387,401,426,439,439,543,543,560,560,571,591,603,637,655,89,113,148,0,18,18,45,45,142,142,159,159,82,7,21,55,55,105,139,139,139,139,139,150,150,150],"floor_reached":84,"campfire_rested":3,"playtime":4248,"item_purchase_floors":[2,2,8,27,27,36,36,59,59,59,59,59,62],"current_hp_per_floor":[80,80,80,80,64,48,48,48,55,55,55,61,66,72,72,21,87,80,80,80,69,59,59,56,56,56,56,56,56,56,50,76,35,87,87,87,87,29,19,45,45,97,97,97,67,49,35,41,85,78,97,97,97,98,99,100,101,102,102,102,84,84,93,93,107,107,53,110,113,113,113,113,114,92,92,92,33,33,33,39,33,40,40,0],"items_purged":[],"gold":150,"score":1300,"play_id":"75cac2bf-9b43-4751-a8a1-49f533a2531a","local_time":"20180625010641","is_prod":false,"is_daily":false,"chose_seed":false,"is_ascension_mode":false,"campfire_upgraded":11,"win_rate":0,"timestamp":1529914001,"campfire_choices":[{"data":"Infernal Blade","floor":7,"key":"SMITH"},{"data":"Whirlwind","floor":10,"key":"SMITH"},{"data":"Uppercut","floor":15,"key":"SMITH"},{"data":"Barricade","floor":23,"key":"SMITH"},{"data":"Metallicize","floor":25,"key":"SMITH"},{"data":"Blind","floor":30,"key":"SMITH"},{"floor":32,"key":"REST"},{"floor":40,"key":"REST"},{"floor":49,"key":"REST"},{"data":"Limit Break","floor":64,"key":"SMITH"},{"data":"Corruption","floor":66,"key":"SMITH"},{"data":"Battle Trance","floor":75,"key":"SMITH"},{"data":"Seeing Red","floor":78,"key":"SMITH"},{"data":"Panacea","floor":83,"key":"SMITH"}],"path_taken":["M","$","M","?","?","E","R","?","T","R","$","?","M","E","R","BOSS","M","?","?","?","M","R","E","R","T","$","?","?","R","M","R","BOSS","M","$","M","?","?","R","?","?","T","?","M","M","E","M","R","BOSS","M","?","M","?","M","E","M","$","T","E","?","M","R","E","R","BOSS","M","?","?","?","M","E","R","?","E","R","?","?","?","M","R","BOSS"],"build_version":"2018-06-21","seed_source_timestamp":832377650401386,"purchased_purges":0,"circlet_count":0,"victory":false,"master_deck":["Defend_R+1","Defend_R","Defend_R","Defend_R","Bash","Armaments+1","Sword Boomerang+1","Metallicize+1","Ghostly Armor","Infernal Blade+1","Whirlwind+1","Twin Strike","Uppercut+1","Pummel","Impervious","Barricade+1","Dropkick","Disarm","Clothesline","Shrug It Off+1","Shrug It Off+1","Spot Weakness","Blind+1","Anger","Limit Break+1","Power Through+1","Corruption+1","Seeing Red+1","Iron Wave","Swift Strike","Heavy Blade+1","Thunderclap+1","Anger+1","Immolate","Iron Wave","Carnage","Immolate","Impervious","Battle Trance+1","Bloodletting","Rupture","Panacea+1","Shrug It Off","Immolate","J.A.X.","Body Slam+1","Anger+1","Bite","Bite","Bite","Bite","Bite","Decay","RitualDagger","Bludgeon"],"max_hp_per_floor":[80,80,80,80,80,80,80,80,87,87,87,87,87,87,87,87,87,87,87,87,87,87,87,87,87,87,87,87,87,87,87,87,87,87,87,87,87,87,87,87,87,97,97,97,97,97,97,97,97,97,97,97,97,98,99,100,101,102,102,102,103,103,106,106,107,107,110,110,113,113,113,113,114,117,117,117,118,118,82,88,88,89,89,89],"relics":["Burning Blood","Bottled Lightning","Juzu Bracelet","Mark of Pain","Ginger","Red Mask","Darkstone Periapt","War Paint","Nloth\u0027s Gift","Busted Crown","Torii","Bottled Flame","Regal Pillow","Coffee Dripper","FaceOfCleric","Odd Mushroom","Dodecahedron","Singing Bowl","Bag of Marbles"],"card_choices":[{"not_picked":["Thunderclap","Warcry"],"picked":"Sword Boomerang","floor":1},{"not_picked":["Carnage","Wild Strike"],"picked":"Infernal Blade","floor":3},{"not_picked":["Thunderclap","Second Wind"],"picked":"Whirlwind","floor":6},{"not_picked":["Burning Pact","Armaments"],"picked":"Uppercut","floor":12},{"not_picked":["Flex","Pommel Strike"],"picked":"Pummel","floor":13},{"not_picked":["Clothesline","Warcry"],"picked":"Impervious","floor":14},{"not_picked":["Limit Break","Immolate"],"picked":"Barricade","floor":16},{"not_picked":["Fire Breathing","Havoc+1"],"picked":"Dropkick","floor":18},{"not_picked":["Twin Strike","Body Slam"],"picked":"Clothesline","floor":21},{"not_picked":["Anger","Warcry"],"picked":"Shrug It Off+1","floor":22},{"not_picked":["Armaments+1","Double Tap"],"picked":"Shrug It Off","floor":24},{"not_picked":["Heavy Blade","Thunderclap"],"picked":"Anger","floor":31},{"not_picked":["Brutality","Berserk"],"picked":"Limit Break","floor":33},{"not_picked":[],"picked":"Power Through+1","floor":35},{"not_picked":[],"picked":"Power Through+1","floor":37},{"not_picked":[],"picked":"Iron Wave","floor":38},{"not_picked":[],"picked":"Sadistic Nature","floor":39},{"not_picked":[],"picked":"Swift Strike","floor":39},{"not_picked":["Sentinel"],"picked":"SKIP","floor":45},{"not_picked":[],"picked":"Heavy Blade+1","floor":46},{"not_picked":[],"picked":"Thunderclap+1","floor":47},{"not_picked":[],"picked":"Anger+1","floor":48},{"not_picked":[],"picked":"Immolate","floor":50},{"not_picked":[],"picked":"Iron Wave","floor":52},{"not_picked":[],"picked":"Carnage","floor":54},{"not_picked":[],"picked":"Immolate","floor":55},{"not_picked":[],"picked":"Impervious","floor":56},{"not_picked":["Berserk"],"picked":"SKIP","floor":57},{"not_picked":["Clash"],"picked":"SKIP","floor":58},{"not_picked":[],"picked":"Shrug It Off","floor":61},{"not_picked":["Iron Wave"],"picked":"Singing Bowl","floor":63},{"not_picked":[],"picked":"Immolate","floor":65},{"not_picked":["Berserk"],"picked":"Singing Bowl","floor":67},{"not_picked":["Perfected Strike"],"picked":"Singing Bowl","floor":69},{"not_picked":[],"picked":"Body Slam+1","floor":73},{"not_picked":["Wild Strike"],"picked":"Singing Bowl","floor":74},{"not_picked":[],"picked":"Anger+1","floor":77},{"not_picked":[],"picked":"Bludgeon","floor":82}],"player_experience":197244,"potions_floor_usage":[14,16,21,22,24,33,38,46,50,58,67,67,77],"damage_taken":[{"damage":2,"enemies":"2 Louse","floor":1,"turns":4},{"damage":0,"enemies":"Jaw Worm","floor":3,"turns":5},{"damage":22,"enemies":"Lagavulin","floor":6,"turns":7},{"damage":0,"enemies":"Cultist","floor":12,"turns":3},{"damage":1,"enemies":"Looter","floor":13,"turns":3},{"damage":0,"enemies":"3 Sentries","floor":14,"turns":2},{"damage":57,"enemies":"Hexaghost","floor":16,"turns":10},{"damage":13,"enemies":"Shell Parasite","floor":18,"turns":4},{"damage":17,"floor":21,"turns":4},{"damage":16,"enemies":"2 Thieves","floor":22,"turns":4},{"damage":9,"enemies":"Slavers","floor":24,"turns":7},{"damage":12,"enemies":"Chosen and Byrds","floor":31,"turns":8},{"damage":47,"enemies":"Automaton","floor":33,"turns":11},{"damage":0,"enemies":"Orb Walker","floor":35,"turns":5},{"damage":1,"enemies":"3 Darklings","floor":37,"turns":7},{"damage":64,"floor":38,"turns":8},{"damage":36,"enemies":"4 Shapes","floor":45,"turns":2},{"damage":24,"enemies":"Maw","floor":46,"turns":10},{"damage":20,"enemies":"Nemesis","floor":47,"turns":11},{"damage":0,"enemies":"3 Darklings","floor":48,"turns":3},{"damage":13,"enemies":"Awakened One","floor":50,"turns":17},{"damage":0,"enemies":"2 Louse","floor":52,"turns":1},{"damage":0,"enemies":"Jaw Worm","floor":54,"turns":1},{"damage":0,"floor":55,"turns":1},{"damage":0,"enemies":"Cultist","floor":56,"turns":1},{"damage":0,"enemies":"3 Sentries","floor":57,"turns":2},{"damage":1,"enemies":"Large Slime","floor":58,"turns":3},{"damage":25,"enemies":"Gremlin Nob","floor":61,"turns":4},{"damage":0,"enemies":"Exordium Thugs","floor":63,"turns":1},{"damage":0,"enemies":"3 Sentries","floor":65,"turns":1},{"damage":63,"enemies":"Hexaghost","floor":67,"turns":8},{"damage":0,"enemies":"Spheric Guardian","floor":69,"turns":1},{"damage":0,"enemies":"3 Byrds","floor":73,"turns":1},{"damage":31,"enemies":"Gremlin Leader","floor":74,"turns":6},{"damage":66,"enemies":"Book of Stabbing","floor":77,"turns":5},{"damage":0,"enemies":"3 Cultists","floor":82,"turns":2},{"damage":54,"enemies":"Automaton","floor":84,"turns":4}],"relics_obtained":[{"floor":6,"key":"Bottled Lightning"},{"floor":9,"key":"Strawberry"},{"floor":14,"key":"Juzu Bracelet"},{"floor":21,"key":"Red Mask"},{"floor":24,"key":"Darkstone Periapt"},{"floor":26,"key":"War Paint"},{"floor":38,"key":"Torii"},{"floor":43,"key":"Bottled Flame"},{"floor":47,"key":"Regal Pillow"},{"floor":55,"key":"Odd Mushroom"},{"floor":60,"key":"Singing Bowl"}],"event_choices":[{"event_name":"Living Wall","player_choice":"Grow","floor":4,"damage_taken":0},{"event_name":"Shining Light","player_choice":"Entered Light","floor":5,"damage_taken":0},{"event_name":"Addict","player_choice":"Obtained Relic","floor":19,"damage_taken":0},{"event_name":"The Library","player_choice":"Read","floor":20,"damage_taken":0},{"event_name":"Masked Bandits","player_choice":"Fought over 99 gold","floor":21,"damage_taken":0},{"event_name":"Vampires","player_choice":"Ignored","floor":28,"damage_taken":0},{"event_name":"N\u0027loth","player_choice":"Traded a Strawberry","floor":29,"damage_taken":0},{"event_name":"Mysterious Sphere","player_choice":"Fight","floor":38,"damage_taken":0},{"event_name":"SensoryStone","player_choice":"Memory 3","floor":39,"damage_taken":0},{"event_name":"Falling","player_choice":"Removed Skill","floor":41,"damage_taken":0},{"event_name":"Bonfire Elementals","player_choice":"RARE","floor":42,"damage_taken":0},{"event_name":"Tomb of Lord Red Mask","player_choice":"Wore Mask","floor":44,"damage_taken":0},{"event_name":"FaceTrader","player_choice":"Took Face Of Cleric","floor":53,"damage_taken":0},{"event_name":"Mushrooms","player_choice":"Fought Mushrooms","floor":55,"damage_taken":0},{"event_name":"Purifier","player_choice":"One Purge","floor":70,"damage_taken":0},{"event_name":"Drug Dealer","player_choice":"Got JAXXED","floor":71,"damage_taken":0},{"event_name":"Beggar","player_choice":"Gave Gold","floor":72,"damage_taken":0},{"event_name":"The Joust","player_choice":"Bet on Murderer","floor":76,"damage_taken":0},{"event_name":"Vampires","player_choice":"Became a vampire","floor":79,"damage_taken":0},{"event_name":"Forgotten Altar","player_choice":"Smashed Altar","floor":80,"damage_taken":0},{"event_name":"Nest","player_choice":"Joined the Cult","floor":81,"damage_taken":0}],"boss_relics":[{"not_picked":["Fusion Hammer","White Beast Statue"],"picked":"Mark of Pain"},{"not_picked":["Snecko Eye","Velvet Choker"],"picked":"Busted Crown"},{"not_picked":["Astrolabe","Runic Dome"],"picked":"Coffee Dripper"},{"not_picked":["MetallicRebirth"],"picked":"Accursed"}],"items_purged_floors":[],"is_endless":true,"potions_floor_spawned":[6,13,14,16,21,24,31,37,38,48,50,52,56,57,61,67],"seed_played":"-5325910238450980305","killed_by":"Automaton","ascension_level":0,"potions_obtained":[{"floor":6,"key":"LiquidBronze"},{"floor":13,"key":"SkillPotion"},{"floor":14,"key":"GamblersBrew"},{"floor":16,"key":"Dexterity Potion"},{"floor":21,"key":"Poison Potion"},{"floor":24,"key":"SpeedPotion"},{"floor":31,"key":"Fire Potion"},{"floor":37,"key":"SkillPotion"},{"floor":38,"key":"FearPotion"},{"floor":48,"key":"FearPotion"},{"floor":50,"key":"Dexterity Potion"},{"floor":52,"key":"LiquidBronze"},{"floor":56,"key":"Swift Potion"},{"floor":61,"key":"Weak Potion"},{"floor":67,"key":"Energy Potion"}],"is_trial":false}