{"gold_per_floor":[109,59,72,72,72,105,30,59,59,59,59,78,110,128,128,224,224,235,235,39,52,19,44,44,79,126,144,144,156,156,156,156,156],"floor_reached":33,"playtime":2680,"items_purged":["Strike_R"],"score":461,"play_id":"e68be016-8d41-4bc9-82fb-cb21e9bc8516","local_time":"20190402003010","is_ascension_mode":true,"campfire_choices":[{"floor":11,"key":"REST"},{"data":"Spot Weakness","floor":15,"key":"SMITH"},{"data":"Metallicize","floor":24,"key":"SMITH"},{"floor":32,"key":"REST"}],"neow_cost":"NONE","seed_source_timestamp":29131350162563,"circlet_count":0,"master_deck":["Strike_R","Strike_R","Defend_R","Defend_R","Defend_R","Defend_R","Bash+1","Iron Wave","Headbutt","Shrug It Off","Shrug It Off","Spot Weakness+1","Impervious","Shrug It Off","Shrug It Off","Shrug It Off+1","Metallicize+1","Iron Wave"],"relics":["Burning Blood","Pocketwatch","Gambling Chip","Paper Frog","Bird Faced Urn","Letter Opener","Busted Crown","Juzu Bracelet","Art of War","Peace Pipe","Dream Catcher","Boot"],"potions_floor_usage":[6,8,16,16,25,31,31],"damage_taken":[{"damage":1,"enemies":"Cultist","floor":1,"turns":3},{"damage":9,"enemies":"Jaw Worm","floor":3,"turns":5},{"damage":11,"enemies":"3 Sentries","floor":6,"turns":13},{"damage":35,"enemies":"Lagavulin","floor":8,"turns":5},{"damage":7,"enemies":"Small Slimes","floor":12,"turns":3},{"damage":16,"enemies":"Gremlin Nob","floor":13,"turns":4},{"damage":3,"enemies":"Blue Slaver","floor":14,"turns":3},{"damage":38,"enemies":"Slime Boss","floor":16,"turns":14},{"damage":11,"enemies":"Spheric Guardian","floor":18,"turns":5},{"damage":4,"enemies":"Chosen","floor":21,"turns":3},{"damage":24,"enemies":"Book of Stabbing","floor":23,"turns":6},{"damage":24,"enemies":"Slavers","floor":25,"turns":7},{"damage":0,"enemies":"Centurion and Healer","floor":27,"turns":5},{"damage":0,"enemies":"Snake Plant","floor":29,"turns":5},{"damage":1,"enemies":"Masked Bandits","floor":31,"turns":3},{"damage":72,"enemies":"Champ","floor":33,"turns":17}],"seed_played":"-2296870078238691401","potions_obtained":[{"floor":0,"key":"Strength Potion"},{"floor":0,"key":"EssenceOfSteel"},{"floor":0,"key":"Dexterity Potion"},{"floor":6,"key":"SmokeBomb"},{"floor":8,"key":"SteroidPotion"},{"floor":21,"key":"SteroidPotion"},{"floor":23,"key":"SteroidPotion"}],"is_trial":false,"path_per_floor":["M","?","M","?","?","E","$","E","T","?","R","M","E","M","R","B",null,"M","?","$","M","$","E","R","E","T","M","T","M","?","?","R","B"],"character_chosen":"IRONCLAD","items_purchased":["Juzu Bracelet","Shrug It Off","Metallicize"],"campfire_rested":2,"item_purchase_floors":[20,20,22],"current_hp_per_floor":[77,77,74,67,60,55,55,26,26,26,50,49,39,42,42,10,63,58,58,58,60,60,44,44,28,28,36,36,44,29,34,59,0],"gold":156,"neow_bonus":"THREE_SMALL_POTIONS","is_prod":false,"is_daily":false,"chose_seed":false,"campfire_upgraded":2,"win_rate":0,"timestamp":1554175810,"path_taken":["M","?","M","?","?","E","?","E","T","?","R","M","E","M","R","BOSS","M","?","$","M","?","E","R","E","T","M","?","M","?","?","R","BOSS"],"build_version":"2019-01-23","purchased_purges":1,"victory":false,"max_hp_per_floor":[80,80,80,80,80,80,80,80,80,80,80,80,80,80,80,80,80,80,80,80,80,80,80,80,80,80,80,80,80,85,85,85,85],"card_choices":[{"not_picked":["Feel No Pain","Armaments"],"picked":"Iron Wave","floor":1},{"not_picked":["True Grit","Warcry","Second Wind"],"picked":"SKIP","floor":3},{"not_picked":["Cleave","Clash"],"picked":"Headbutt","floor":6},{"not_picked":["Warcry","Barricade","Thunderclap"],"picked":"SKIP","floor":8},{"not_picked":["Pommel Strike","Warcry"],"picked":"Shrug It Off","floor":12},{"not_picked":["Pummel","Wild Strike"],"picked":"Shrug It Off","floor":13},{"not_picked":["Hemokinesis","Anger"],"picked":"Spot Weakness","floor":14},{"not_picked":["Barricade","Feed"],"picked":"Impervious","floor":16},{"not_picked":[],"picked":"Shrug It Off","floor":18},{"not_picked":[],"picked":"Shrug It Off+1","floor":21},{"not_picked":[],"picked":"Iron Wave","floor":23},{"not_picked":["Armaments"],"picked":"SKIP","floor":25},{"not_picked":["Warcry"],"picked":"SKIP","floor":27},{"not_picked":["Warcry+1"],"picked":"SKIP","floor":29}],"player_experience":461599,"relics_obtained":[{"floor":6,"key":"Gambling Chip"},{"floor":8,"key":"Paper Frog"},{"floor":9,"key":"Bird Faced Urn"},{"floor":13,"key":"Letter Opener"},{"floor":23,"key":"Art of War"},{"floor":25,"key":"Peace Pipe"},{"floor":26,"key":"Dream Catcher"},{"floor":28,"key":"Boot"}],"event_choices":[{"cards_removed":["Strike_R"],"damage_healed":0,"gold_gain":0,"player_choice":"Card Removal","damage_taken":0,"max_hp_gain":0,"max_hp_loss":0,"event_name":"The Cleric","floor":2,"gold_loss":50},{"cards_removed":["Strike_R"],"damage_healed":0,"gold_gain":0,"player_choice":"Card Removal","damage_taken":7,"max_hp_gain":0,"max_hp_loss":0,"event_name":"Golden Wing","floor":4,"gold_loss":0},{"damage_healed":0,"gold_gain":0,"player_choice":"Success","damage_taken":7,"relics_obtained":["Pocketwatch"],"max_hp_gain":0,"max_hp_loss":0,"event_name":"Scrap Ooze","floor":5,"gold_loss":0},{"damage_healed":0,"gold_gain":0,"player_choice":"Grow","damage_taken":0,"max_hp_gain":0,"max_hp_loss":0,"event_name":"Living Wall","floor":10,"gold_loss":0,"cards_upgraded":["Bash"]},{"damage_healed":0,"gold_gain":0,"player_choice":"Ignored","damage_taken":0,"max_hp_gain":0,"max_hp_loss":0,"event_name":"Transmorgrifier","floor":19,"gold_loss":0},{"damage_healed":0,"gold_gain":0,"player_choice":"Shed Blood","damage_taken":20,"max_hp_gain":5,"max_hp_loss":0,"event_name":"Forgotten Altar","floor":30,"gold_loss":0},{"damage_healed":0,"gold_gain":0,"player_choice":"Fought Bandits","damage_taken":0,"max_hp_gain":0,"max_hp_loss":0,"event_name":"Masked Bandits","floor":31,"gold_loss":0}],"is_beta":false,"boss_relics":[{"not_picked":["Calling Bell","Cursed Key"],"picked":"Busted Crown"}],"items_purged_floors":[7],"is_endless":false,"potions_floor_spawned":[1,6,8,13,21,23,31],"killed_by":"Champ","ascension_level":9}