{"gold_per_floor":[111,124,137,117,137,137,168,21,21,41,53,88,88,118,118,221,271,291,117,128,148,158,158,158],"floor_reached":24,"playtime":1183,"items_purged":[],"score":270,"play_id":"92a3bdd3-cb9e-4ec4-8675-3d93e1482237","local_time":"20180808134912","is_ascension_mode":true,"campfire_choices":[{"data":"Iron Wave","floor":6,"key":"SMITH"},{"data":"Pummel","floor":13,"key":"SMITH"},{"data":"Shrug It Off","floor":15,"key":"SMITH"},{"data":"Bash","floor":23,"key":"SMITH"}],"neow_cost":"","seed_source_timestamp":185275841558942,"circlet_count":0,"master_deck":["Strike_R","Strike_R","Strike_R","Strike_R","Strike_R","Defend_R+1","Defend_R","Defend_R","Defend_R","Bash+1","Iron Wave+1","Shrug It Off+1","Pummel+1","Perfected Strike","Twin Strike+1","Heavy Blade+1","Uppercut+1","Armaments+1","Limit Break+1","Twin Strike+1","Flex+1","Immolate+1","Intimidate+1","Carnage+1"],"relics":["Burning Blood","Paper Frog","Oddly Smooth Stone","Molten Egg 2","Toxic Egg 2","Bird Faced Urn","Tiny House"],"potions_floor_usage":[7,7,7,7,12,14,16,20,22,24,24],"damage_taken":[{"damage":23,"enemies":"Jaw Worm","floor":1,"turns":5},{"damage":1,"enemies":"Cultist","floor":2,"turns":4},{"damage":2,"enemies":"Small Slimes","floor":3,"turns":3},{"damage":8,"enemies":"3 Louse","floor":5,"turns":5},{"damage":16,"enemies":"Lagavulin","floor":7,"turns":5},{"damage":0,"enemies":"Exordium Wildlife","floor":10,"turns":3},{"damage":7,"enemies":"Lots of Slimes","floor":11,"turns":5},{"damage":9,"enemies":"3 Sentries","floor":12,"turns":7},{"damage":0,"enemies":"Gremlin Nob","floor":14,"turns":3},{"damage":51,"enemies":"Hexaghost","floor":16,"turns":10},{"damage":16,"enemies":"3 Byrds","floor":18,"turns":6},{"damage":11,"enemies":"Shell Parasite","floor":20,"turns":5},{"damage":10,"enemies":"Centurion and Healer","floor":21,"turns":4},{"damage":19,"enemies":"Cultist and Chosen","floor":22,"turns":4},{"damage":61,"enemies":"Gremlin Leader","floor":24,"turns":7}],"seed_played":"7492841000171135855","potions_obtained":[{"floor":3,"key":"AttackPotion"},{"floor":4,"key":"EntropicBrew"},{"floor":10,"key":"Ancient Potion"},{"floor":11,"key":"Regen Potion"},{"floor":14,"key":"SpeedPotion"},{"floor":17,"key":"Weak Potion"},{"floor":20,"key":"Block Potion"},{"floor":21,"key":"BloodPotion"},{"floor":22,"key":"Dexterity Potion"}],"is_trial":false,"path_per_floor":["M","M","M","?","M","R","E","$","T","M","M","E","R","E","R","B",null,"M","$","M","M","M","R"],"character_chosen":"IRONCLAD","items_purchased":["Oddly Smooth Stone","Flex+1","Immolate+1"],"campfire_rested":0,"item_purchase_floors":[8,19,19],"current_hp_per_floor":[63,68,72,72,70,70,60,60,60,66,65,62,62,77,77,32,85,75,75,70,66,61,61,0],"gold":158,"neow_bonus":"","is_prod":false,"is_daily":false,"chose_seed":false,"campfire_upgraded":4,"win_rate":0,"timestamp":1533728952,"path_taken":["M","M","M","?","M","R","E","$","T","M","M","E","R","E","R","BOSS","M","$","M","?","?","R","E"],"build_version":"2018-08-02","purchased_purges":0,"victory":false,"max_hp_per_floor":[80,80,80,80,80,80,80,80,80,80,80,80,80,80,80,80,85,85,85,85,85,85,85,85],"card_choices":[{"not_picked":["Wild Strike","Thunderclap"],"picked":"Iron Wave","floor":1},{"not_picked":["Armaments","Warcry"],"picked":"Shrug It Off","floor":2},{"not_picked":["Wild Strike","Shrug It Off","Disarm"],"picked":"SKIP","floor":3},{"not_picked":["Body Slam","Ghostly Armor"],"picked":"Pummel","floor":5},{"not_picked":["Clash","Thunderclap"],"picked":"Perfected Strike","floor":7},{"not_picked":["Reckless Charge+1","Anger+1"],"picked":"Twin Strike+1","floor":10},{"not_picked":["Infernal Blade","Feel No Pain"],"picked":"Heavy Blade+1","floor":11},{"not_picked":["Power Through","Warcry"],"picked":"Uppercut+1","floor":12},{"not_picked":["Dropkick+1","Sever Soul+1"],"picked":"Armaments+1","floor":14},{"not_picked":["Bludgeon+1","Brutality"],"picked":"Limit Break+1","floor":16},{"not_picked":["Heavy Blade+1","Burning Pact+1"],"picked":"Twin Strike+1","floor":17},{"not_picked":["Headbutt+1","Armaments+1","Anger+1"],"picked":"SKIP","floor":18},{"not_picked":["Havoc+1","Flame Barrier+1"],"picked":"Intimidate+1","floor":20},{"not_picked":["Corruption","Hemokinesis+1"],"picked":"Carnage+1","floor":21},{"not_picked":["Fiend Fire+1","Searing Blow+1","True Grit+1"],"picked":"SKIP","floor":22}],"player_experience":240615,"relics_obtained":[{"floor":7,"key":"Paper Frog"},{"floor":9,"key":"Molten Egg 2"},{"floor":12,"key":"Toxic Egg 2"},{"floor":14,"key":"Bird Faced Urn"}],"event_choices":[{"event_name":"The Woman in Blue","player_choice":"Bought 1 Potion","floor":4,"damage_taken":0}],"is_beta":false,"boss_relics":[{"not_picked":["Runic Pyramid","Runic Cube"],"picked":"Tiny House"}],"items_purged_floors":[],"is_endless":false,"potions_floor_spawned":[3,10,11,14,20,21,22],"killed_by":"Gremlin Leader","ascension_level":2}