{"path_per_floor":["M","$","M","?","?","E","R","E","T","?","M","M","R","M","R","B",null,"M","?","M","$","M","R","E","?","T","M","R","M","$","?","R","B",null,"M","M","M","$","?"],"character_chosen":"IRONCLAD","items_purchased":["Clothesline","Twin Strike","Flex","Dropkick","Warcry","Iron Wave","Reckless Charge","Warcry","Shrug It Off"],"gold_per_floor":[119,15,28,28,103,132,132,161,161,161,173,189,189,203,203,301,301,284,184,197,0,19,19,52,52,75,89,89,109,30,30,30,128,128,148,165,175,40,0],"floor_reached":40,"campfire_rested":1,"playtime":4920,"current_hp_per_floor":[72,72,78,66,55,48,74,58,58,58,59,62,62,68,68,54,87,79,79,82,82,64,64,49,78,78,78,78,79,79,79,79,20,87,73,50,45,45,45],"items_purged":["Doubt"],"gold":0,"score":417,"play_id":"f459b47a-0fa0-42c8-9624-e5f33121633e","is_prod":false,"is_daily":false,"is_ascension_mode":false,"campfire_upgraded":5,"path_taken":["M","$","M","?","?","E","R","E","T","?","?","?","R","M","R","BOSS","M","?","?","$","M","R","E","?","T","M","R","M","$","?","R","BOSS","M","M","?","$","?","E"],"build_version":"2018-02-15-PROD1","purchased_purges":1,"victory":false,"master_deck":["Bash","Burning Pact","Whirlwind","Clothesline","Twin Strike","Bludgeon+1","Clash","Twin Strike","Uppercut","Rampage+1","Iron Wave","Reaper+1","Pummel","Flame Barrier","Inflame","Clothesline","Pommel Strike","True Grit","Inflame","Shrug It Off","Shrug It Off","J.A.X.","Armaments+1","Flex","Dropkick","Iron Wave","Fire Breathing+1","Body Slam+1","Pummel+1","Second Wind","Warcry+1","Iron Wave","Impervious","Thunderclap","Heavy Blade+1","Shrug It Off","Reckless Charge","Warcry","Shrug It Off"],"max_hp_per_floor":[80,80,80,80,80,87,87,87,87,87,87,87,87,87,87,87,87,87,87,87,87,87,87,87,87,87,87,87,87,87,87,87,87,87,87,87,87,87,87],"relics":["Burning Blood","Oddly Smooth Stone","Strawberry","Orichalcum","Gambling Chip","Pandora\u0027s Box","Prayer Wheel","Blood Vial","Runic Pyramid","Red Mask"],"card_choices":[{"not_picked":["Anger","Dropkick"],"picked":"Whirlwind"},{"not_picked":["Anger","Thunderclap"],"picked":"Bludgeon"},{"not_picked":["Combust","Dual Wield"],"picked":"Clash"},{"not_picked":["Corruption","Warcry"],"picked":"Twin Strike"},{"not_picked":["Thunderclap","Clash"],"picked":"Uppercut"},{"not_picked":["Sword Boomerang","Limit Break"],"picked":"Rampage"},{"not_picked":["Pommel Strike","True Grit"],"picked":"Iron Wave"},{"not_picked":["Berserk","Fiend Fire"],"picked":"Reaper"},{"not_picked":["Hemokinesis","Twin Strike"],"picked":"Shrug It Off"},{"not_picked":["Headbutt","Clothesline"],"picked":"Armaments"},{"not_picked":["Corruption","Rupture"],"picked":"Iron Wave"},{"not_picked":["Headbutt","Pummel"],"picked":"Fire Breathing"},{"not_picked":["Flex","Inflame"],"picked":"Body Slam"},{"not_picked":["Barricade","Body Slam"],"picked":"Pummel"},{"not_picked":["Inflame","True Grit"],"picked":"Second Wind"},{"not_picked":["Limit Break","Berserk"],"picked":"Impervious"},{"not_picked":["Clash","Bloodletting"],"picked":"Thunderclap"},{"not_picked":["Warcry","Twin Strike"],"picked":"Heavy Blade"},{"not_picked":["Body Slam","Feel No Pain"],"picked":"Shrug It Off"}],"player_experience":132498,"potions_floor_usage":[6,12,16,16,16,24,27,33,33,37,40],"damage_taken":[{"damage":14,"enemies":"Small Slimes","floor":1,"turns":6},{"damage":0,"enemies":"2 Louse","floor":3,"turns":2},{"damage":20,"enemies":"Gremlin Nob","floor":6,"turns":5},{"damage":22,"enemies":"3 Sentries","floor":8,"turns":7},{"damage":5,"enemies":"Jaw Worm","floor":11,"turns":2},{"damage":3,"enemies":"Blue Slaver","floor":12,"turns":2},{"damage":0,"enemies":"2 Fungi Beasts","floor":14,"turns":3},{"damage":35,"enemies":"The Guardian","floor":16,"turns":10},{"damage":25,"enemies":"2 Thieves","floor":18,"turns":4},{"damage":3,"enemies":"Chosen","floor":20,"turns":5},{"damage":44,"enemies":"Centurion and Healer","floor":22,"turns":11},{"damage":47,"enemies":"Gremlin Leader","floor":24,"turns":7},{"damage":8,"enemies":"Snake Plant","floor":27,"turns":4},{"damage":13,"enemies":"Snecko","floor":29,"turns":5},{"damage":67,"enemies":"Champ","floor":33,"turns":11},{"damage":31,"enemies":"Orb Walker","floor":35,"turns":5},{"damage":31,"enemies":"3 Shapes","floor":36,"turns":6},{"damage":26,"enemies":"Maw","floor":37,"turns":9},{"damage":56,"enemies":"Giant Head","floor":40,"turns":8}],"event_choices":[{"event_name":"Scrap Ooze","player_choice":"success","floor":4,"damage_taken":12},{"event_name":"World of Goop","player_choice":"Gather Gold","floor":5,"damage_taken":0},{"event_name":"The Lab","player_choice":"Got Potions","floor":10,"damage_taken":0},{"event_name":"Drug Dealer","player_choice":"Got JAXXED","floor":19,"damage_taken":0},{"event_name":"The Library","player_choice":"Heal","floor":25,"damage_taken":0},{"event_name":"Upgrade Shrine","player_choice":"Upgraded","floor":31,"damage_taken":0},{"event_name":"Tomb of Lord Red Mask","player_choice":"Paid","floor":39,"damage_taken":0}],"boss_relics":[{"not_picked":["Sozu","Velvet Choker"],"picked":"Pandora\u0027s Box"},{"not_picked":["Orrery","Cursed Key"],"picked":"Runic Pyramid"}],"potions_floor_spawned":[3,6,12,14,20,22,24,29,36,37],"seed_played":"6892959110677310146","killed_by":"Giant Head","ascension_level":0,"is_trial":false}