{"gold_per_floor":[110,110,125,143,26,60,60,93,93,104,104,123,123,35,35,136,136,146,163,163,177,177,202,202,215,215,226,245,270,288,299,299,399,399,417,417,817,828,828,838,852,852,878,896,896,283,283,26,26,26,26,26,1,29,29],"floor_reached":55,"playtime":6079,"items_purged":["Strike_B"],"score":996,"play_id":"ec254122-3e33-49ca-9826-5210921a3047","local_time":"20190103223238","is_ascension_mode":false,"campfire_choices":[{"floor":7.0,"key":"REST"},{"data":"Zap","floor":11.0,"key":"SMITH"},{"floor":13.0,"key":"RECALL"},{"data":"Buffer","floor":15.0,"key":"SMITH"},{"data":"Capacitor","floor":32,"key":"SMITH"},{"data":"Go for the Eyes","floor":45,"key":"SMITH"},{"data":"Cold Snap","floor":49,"key":"SMITH"},{"data":"Leap","floor":52,"key":"SMITH"}],"neow_cost":"NONE","seed_source_timestamp":0,"circlet_count":0,"master_deck":["Strike_B","Strike_B","Strike_B","Defend_B","Defend_B","Defend_B","Defend_B","Zap+1","Dualcast+1","Blizzard","Leap+1","Buffer+1","Self Repair","White Noise+1","Go for the Eyes+1","BootSequence","Capacitor+1","Cold Snap+1","Buffer+1","Skim","Cold Snap","Genetic Algorithm+1","Loop+1","Ball Lightning","Seek+1","Stack+1","Reinforced Body+1","Hologram+1","Ball Lightning","Defragment+1","Creative AI+1","Defragment+1","Hologram+1","Reinforced Body+1","Leap+1","Echo Form+1","Skim+1","Ball Lightning+1","Cold Snap","Cold Snap+1","Defragment+1","Good Instincts+1","Deep Breath+1","Discovery+1","Hologram+1"],"special_seed":0,"relics":["Orrery","Frozen Egg 2","Anchor","Toxic Egg 2","Nuclear Battery","Ancient Tea Set","Ginger","Black Star","Old Coin","Smiling Mask","Blood Vial","Bag of Preparation","Bag of Marbles","Lee\u0027s Waffle","Mummified Hand","Bronze Scales","Vajra"],"potions_floor_usage":[29,29,33,33,34,41],"damage_taken":[{"damage":1.0,"enemies":"Cultist","floor":1.0,"turns":4.0},{"damage":5.0,"enemies":"2 Louse","floor":3.0,"turns":4.0},{"damage":0.0,"enemies":"Small Slimes","floor":4.0,"turns":2.0},{"damage":46.0,"enemies":"Gremlin Nob","floor":6.0,"turns":7.0},{"damage":13.0,"enemies":"3 Sentries","floor":8.0,"turns":13.0},{"damage":0.0,"enemies":"Looter","floor":10.0,"turns":4.0},{"damage":0.0,"enemies":"Lots of Slimes","floor":12.0,"turns":5.0},{"damage":0.0,"enemies":"Slime Boss","floor":16.0,"turns":11.0},{"damage":10.0,"enemies":"Spheric Guardian","floor":18.0,"turns":6.0},{"damage":9.0,"enemies":"Shell Parasite","floor":19.0,"turns":7.0},{"damage":53.0,"enemies":"3 Cultists","floor":21.0,"turns":10.0},{"damage":12.0,"enemies":"Book of Stabbing","floor":23.0,"turns":8.0},{"damage":0,"enemies":"Centurion and Healer","floor":25,"turns":7},{"damage":7,"enemies":"Snake Plant","floor":27,"turns":4},{"damage":0,"enemies":"Sentry and Sphere","floor":28,"turns":7},{"damage":0,"enemies":"Gremlin Leader","floor":29,"turns":9},{"damage":0,"enemies":"Centurion and Healer","floor":30,"turns":8},{"damage":12,"enemies":"Snake Plant","floor":31,"turns":7},{"damage":0,"enemies":"Collector","floor":33,"turns":14},{"damage":0,"enemies":"Orb Walker","floor":35,"turns":5},{"damage":32,"enemies":"Mind Bloom Boss Battle","floor":37,"turns":9},{"damage":0,"enemies":"3 Shapes","floor":38,"turns":6},{"damage":0,"enemies":"Transient","floor":40,"turns":5},{"damage":5,"enemies":"4 Shapes","floor":41,"turns":7},{"damage":0,"enemies":"Spire Growth","floor":44,"turns":6},{"damage":0,"enemies":"Time Eater","floor":50,"turns":9},{"damage":22,"enemies":"Shield and Spear","floor":54,"turns":8},{"damage":80,"enemies":"The Heart","floor":55,"turns":13}],"seed_played":"-2378269690419302258","potions_obtained":[{"floor":1.0,"key":"Explosive Potion"},{"floor":3.0,"key":"Dexterity Potion"},{"floor":12.0,"key":"Weak Potion"},{"floor":16.0,"key":"Fruit Juice"},{"floor":18.0,"key":"SteroidPotion"},{"floor":25,"key":"Strength Potion"},{"floor":29,"key":"SkillPotion"},{"floor":30,"key":"Energy Potion"},{"floor":31,"key":"FearPotion"},{"floor":33,"key":"Fruit Juice"},{"floor":40,"key":"Swift Potion"}],"is_trial":false,"path_per_floor":["M","?","M","M","$","E","R","E","T","M","R","M","R","$","R","B",null,"M","M","?","M","?","E","?","M","T","M","M","E","M","M","R","B",null,"M","?","?","M","?","M","M","T","T","M","R","$","?","$","R","B",null,"R","$","E","B"],"character_chosen":"DEFECT","items_purchased":["Capacitor","Cold Snap","Loop+1","Ball Lightning","Defragment+1","Bag of Preparation","Bag of Marbles","Lee\u0027s Waffle","Mummified Hand","Hologram+1"],"campfire_rested":1,"item_purchase_floors":[5,5,14,14,46,46,46,46,48,53],"current_hp_per_floor":[75,75,75,75,75,36,58,52,52,52,52,66,66,66,66,73,80,77,75,75,29,55,43,43,50,50,43,50,57,64,59,59,66,85,85,85,67,81,81,85,85,85,85,85,85,92,82,82,82,91,92,92,92,77,0],"gold":29,"neow_bonus":"BOSS_RELIC","is_prod":false,"is_daily":false,"chose_seed":false,"campfire_upgraded":6,"win_rate":0,"timestamp":1546579958,"path_taken":["M","?","M","M","$","E","R","E","T","M","R","?","R","$","R","BOSS","M","?","?","?","?","E","?","M","T","?","M","E","M","M","R","BOSS","M","?","?","M","?","M","M","?","T","M","R","$","?","$","R","BOSS","R","$","E","BOSS"],"build_version":"2019-01-03v2","purchased_purges":1,"victory":false,"max_hp_per_floor":[75,75,75,75,75,75,75,75,75,75,75,75,75,75,75,75,80,80,80,80,80,80,80,80,80,80,80,80,80,80,80,80,80,85,85,85,85,85,85,85,85,85,85,85,85,92,92,92,92,92,92,92,92,92,92],"card_choices":[{"not_picked":["Streamline","Storm"],"picked":"Blizzard","floor":0.0},{"not_picked":["Storm","Sunder"],"picked":"Cold Snap","floor":0.0},{"not_picked":["Sweeping Beam","Redo"],"picked":"Leap","floor":0.0},{"not_picked":["Skim","Tempest"],"picked":"Buffer","floor":0.0},{"not_picked":["Stack","Hello World"],"picked":"Self Repair","floor":0.0},{"not_picked":["Ball Lightning","Steam"],"picked":"White Noise","floor":1.0},{"not_picked":["Leap","Steam Power"],"picked":"Go for the Eyes","floor":3.0},{"not_picked":["Aggregate","Go for the Eyes"],"picked":"BootSequence","floor":4.0},{"not_picked":["Redo","BootSequence"],"picked":"Buffer","floor":6.0},{"not_picked":["Streamline","Melter"],"picked":"Skim","floor":8.0},{"not_picked":["Sunder","Streamline"],"picked":"Cold Snap","floor":10.0},{"not_picked":["Beam Cell","Barrage"],"picked":"Genetic Algorithm+1","floor":12.0},{"not_picked":["Amplify+1","All For One"],"picked":"Seek+1","floor":16.0},{"not_picked":["Leap+1","Sweeping Beam"],"picked":"Stack+1","floor":18.0},{"not_picked":["Steam+1","Coolheaded+1"],"picked":"Reinforced Body+1","floor":19.0},{"not_picked":["Redo+1","Beam Cell+1"],"picked":"Ball Lightning","floor":21.0},{"not_picked":["Go for the Eyes","Recycle+1"],"picked":"Defragment+1","floor":23},{"not_picked":["Recycle+1","Stack+1"],"picked":"Creative AI+1","floor":25},{"not_picked":["Turbo+1","Ball Lightning+1"],"picked":"Defragment+1","floor":27},{"not_picked":["Redo+1","Barrage","Rebound"],"picked":"SKIP","floor":28},{"not_picked":["Recycle+1","Beam Cell"],"picked":"Hologram+1","floor":29},{"not_picked":["Self Repair+1","Sweeping Beam"],"picked":"Reinforced Body+1","floor":30},{"not_picked":["Gash","Meteor Strike"],"picked":"Leap+1","floor":31},{"not_picked":["Multi-Cast+1","Core Surge"],"picked":"Echo Form+1","floor":33},{"not_picked":["Genetic Algorithm+1","Redo+1"],"picked":"Skim+1","floor":35},{"not_picked":["Consume+1","Leap+1"],"picked":"Ball Lightning+1","floor":37},{"not_picked":["Rebound","Redo+1","Sweeping Beam+1"],"picked":"SKIP","floor":38},{"not_picked":["Genetic Algorithm+1","Go for the Eyes"],"picked":"Cold Snap","floor":40},{"not_picked":["Rebound+1","Redo+1","Go for the Eyes"],"picked":"SKIP","floor":41},{"not_picked":["Reprogram+1","Hyperbeam"],"picked":"Cold Snap+1","floor":44},{"not_picked":["Metamorphosis+1","Purity+1"],"picked":"Good Instincts+1","floor":47},{"not_picked":["Discovery+1","Madness+1"],"picked":"Deep Breath+1","floor":47},{"not_picked":["Madness+1","Mind Blast"],"picked":"Discovery+1","floor":47},{"not_picked":["Go for the Eyes","Steam+1","Auto Shields+1"],"picked":"SKIP","floor":54}],"player_experience":295691,"relics_obtained":[{"floor":6.0,"key":"Frozen Egg 2"},{"floor":8.0,"key":"Anchor"},{"floor":9.0,"key":"Toxic Egg 2"},{"floor":23,"key":"Ancient Tea Set"},{"floor":29,"key":"Ginger"},{"floor":37,"key":"Old Coin"},{"floor":42,"key":"Smiling Mask"},{"floor":43,"key":"Blood Vial"},{"floor":54,"key":"Bronze Scales"},{"floor":54,"key":"Vajra"}],"event_choices":[{"damage_healed":0.0,"max_hp_gain":0.0,"max_hp_loss":0.0,"gold_gain":0.0,"event_name":"Upgrade Shrine","player_choice":"Upgraded","floor":2.0,"gold_loss":0.0,"damage_taken":0.0,"cards_upgraded":["White Noise"]},{"damage_healed":0.0,"max_hp_gain":0.0,"max_hp_loss":0.0,"gold_gain":0.0,"event_name":"Match and Keep!","player_choice":"1 cards matched","floor":20.0,"gold_loss":0.0,"damage_taken":0.0,"cards_obtained":["Hologram"]},{"damage_healed":26.0,"max_hp_gain":0.0,"max_hp_loss":0.0,"gold_gain":0.0,"event_name":"The Library","player_choice":"Heal","floor":22.0,"gold_loss":0.0,"damage_taken":0.0},{"damage_healed":0,"gold_gain":0,"player_choice":"Upgraded","damage_taken":0,"max_hp_gain":0,"max_hp_loss":0,"event_name":"Upgrade Shrine","floor":24,"gold_loss":0,"cards_upgraded":["Dualcast"]},{"cards_removed":["Cold Snap"],"damage_healed":0,"gold_gain":0,"player_choice":"Removed Attack","damage_taken":0,"max_hp_gain":0,"max_hp_loss":0,"event_name":"Falling","floor":36,"gold_loss":0},{"damage_healed":0,"gold_gain":0,"player_choice":"Fight","damage_taken":0,"max_hp_gain":0,"max_hp_loss":0,"event_name":"MindBloom","floor":37,"gold_loss":0},{"damage_healed":0,"gold_gain":0,"player_choice":"Ignored","damage_taken":0,"max_hp_gain":0,"max_hp_loss":0,"event_name":"Tomb of Lord Red Mask","floor":39,"gold_loss":0},{"damage_healed":0,"gold_gain":0,"player_choice":"Memory 3","damage_taken":10,"max_hp_gain":0,"max_hp_loss":0,"event_name":"SensoryStone","floor":47,"gold_loss":0}],"is_beta":true,"boss_relics":[{"not_picked":["Empty Cage","Calling Bell"],"picked":"Nuclear Battery"},{"not_picked":["White Beast Statue","Snecko Eye"],"picked":"Black Star"}],"items_purged_floors":[46],"is_endless":false,"potions_floor_spawned":[1,3,12,16,18,25,29,30,31,33,40],"killed_by":"The Heart","ascension_level":0}