{"gold_per_floor":[111,111,129,145,4,4,35,50,98,98,124,137,137,169,169,245,245,259,269,209,229,229,229,261,261,261,2,22,55,55],"floor_reached":30,"playtime":1073,"items_purged":["Strike_B","Parasite"],"score":576,"play_id":"92c85589-3f62-4bda-a121-6dc775490b36","local_time":"20190121142727","is_ascension_mode":true,"campfire_choices":[{"data":"Static Discharge","floor":6,"key":"SMITH"},{"floor":13,"key":"REST"},{"data":"Static Discharge","floor":15,"key":"SMITH"},{"data":"Ghostly","floor":23,"key":"SMITH"},{"data":"Ghostly","floor":25,"key":"SMITH"}],"neow_cost":"NONE","seed_source_timestamp":1030192300886068,"circlet_count":0,"master_deck":["AscendersBane","Strike_B","Strike_B","Strike_B","Defend_B+1","Defend_B","Defend_B","Defend_B","Zap+1","Dualcast","Auto Shields+1","Electrodynamics","Cold Snap","Static Discharge+1","Static Discharge+1","Capacitor","Seek","Core Surge","Steam+1","Leap","Ghostly+1","Ghostly+1","Ghostly","Conserve Battery","Glacier","Defragment","Coolheaded","Rip and Tear+1","Loop"],"relics":["Cracked Core","NeowsBlessing","Mummified Hand","Bag of Marbles","Ancient Tea Set","War Paint","The Courier","Cursed Key","Molten Egg 2","Strawberry","Meat on the Bone"],"potions_floor_usage":[11,29],"damage_taken":[{"damage":0,"enemies":"Cultist","floor":1,"turns":1},{"damage":0,"enemies":"2 Louse","floor":3,"turns":1},{"damage":0,"enemies":"Jaw Worm","floor":4,"turns":1},{"damage":15,"enemies":"Lagavulin","floor":7,"turns":7},{"damage":1,"enemies":"Exordium Wildlife","floor":8,"turns":2},{"damage":6,"enemies":"Gremlin Nob","floor":11,"turns":3},{"damage":0,"enemies":"2 Fungi Beasts","floor":12,"turns":3},{"damage":6,"enemies":"Lagavulin","floor":14,"turns":6},{"damage":12,"enemies":"The Guardian","floor":16,"turns":8},{"damage":15,"enemies":"2 Thieves","floor":18,"turns":3},{"damage":11,"enemies":"Chosen","floor":19,"turns":5},{"damage":9,"enemies":"Snake Plant","floor":21,"turns":3},{"damage":6,"enemies":"Slavers","floor":24,"turns":5},{"damage":0,"enemies":"Shelled Parasite and Fungi","floor":28,"turns":17},{"damage":6,"enemies":"Book of Stabbing","floor":29,"turns":4},{"damage":22,"enemies":"Snecko","floor":30,"turns":5}],"seed_played":"1017406591936652660","potions_obtained":[{"floor":8,"key":"Strength Potion"},{"floor":11,"key":"FearPotion"},{"floor":21,"key":"FocusPotion"},{"floor":24,"key":"LiquidBronze"}],"is_trial":false,"path_per_floor":["M","?","M","M","$","R","E","M","T","?","E","M","R","E","R","B",null,"M","M","$","M","?","R","E","R","T","$","M","E","M"],"character_chosen":"DEFECT","items_purchased":["Static Discharge","Swift Potion","Glacier","Defragment","Coolheaded"],"campfire_rested":1,"item_purchase_floors":[5,5,27,27,27],"current_hp_per_floor":[64,64,64,64,64,64,49,48,48,22,16,16,37,31,31,19,58,43,32,32,23,23,23,17,17,24,24,24,18,0],"gold":55,"neow_bonus":"THREE_ENEMY_KILL","is_prod":false,"is_daily":false,"chose_seed":false,"campfire_upgraded":4,"win_rate":0,"timestamp":1548077247,"path_taken":["M","?","M","M","$","R","E","M","T","?","E","M","R","E","R","BOSS","M","M","$","M","?","R","E","R","T","$","M","E","M"],"build_version":"2019-01-17v2","purchased_purges":2,"victory":false,"max_hp_per_floor":[71,71,71,71,71,71,71,71,71,71,71,71,71,71,71,71,71,71,71,71,71,35,35,35,35,42,39,39,39,39],"card_choices":[{"not_picked":["Coolheaded","Compile Driver"],"picked":"Auto Shields","floor":1},{"not_picked":["Sweeping Beam","Redo"],"picked":"Electrodynamics","floor":3},{"not_picked":["Gash","Compile Driver"],"picked":"Cold Snap","floor":4},{"not_picked":["All For One","Skim"],"picked":"Static Discharge","floor":7},{"not_picked":["Barrage","Melter"],"picked":"Capacitor","floor":8},{"not_picked":["Go for the Eyes","Stack"],"picked":"Seek","floor":11},{"not_picked":["Sweeping Beam","Skim","Lockon"],"picked":"SKIP","floor":12},{"not_picked":["Barrage","Aggregate","Heatsinks"],"picked":"SKIP","floor":14},{"not_picked":["Amplify","Seek"],"picked":"Core Surge","floor":16},{"not_picked":["Compile Driver","Reinforced Body"],"picked":"Steam+1","floor":18},{"not_picked":["Hello World","Auto Shields","Rebound"],"picked":"SKIP","floor":19},{"not_picked":["Compile Driver","Gash"],"picked":"Leap","floor":21},{"not_picked":["White Noise","Doom and Gloom"],"picked":"Conserve Battery","floor":24},{"not_picked":["Sweeping Beam+1","Cold Snap+1"],"picked":"Rip and Tear+1","floor":28},{"not_picked":["Meteor Strike+1","Redo"],"picked":"Loop","floor":29}],"player_experience":1241880,"relics_obtained":[{"floor":7,"key":"Mummified Hand"},{"floor":9,"key":"Bag of Marbles"},{"floor":11,"key":"War Paint"},{"floor":14,"key":"The Courier"},{"floor":24,"key":"Molten Egg 2"},{"floor":26,"key":"Strawberry"},{"floor":29,"key":"Meat on the Bone"}],"event_choices":[{"damage_healed":0,"gold_gain":0,"player_choice":"Grow","damage_taken":0,"max_hp_gain":0,"max_hp_loss":0,"event_name":"Living Wall","floor":2,"gold_loss":0,"cards_upgraded":["Zap"]},{"damage_healed":0,"gold_gain":0,"player_choice":"Success","damage_taken":26,"relics_obtained":["Ancient Tea Set"],"max_hp_gain":0,"max_hp_loss":0,"event_name":"Scrap Ooze","floor":10,"gold_loss":0},{"damage_healed":0,"gold_gain":0,"player_choice":"Became a Ghost","damage_taken":0,"max_hp_gain":0,"max_hp_loss":36,"event_name":"Ghosts","floor":22,"gold_loss":0,"cards_obtained":["Ghostly","Ghostly","Ghostly"]}],"is_beta":false,"boss_relics":[{"not_picked":["Black Star","Busted Crown"],"picked":"Cursed Key"}],"items_purged_floors":[20,27],"is_endless":false,"potions_floor_spawned":[8,11,12,21,24],"killed_by":"Snecko","ascension_level":20}