{"gold_per_floor":[111,111,130,148,148,178,208,208,233,233,246,246,246,279,279,384,384,404,416,416,426,3,3,3,19,90,125,144,144,144,160,160,260,260,271,318,98,98,110,110,120,120,201,215,215,19,19,19,19,19],"floor_reached":50,"playtime":3492,"items_purged":["Strike_G"],"score":704,"play_id":"2474597a-4701-4bd1-ac5e-281af5ee2cfd","local_time":"20190409234112","is_ascension_mode":true,"campfire_choices":[{"data":"Poisoned Stab","floor":8,"key":"SMITH"},{"data":"Endless Agony","floor":10,"key":"SMITH"},{"data":"Noxious Fumes","floor":15,"key":"SMITH"},{"floor":23,"key":"REST"},{"floor":32,"key":"REST"},{"floor":40,"key":"REST"},{"floor":42,"key":"REST"},{"floor":45,"key":"REST"},{"floor":47,"key":"REST"},{"data":"Apotheosis","floor":49,"key":"SMITH"}],"neow_cost":"NONE","seed_source_timestamp":75586820202430,"circlet_count":0,"master_deck":["Defend_G","Defend_G","Defend_G","Defend_G","Defend_G","Strike_G","Survivor","Neutralize+1","Poisoned Stab+1","Backflip","Endless Agony+1","Blur","Noxious Fumes+1","Poisoned Stab","Envenom","Outmaneuver+1","Heel Hook+1","Dagger Throw+1","Deflect+1","Footwork","All Out Attack","Poisoned Stab","Catalyst","Dodge and Roll+1","Cloak And Dagger","Backstab","Leg Sweep","Die Die Die","Dagger Spray+1","PiercingWail","Noxious Fumes","Master of Strategy","Apotheosis+1","Flying Knee+1","Bouncing Flask+1","Footwork"],"relics":["Ring of the Snake","Anchor","Shuriken","Omamori","Snake Skull","Unceasing Top","Astrolabe","Kunai","Ninja Scroll","Vajra","Question Card","NlothsMask","Black Star","Peace Pipe","Bag of Preparation","DollysMirror"],"potions_floor_usage":[18,33,33,36,41,50,50],"damage_taken":[{"damage":6,"enemies":"Jaw Worm","floor":1,"turns":5},{"damage":0,"enemies":"2 Louse","floor":3,"turns":2},{"damage":0,"enemies":"Small Slimes","floor":4,"turns":3},{"damage":26,"enemies":"Gremlin Nob","floor":6,"turns":5},{"damage":0,"enemies":"Looter","floor":11,"turns":2},{"damage":10,"enemies":"Lagavulin","floor":14,"turns":5},{"damage":0,"enemies":"The Guardian","floor":16,"turns":8},{"damage":5,"enemies":"2 Thieves","floor":18,"turns":4},{"damage":25,"enemies":"Spheric Guardian","floor":19,"turns":5},{"damage":5,"enemies":"Centurion and Healer","floor":21,"turns":7},{"damage":0,"enemies":"Cultist and Chosen","floor":25,"turns":6},{"damage":24,"enemies":"Book of Stabbing","floor":27,"turns":5},{"damage":3,"enemies":"3 Cultists","floor":28,"turns":4},{"damage":4,"enemies":"Sentry and Sphere","floor":31,"turns":4},{"damage":10,"enemies":"Champ","floor":33,"turns":7},{"damage":1,"enemies":"Orb Walker","floor":35,"turns":3},{"damage":21,"enemies":"2 Orb Walkers","floor":36,"turns":6},{"damage":21,"enemies":"3 Darklings","floor":39,"turns":4},{"damage":28,"enemies":"Sphere and 2 Shapes","floor":41,"turns":9},{"damage":13,"enemies":"Transient","floor":44,"turns":5},{"damage":87,"enemies":"Donu and Deca","floor":50,"turns":11}],"seed_played":"2429970396658615328","potions_obtained":[{"floor":11,"key":"Explosive Potion"},{"floor":14,"key":"Strength Potion"},{"floor":16,"key":"SpeedPotion"},{"floor":19,"key":"Regen Potion"},{"floor":21,"key":"Block Potion"},{"floor":28,"key":"Dexterity Potion"},{"floor":33,"key":"SteroidPotion"},{"floor":35,"key":"Dexterity Potion"},{"floor":39,"key":"Strength Potion"},{"floor":44,"key":"FearPotion"}],"is_trial":false,"path_per_floor":["M","?","M","M","?","E","?","R","T","R","M","?","T","E","R","B",null,"M","M","?","M","$","R","$","M","T","E","M","?","?","M","R","B",null,"M","?","$","?","M","R","M","R","T","M","R","$","R","?","R","B"],"character_chosen":"THE_SILENT","items_purchased":["Poisoned Stab","Catalyst","Kunai","Noxious Fumes","Bag of Preparation","DollysMirror"],"campfire_rested":6,"item_purchase_floors":[22,22,22,37,37,46],"current_hp_per_floor":[64,61,61,61,66,40,40,40,40,40,40,40,40,30,30,30,64,59,34,20,15,15,39,39,39,39,15,12,12,12,8,32,22,66,65,44,44,34,13,37,9,33,33,20,44,44,68,68,68,0],"gold":19,"neow_bonus":"UPGRADE_CARD","is_prod":false,"is_daily":false,"chose_seed":false,"campfire_upgraded":4,"win_rate":0,"timestamp":1554864072,"path_taken":["M","?","M","M","?","E","?","R","T","R","M","?","?","E","R","BOSS","M","M","?","M","$","R","$","M","T","E","M","?","?","?","R","BOSS","M","?","$","?","M","R","M","R","T","M","R","$","R","?","R","BOSS"],"build_version":"2019-01-23","purchased_purges":1,"victory":false,"max_hp_per_floor":[70,70,70,70,75,75,75,75,75,75,75,75,75,75,75,75,75,75,75,80,80,80,80,80,80,80,80,80,80,80,80,80,80,80,80,80,80,80,80,80,80,80,80,80,80,80,80,76,76,76],"card_choices":[{"not_picked":["Quick Slash","Escape Plan"],"picked":"Poisoned Stab","floor":1},{"not_picked":["Deflect","Acrobatics"],"picked":"Backflip","floor":3},{"not_picked":["Calculated Gamble","Underhanded Strike"],"picked":"Endless Agony","floor":4},{"not_picked":["Accuracy","Choke"],"picked":"Blur","floor":6},{"not_picked":["Deadly Poison","Blur"],"picked":"Noxious Fumes","floor":11},{"not_picked":["Cloak And Dagger","Deflect"],"picked":"Poisoned Stab","floor":14},{"not_picked":["Tools of the Trade","After Image"],"picked":"Envenom","floor":16},{"not_picked":["Bouncing Flask","Poisoned Stab+1"],"picked":"Deflect+1","floor":18},{"not_picked":["Dagger Spray","Poisoned Stab"],"picked":"Footwork","floor":19},{"not_picked":["Sucker Punch","Quick Slash+1"],"picked":"All Out Attack","floor":21},{"not_picked":["Underhanded Strike","Dash"],"picked":"Dodge and Roll+1","floor":25},{"not_picked":["A Thousand Cuts","Prepared"],"picked":"Cloak And Dagger","floor":27},{"not_picked":["Calculated Gamble","Masterful Stab"],"picked":"Backstab","floor":28},{"not_picked":["Sucker Punch","Expertise","Riddle With Holes"],"picked":"Leg Sweep","floor":31},{"not_picked":["Malaise","Bullet Time","Phantasmal Killer"],"picked":"Die Die Die","floor":33},{"not_picked":["Backflip+1","Deadly Poison+1","Prepared"],"picked":"Dagger Spray+1","floor":35},{"not_picked":["Outmaneuver","Accuracy","Poisoned Stab+1"],"picked":"PiercingWail","floor":36},{"not_picked":["Finesse","Magnetism","Panache"],"picked":"Master of Strategy","floor":38},{"not_picked":["Jack Of All Trades","Purity","Dark Shackles"],"picked":"Apotheosis","floor":38},{"not_picked":["Dagger Spray","Heel Hook","Dodge and Roll","Sucker Punch"],"picked":"SKIP","floor":39},{"not_picked":["Acrobatics+1","Underhanded Strike","Caltrops"],"picked":"Flying Knee+1","floor":41},{"not_picked":["Deadly Poison","Quick Slash+1","Slice"],"picked":"Bouncing Flask+1","floor":44}],"player_experience":574265,"relics_obtained":[{"floor":6,"key":"Shuriken"},{"floor":9,"key":"Omamori"},{"floor":13,"key":"Snake Skull"},{"floor":14,"key":"Unceasing Top"},{"floor":26,"key":"Ninja Scroll"},{"floor":27,"key":"Vajra"},{"floor":36,"key":"Peace Pipe"}],"event_choices":[{"damage_healed":0,"gold_gain":0,"player_choice":"Success","damage_taken":3,"relics_obtained":["Anchor"],"max_hp_gain":0,"max_hp_loss":0,"event_name":"Scrap Ooze","floor":2,"gold_loss":0},{"damage_healed":0,"gold_gain":0,"player_choice":"Donut","damage_taken":0,"max_hp_gain":5,"max_hp_loss":0,"event_name":"Big Fish","floor":5,"gold_loss":0},{"damage_healed":0,"gold_gain":30,"player_choice":"Searched \u00271\u0027 times","damage_taken":0,"max_hp_gain":0,"max_hp_loss":0,"event_name":"Dead Adventurer","floor":7,"gold_loss":0},{"damage_healed":0,"gold_gain":0,"player_choice":"Ignored","damage_taken":0,"max_hp_gain":0,"max_hp_loss":0,"event_name":"Shining Light","floor":12,"gold_loss":0},{"damage_healed":0,"gold_gain":0,"player_choice":"Shed Blood","damage_taken":19,"max_hp_gain":5,"max_hp_loss":0,"event_name":"Forgotten Altar","floor":20,"gold_loss":0},{"damage_healed":0,"gold_gain":0,"player_choice":"Opened","damage_taken":0,"relics_obtained":["Question Card"],"max_hp_gain":0,"max_hp_loss":0,"event_name":"The Mausoleum","floor":29,"gold_loss":0},{"damage_healed":0,"gold_gain":0,"player_choice":"Trade","damage_taken":0,"relics_obtained":["NlothsMask"],"max_hp_gain":0,"max_hp_loss":0,"event_name":"FaceTrader","floor":30,"gold_loss":0},{"damage_healed":0,"gold_gain":0,"player_choice":"Fight","damage_taken":0,"max_hp_gain":0,"max_hp_loss":0,"event_name":"Mysterious Sphere","floor":36,"gold_loss":0},{"damage_healed":0,"gold_gain":0,"player_choice":"Memory 3","damage_taken":10,"max_hp_gain":0,"max_hp_loss":0,"event_name":"SensoryStone","floor":38,"gold_loss":0},{"damage_healed":0,"gold_gain":0,"player_choice":"Max HP","damage_taken":0,"max_hp_gain":0,"max_hp_loss":4,"event_name":"Winding Halls","floor":48,"gold_loss":0}],"is_beta":false,"boss_relics":[{"not_picked":["Runic Dome","Tiny House"],"picked":"Astrolabe"},{"not_picked":["HoveringKite","Philosopher\u0027s Stone"],"picked":"Black Star"}],"items_purged_floors":[22],"is_endless":false,"potions_floor_spawned":[11,14,16,19,21,28,33,35,39,44],"killed_by":"Donu and Deca","ascension_level":5}