{"gold_per_floor":[111,111,111,111,125,159,159,171,194,194,211,286,296,307,307,409,409,429,277,277],"floor_reached":20,"playtime":844,"items_purged":["Strike_R"],"score":183,"play_id":"e70fbc45-0a8c-49e9-8f7d-80e15991ceeb","local_time":"20190325015012","is_ascension_mode":true,"campfire_choices":[{"data":"Entrench","floor":7,"key":"SMITH"},{"floor":15,"key":"REST"}],"neow_cost":"NONE","seed_source_timestamp":0,"circlet_count":0,"master_deck":["Strike_R","Strike_R","Strike_R","Strike_R","Defend_R","Defend_R","Defend_R","Defend_R","Bash","Entrench+1","Shrug It Off","Barricade","Metallicize","Blind","Shrug It Off","Whirlwind"],"special_seed":0,"relics":["Eternal Feather"],"potions_floor_usage":[13,16,16],"damage_taken":[{"damage":0.0,"enemies":"2 Louse","floor":1.0,"turns":3.0},{"damage":6.0,"enemies":"Jaw Worm","floor":5.0,"turns":3.0},{"damage":58.0,"enemies":"Lagavulin","floor":6.0,"turns":9.0},{"damage":6,"enemies":"Cultist","floor":8,"turns":8},{"damage":0,"enemies":"Blue Slaver","floor":11,"turns":6},{"damage":4,"enemies":"Exordium Thugs","floor":13,"turns":6},{"damage":1,"enemies":"2 Fungi Beasts","floor":14,"turns":5},{"damage":1,"enemies":"Hexaghost","floor":16,"turns":27},{"damage":0,"enemies":"Spheric Guardian","floor":18,"turns":20},{"damage":88,"enemies":"Chosen","floor":20,"turns":18}],"seed_played":"2525878116187879389","potions_obtained":[{"floor":6,"key":"Poison Potion"},{"floor":8,"key":"Dexterity Potion"},{"floor":13,"key":"Strength Potion"}],"is_trial":false,"path_per_floor":["M","$","?","?","M","E","R","M","T","?","M","?","M","M","R","B",null,"M","$","M"],"character_chosen":"IRONCLAD","items_purchased":["Whirlwind"],"campfire_rested":1,"item_purchase_floors":[19],"current_hp_per_floor":[80,80,80,80,74,16,22,16,16,16,16,8,4,3,36,35,80,80,80,0],"gold":277,"neow_bonus":"BOSS_RELIC","is_prod":false,"is_daily":false,"chose_seed":false,"campfire_upgraded":1,"win_rate":0,"timestamp":1553503812,"path_taken":["M","$","?","?","?","E","R","M","T","?","?","?","?","M","R","BOSS","M","$","M"],"build_version":"2019-01-23","purchased_purges":1,"victory":false,"max_hp_per_floor":[80,80,80,80,80,80,80,80,80,80,80,80,80,80,80,80,80,80,80,80],"card_choices":[{"not_picked":["Wild Strike","Cleave"],"picked":"Entrench","floor":1.0},{"not_picked":["Flex","Sentinel"],"picked":"Shrug It Off","floor":5.0},{"not_picked":["Clothesline","Body Slam"],"picked":"Barricade","floor":6},{"not_picked":["Thunderclap","Rupture","Pommel Strike"],"picked":"SKIP","floor":8},{"not_picked":["Sever Soul","Dual Wield"],"picked":"Shrug It Off","floor":11},{"not_picked":["Seeing Red","Power Through","Perfected Strike"],"picked":"SKIP","floor":13},{"not_picked":["Cleave","Warcry","Thunderclap"],"picked":"SKIP","floor":14},{"not_picked":["Wild Strike","Inflame","Heavy Blade"],"picked":"SKIP","floor":18}],"player_experience":841741,"relics_obtained":[],"event_choices":[{"damage_healed":0.0,"max_hp_gain":0.0,"max_hp_loss":0.0,"gold_gain":0.0,"event_name":"Liars Game","player_choice":"Ignored","floor":3.0,"gold_loss":0.0,"damage_taken":0.0},{"damage_healed":0.0,"max_hp_gain":0.0,"max_hp_loss":0.0,"gold_gain":0.0,"event_name":"The Woman in Blue","player_choice":"Bought 0 Potions","floor":4.0,"gold_loss":0.0,"damage_taken":0.0},{"damage_healed":0,"gold_gain":0,"player_choice":"2 cards matched","damage_taken":0,"max_hp_gain":0,"max_hp_loss":0,"event_name":"Match and Keep!","floor":10,"gold_loss":0,"cards_obtained":["Metallicize","Blind"]},{"damage_healed":0,"gold_gain":75,"player_choice":"Touch","damage_taken":8,"max_hp_gain":0,"max_hp_loss":0,"event_name":"FaceTrader","floor":12,"gold_loss":0}],"is_beta":false,"boss_relics":[{"not_picked":["Calling Bell","Runic Pyramid","Pandora\u0027s Box"]}],"items_purged_floors":[19],"is_endless":false,"potions_floor_spawned":[6,8,13],"killed_by":"Chosen","ascension_level":1}