{"gold_per_floor":[119,138,153,164,164,196,196,224,249,249],"floor_reached":10,"playtime":265,"items_purged":[],"score":98,"play_id":"fe724290-06d3-4605-b232-1e65a63ec17d","local_time":"20190409032256","is_ascension_mode":true,"campfire_choices":[{"data":"Bludgeon","floor":7,"key":"SMITH"}],"neow_cost":"TEN_PERCENT_HP_LOSS","seed_source_timestamp":437211468703055,"circlet_count":0,"master_deck":["Strike_R","Strike_R","Strike_R","Strike_R","Strike_R","Defend_R","Defend_R","Defend_R","Defend_R","Bash","Bludgeon+1","Anger","Flex","Shrug It Off","Rage"],"relics":["Burning Blood","Lantern","Art of War","Omamori"],"potions_floor_usage":[10,10],"damage_taken":[{"damage":1,"enemies":"Cultist","floor":1,"turns":3},{"damage":12,"enemies":"Jaw Worm","floor":2,"turns":2},{"damage":0,"enemies":"Small Slimes","floor":3,"turns":2},{"damage":8,"enemies":"Blue Slaver","floor":4,"turns":2},{"damage":45,"enemies":"Lagavulin","floor":6,"turns":6},{"damage":16,"enemies":"Gremlin Nob","floor":8,"turns":3},{"damage":21,"enemies":"3 Sentries","floor":10,"turns":4}],"seed_played":"-2575837203865472700","potions_obtained":[{"floor":2,"key":"Explosive Potion"},{"floor":4,"key":"Explosive Potion"}],"is_trial":false,"path_per_floor":["M","?"],"character_chosen":"IRONCLAD","items_purchased":[],"campfire_rested":0,"item_purchase_floors":[],"current_hp_per_floor":[72,66,72,70,70,31,31,21,21,0],"gold":249,"neow_bonus":"THREE_RARE_CARDS","is_prod":false,"is_daily":false,"chose_seed":false,"campfire_upgraded":1,"win_rate":0,"timestamp":1554754976,"path_taken":["M","M","?","M","?","E","R","E","T","E"],"build_version":"2019-01-23","purchased_purges":0,"victory":false,"max_hp_per_floor":[72,72,72,72,72,72,72,72,72,72],"card_choices":[{"not_picked":["Brutality","Impervious"],"picked":"Bludgeon","floor":0},{"not_picked":["Flex","Clothesline","Warcry"],"picked":"SKIP","floor":1},{"not_picked":["Body Slam","Iron Wave","Warcry"],"picked":"SKIP","floor":2},{"not_picked":["Immolate","True Grit"],"picked":"Anger","floor":3},{"not_picked":["Evolve","Entrench"],"picked":"Flex","floor":4},{"not_picked":["Sword Boomerang","Carnage"],"picked":"Shrug It Off","floor":6},{"not_picked":["Inflame","Power Through"],"picked":"Rage","floor":8}],"player_experience":177224,"relics_obtained":[{"floor":6,"key":"Lantern"},{"floor":8,"key":"Art of War"},{"floor":9,"key":"Omamori"}],"event_choices":[{"damage_healed":0,"gold_gain":0,"player_choice":"Ignored","damage_taken":0,"max_hp_gain":0,"max_hp_loss":0,"event_name":"Liars Game","floor":5,"gold_loss":0}],"is_beta":false,"boss_relics":[],"items_purged_floors":[],"is_endless":false,"potions_floor_spawned":[2,4],"killed_by":"3 Sentries","ascension_level":5}