{"gold_per_floor":[14,33,33,33,33,62,62,91,91,106,133,133,133,3,3,77,127,137,137,137,137,152,152,152,152,177,177,192,192],"floor_reached":29,"playtime":815,"items_purged":["Strike_G"],"score":474,"play_id":"49530fae-7700-4581-b1ad-1f04d591befb","local_time":"20190116145339","is_ascension_mode":true,"campfire_choices":[{"data":"Dagger Spray","floor":7.0,"key":"SMITH"},{"data":"Neutralize","floor":15.0,"key":"SMITH"},{"data":"Bouncing Flask","floor":23.0,"key":"SMITH"},{"data":"Malaise","floor":25.0,"key":"SMITH"}],"neow_cost":"NO_GOLD","seed_source_timestamp":0,"circlet_count":0,"master_deck":["AscendersBane","Defend_G+1","Defend_G+1","Defend_G+1","Defend_G+1","Strike_G+1","Strike_G+1","Survivor","Neutralize+1","Underhanded Strike","Venomology","Poisoned Stab","Dagger Spray+1","Poisoned Stab","Escape Plan","Dash","PiercingWail","Malaise+1","Bouncing Flask+1"],"special_seed":0,"relics":["Ring of the Snake","Mercury Hourglass","Lantern","Paper Crane","Regal Pillow","Dream Catcher","Tiny House","Torii","Oddly Smooth Stone"],"potions_floor_usage":[29,29],"damage_taken":[{"damage":0.0,"enemies":"Jaw Worm","floor":1.0,"turns":4.0},{"damage":0.0,"enemies":"2 Louse","floor":2.0,"turns":4.0},{"damage":4.0,"enemies":"Gremlin Nob","floor":6.0,"turns":3.0},{"damage":16.0,"enemies":"3 Sentries","floor":8.0,"turns":5.0},{"damage":0.0,"enemies":"Small Slimes","floor":10.0,"turns":1.0},{"damage":34.0,"enemies":"Lagavulin","floor":11.0,"turns":6.0},{"damage":27.0,"enemies":"The Guardian","floor":16.0,"turns":10.0},{"damage":19.0,"enemies":"Chosen","floor":18.0,"turns":6.0},{"damage":0.0,"enemies":"3 Byrds","floor":22.0,"turns":3.0},{"damage":2.0,"enemies":"Sentry and Sphere","floor":28.0,"turns":4.0},{"damage":42,"enemies":"Slavers","floor":29,"turns":4}],"seed_played":"-4870594169028895561","potions_obtained":[{"floor":8.0,"key":"Swift Potion"},{"floor":11.0,"key":"LiquidBronze"},{"floor":22.0,"key":"GhostInAJar"}],"is_trial":false,"path_per_floor":["M","M","?","?","$","E","R","E","T","M","E","?","?","$","R","B",null,"M","?","$","T","M","R","?","R","T","?","M","E"],"character_chosen":"THE_SILENT","items_purchased":["PowerPotion"],"campfire_rested":0,"item_purchase_floors":[14],"current_hp_per_floor":[59,59,59,54,54,50,50,34,34,34,30,30,30,30,30,3,55,36,36,36,36,36,36,36,36,36,36,34,0],"gold":192,"neow_bonus":"TRANSFORM_TWO_CARDS","is_prod":false,"is_daily":false,"chose_seed":false,"campfire_upgraded":4,"win_rate":0,"timestamp":1547646819,"path_taken":["M","M","?","?","$","E","R","E","T","M","E","?","?","$","R","BOSS","M","?","$","?","M","R","?","R","T","?","M","E"],"build_version":"2019-01-10","purchased_purges":1,"victory":false,"max_hp_per_floor":[66,66,66,66,66,66,66,66,66,66,66,66,66,66,66,66,71,71,71,71,71,71,71,71,71,71,71,71,71],"card_choices":[{"not_picked":["Expertise","Choke"],"picked":"Poisoned Stab","floor":1.0},{"not_picked":["PiercingWail","Blade Dance"],"picked":"Dagger Spray","floor":2.0},{"not_picked":["Infinite Blades","Quick Slash"],"picked":"Poisoned Stab","floor":6.0},{"not_picked":["Flying Knee","Eviscerate"],"picked":"Escape Plan","floor":8.0},{"not_picked":["Dagger Throw","Blade Dance"],"picked":"Dash","floor":10.0},{"not_picked":["Acrobatics","Flechettes"],"picked":"PiercingWail","floor":11.0},{"not_picked":["Bullet Time","Storm of Steel"],"picked":"Malaise","floor":16.0},{"not_picked":["Prepared","Flying Knee"],"picked":"Bouncing Flask","floor":17.0},{"not_picked":["Poisoned Stab","Tactician","PiercingWail"],"picked":"SKIP","floor":18.0},{"not_picked":["Sucker Punch","Prepared","Acrobatics+1"],"picked":"SKIP","floor":22.0},{"not_picked":["Cloak And Dagger","Reflex","Eviscerate"],"picked":"SKIP","floor":28.0}],"player_experience":1210678,"relics_obtained":[{"floor":6.0,"key":"Lantern"},{"floor":8.0,"key":"Paper Crane"},{"floor":9.0,"key":"Regal Pillow"},{"floor":11.0,"key":"Dream Catcher"},{"floor":21.0,"key":"Torii"},{"floor":26.0,"key":"Oddly Smooth Stone"}],"event_choices":[{"damage_healed":0.0,"max_hp_gain":0.0,"max_hp_loss":0.0,"gold_gain":0.0,"event_name":"Golden Idol","player_choice":"Ignored","floor":3.0,"gold_loss":0.0,"damage_taken":0.0},{"damage_healed":0.0,"max_hp_gain":0.0,"max_hp_loss":0.0,"gold_gain":0.0,"event_name":"Scrap Ooze","player_choice":"Success","floor":4.0,"gold_loss":0.0,"damage_taken":5.0,"relics_obtained":["Mercury Hourglass"]},{"damage_healed":0.0,"max_hp_gain":0.0,"max_hp_loss":0.0,"gold_gain":0.0,"event_name":"Liars Game","player_choice":"Ignored","floor":12.0,"gold_loss":0.0,"damage_taken":0.0},{"damage_healed":0.0,"max_hp_gain":0.0,"max_hp_loss":0.0,"gold_gain":0.0,"event_name":"Shining Light","player_choice":"Ignored","floor":13.0,"gold_loss":0.0,"damage_taken":0.0},{"cards_removed":["Strike_G"],"damage_healed":0.0,"max_hp_gain":0.0,"max_hp_loss":0.0,"gold_gain":0.0,"event_name":"Purifier","player_choice":"Purged","floor":19.0,"gold_loss":0.0,"damage_taken":0.0},{"damage_healed":0.0,"max_hp_gain":0.0,"max_hp_loss":0.0,"gold_gain":0.0,"event_name":"Vampires","player_choice":"Ignored","floor":24.0,"gold_loss":0.0,"damage_taken":0.0},{"damage_healed":0.0,"max_hp_gain":0.0,"max_hp_loss":0.0,"gold_gain":0.0,"event_name":"Back to Basics","player_choice":"Simplicity","floor":27.0,"gold_loss":0.0,"damage_taken":0.0,"cards_upgraded":["Defend_G","Defend_G","Defend_G","Defend_G","Strike_G"]}],"is_beta":false,"boss_relics":[{"not_picked":["White Beast Statue","Runic Dome"],"picked":"Tiny House"}],"items_purged_floors":[14],"is_endless":false,"potions_floor_spawned":[8,11,22],"killed_by":"Slavers","ascension_level":20}