{"gold_per_floor":[109,122,138,138,157,157,183,183,183,197,197,208,83,117,117,213,213,229,6,18,117,62,62,87,87,87,113,113,113,133,144,144,248,248,267,267,267,267,282,282,314,314,314,346,127,161,172,199,199,199],"floor_reached":51,"playtime":3175,"items_purged":["Strike_G"],"score":1170,"play_id":"67fb9a47-592f-40c5-864f-9a65d8233389","local_time":"20190419045018","is_ascension_mode":true,"campfire_choices":[{"data":"Tools of the Trade","floor":6,"key":"SMITH"},{"floor":8,"key":"REST"},{"data":"Blade Dance","floor":11,"key":"SMITH"},{"data":"Infinite Blades","floor":15,"key":"SMITH"},{"data":"After Image","floor":23,"key":"SMITH"},{"data":"Accuracy","floor":25,"key":"SMITH"},{"data":"Burst","floor":29,"key":"SMITH"},{"data":"Reflex","floor":32,"key":"SMITH"},{"data":"Dash","floor":40,"key":"SMITH"},{"data":"Dodge and Roll","floor":42,"key":"SMITH"},{"data":"Dodge and Roll","floor":49,"key":"SMITH"}],"neow_cost":"PERCENT_DAMAGE","seed_source_timestamp":213609377129836,"circlet_count":0,"master_deck":["Defend_G+1","Defend_G","Defend_G+1","Defend_G","Strike_G","Strike_G","Strike_G","Survivor","Neutralize+1","Burst+1","Tools of the Trade+1","Endless Agony","Dash+1","Dodge and Roll+1","Reflex+1","Dagger Spray","Blade Dance+1","Infinite Blades+1","Dodge and Roll+1","After Image+1","Accuracy+1","Cloak And Dagger+1","Footwork+1"],"relics":["Ring of the Snake","Kunai","Pear","Anchor","Busted Crown","Blood Vial","Tiny Chest","Bronze Scales","Snake Skull","Turnip","Bottled Lightning","Philosopher\u0027s Stone","Mango","War Paint","Frozen Egg 2","Ninja Scroll","Oddly Smooth Stone","Calipers","Strawberry"],"potions_floor_usage":[7,16,31,33,50,50],"damage_taken":[{"damage":0,"enemies":"Cultist","floor":1,"turns":4},{"damage":3,"enemies":"Jaw Worm","floor":2,"turns":5},{"damage":0,"enemies":"2 Louse","floor":3,"turns":3},{"damage":3,"enemies":"Blue Slaver","floor":5,"turns":4},{"damage":21,"enemies":"Lagavulin","floor":7,"turns":10},{"damage":0,"enemies":"Red Slaver","floor":10,"turns":5},{"damage":0,"enemies":"Large Slime","floor":12,"turns":6},{"damage":11,"enemies":"Gremlin Nob","floor":14,"turns":5},{"damage":16,"enemies":"Slime Boss","floor":16,"turns":17},{"damage":0,"enemies":"3 Byrds","floor":18,"turns":5},{"damage":0,"enemies":"Shell Parasite","floor":20,"turns":7},{"damage":12,"enemies":"Slavers","floor":24,"turns":7},{"damage":5,"enemies":"Book of Stabbing","floor":27,"turns":5},{"damage":7,"enemies":"Cultist and Chosen","floor":30,"turns":6},{"damage":1,"enemies":"Centurion and Healer","floor":31,"turns":6},{"damage":16,"enemies":"Collector","floor":33,"turns":15},{"damage":6,"enemies":"3 Darklings","floor":35,"turns":7},{"damage":0,"enemies":"Orb Walker","floor":39,"turns":3},{"damage":3,"enemies":"Giant Head","floor":41,"turns":11},{"damage":4,"enemies":"Nemesis","floor":44,"turns":11},{"damage":0,"enemies":"Giant Head","floor":46,"turns":10},{"damage":0,"enemies":"4 Shapes","floor":47,"turns":5},{"damage":0,"enemies":"Reptomancer","floor":48,"turns":8},{"damage":23,"enemies":"Time Eater","floor":50,"turns":14}],"seed_played":"-8351651776129025288","potions_obtained":[{"floor":1,"key":"PowerPotion"},{"floor":3,"key":"Weak Potion"},{"floor":5,"key":"Energy Potion"},{"floor":24,"key":"AttackPotion"},{"floor":27,"key":"PowerPotion"},{"floor":31,"key":"Fruit Juice"},{"floor":35,"key":"LiquidBronze"},{"floor":47,"key":"Fire Potion"},{"floor":48,"key":"Strength Potion"}],"is_trial":false,"path_per_floor":["?","?","?","T","M","T","?","?","M"],"character_chosen":"THE_SILENT","items_purchased":["Infinite Blades","Dodge and Roll","Accuracy","Blood Vial","Oddly Smooth Stone"],"campfire_rested":1,"item_purchase_floors":[13,13,19,19,45],"current_hp_per_floor":[45,42,42,42,39,39,18,39,49,49,49,49,49,38,38,22,66,66,66,68,68,68,68,58,58,58,55,55,55,50,56,56,42,74,70,84,84,84,86,86,85,85,85,83,83,85,87,96,96,75],"gold":199,"neow_bonus":"TRANSFORM_TWO_CARDS","is_prod":false,"is_daily":false,"chose_seed":false,"campfire_upgraded":10,"win_rate":0,"timestamp":1555624218,"path_taken":["M","M","M","?","M","R","E","R","T","M","R","M","$","E","R","BOSS","M","$","M","?","?","R","E","R","T","E","?","R","M","?","R","BOSS","M","?","?","?","?","R","E","R","T","E","$","E","M","E","R","BOSS"],"build_version":"2019-01-23","purchased_purges":1,"victory":true,"max_hp_per_floor":[70,70,70,70,70,70,70,70,80,80,80,80,80,80,80,80,80,80,80,80,80,80,80,80,80,80,80,80,80,80,85,85,85,85,85,99,94,94,94,94,94,94,94,94,94,94,94,101,101,101],"card_choices":[{"not_picked":["Finisher","Setup"],"picked":"Endless Agony","floor":1},{"not_picked":["Acrobatics","Bane"],"picked":"Dash","floor":2},{"not_picked":["Slice","Underhanded Strike"],"picked":"Dodge and Roll","floor":3},{"not_picked":["Poisoned Stab","Slice"],"picked":"Reflex","floor":5},{"not_picked":["Choke","Bouncing Flask"],"picked":"Dagger Spray","floor":7},{"not_picked":["Skewer","Cloak And Dagger"],"picked":"Blade Dance","floor":10},{"not_picked":["Dagger Spray","Catalyst","Sucker Punch"],"picked":"SKIP","floor":12},{"not_picked":["Unload","Dagger Throw","Acrobatics"],"picked":"SKIP","floor":14},{"not_picked":["Doppelganger","Burst"],"picked":"After Image","floor":16},{"not_picked":["Heel Hook"],"picked":"SKIP","floor":18},{"not_picked":["Dodge and Roll"],"picked":"SKIP","floor":20},{"not_picked":[],"picked":"Cloak And Dagger+1","floor":24},{"not_picked":["Backstab"],"picked":"SKIP","floor":27},{"not_picked":["Calculated Gamble"],"picked":"SKIP","floor":30},{"not_picked":["Deadly Poison"],"picked":"SKIP","floor":31},{"not_picked":["Bane"],"picked":"SKIP","floor":35},{"not_picked":["Flying Knee"],"picked":"SKIP","floor":39},{"not_picked":["Distraction"],"picked":"SKIP","floor":41},{"not_picked":[],"picked":"Footwork+1","floor":44},{"not_picked":["Flying Knee"],"picked":"SKIP","floor":46},{"not_picked":["Dagger Spray+1"],"picked":"SKIP","floor":47},{"not_picked":["All Out Attack+1"],"picked":"SKIP","floor":48}],"player_experience":267415,"relics_obtained":[{"floor":7,"key":"Kunai"},{"floor":9,"key":"Pear"},{"floor":14,"key":"Anchor"},{"floor":24,"key":"Bronze Scales"},{"floor":26,"key":"Snake Skull"},{"floor":27,"key":"Turnip"},{"floor":28,"key":"Bottled Lightning"},{"floor":36,"key":"Mango"},{"floor":41,"key":"War Paint"},{"floor":43,"key":"Frozen Egg 2"},{"floor":44,"key":"Ninja Scroll"},{"floor":46,"key":"Calipers"},{"floor":48,"key":"Strawberry"}],"event_choices":[{"damage_healed":0,"gold_gain":0,"player_choice":"Grow","damage_taken":0,"max_hp_gain":0,"max_hp_loss":0,"event_name":"Living Wall","floor":4,"gold_loss":0,"cards_upgraded":["Neutralize"]},{"damage_healed":0,"gold_gain":99,"player_choice":"Stole From Cult","damage_taken":0,"max_hp_gain":0,"max_hp_loss":0,"event_name":"Nest","floor":21,"gold_loss":0},{"damage_healed":0,"gold_gain":0,"player_choice":"Obtained Relic","damage_taken":0,"relics_obtained":["Tiny Chest"],"max_hp_gain":0,"max_hp_loss":0,"event_name":"Addict","floor":22,"gold_loss":85},{"damage_healed":0,"gold_gain":0,"player_choice":"Max HP","damage_taken":0,"max_hp_gain":0,"max_hp_loss":5,"event_name":"Winding Halls","floor":37,"gold_loss":0},{"damage_healed":0,"gold_gain":0,"player_choice":"Ignored","damage_taken":0,"max_hp_gain":0,"max_hp_loss":0,"event_name":"SecretPortal","floor":38,"gold_loss":0}],"is_beta":false,"boss_relics":[{"not_picked":["Orrery","Runic Pyramid"],"picked":"Busted Crown"},{"not_picked":["Snecko Eye","Astrolabe"],"picked":"Philosopher\u0027s Stone"}],"items_purged_floors":[45],"is_endless":false,"potions_floor_spawned":[1,3,5,24,27,31,35,47,48],"ascension_level":7}