{"path_per_floor":["M","?","M","M","?","R","?","$","T","E","M","E","R","?","R","B",null,"M","?","M","?","$","E","M","M","T","M","E","M","R","E","R","B",null,"M","?","M","?","M","E","M","E","T","M","M","M","R","M","R"],"character_chosen":"DEFECT","items_purchased":["DataDisk","Hologram","Sunder","Orichalcum"],"gold_per_floor":[114,114,132,145,145,145,207,17,17,51,69,96,96,96,96,191,191,209,209,221,221,0,25,41,58,83,103,136,156,156,191,191,291,291,311,311,325,0,11,39,58,86,162,173,187,200,200,210,210,210],"floor_reached":50,"campfire_rested":7,"playtime":4123,"item_purchase_floors":[8,8,22,22],"current_hp_per_floor":[75,75,74,69,69,75,53,53,53,39,36,16,53,46,75,69,75,71,71,71,55,55,55,51,41,41,32,19,19,56,46,75,75,75,75,75,67,67,45,31,10,10,10,22,34,30,67,67,75,0],"items_purged":[],"gold":210,"score":701,"play_id":"8344938f-d822-4dd6-9ee0-daec63268160","local_time":"20180616122513","is_prod":false,"is_daily":false,"chose_seed":false,"is_ascension_mode":false,"campfire_upgraded":0,"win_rate":0,"timestamp":1529177113,"campfire_choices":[{"floor":6,"key":"REST"},{"floor":13,"key":"REST"},{"floor":15,"key":"REST"},{"floor":30,"key":"REST"},{"floor":32,"key":"REST"},{"floor":47,"key":"REST"},{"floor":49,"key":"REST"}],"path_taken":["M","?","?","M","?","R","?","$","T","E","M","E","R","?","R","BOSS","M","?","M","?","$","E","M","M","T","M","E","M","R","E","R","BOSS","M","?","?","?","M","E","M","E","T","M","M","?","R","?","R","BOSS"],"build_version":"2018-06-14v2","seed_source_timestamp":95619033611875,"purchased_purges":0,"victory":false,"master_deck":["Strike_B","Strike_B","Strike_B","Strike_B","Defend_B","Defend_B","Defend_B","Zap","Dualcast","Ball Lightning+1","Lockon","Beam Cell+1","Echo Form","Scrape","Hologram","Core Surge","Cold Snap","Conserve Battery","Cold Snap","Leap","Creative AI","BootSequence+1","Steam","Sunder","Conserve Battery+1","Meteor Strike","White Noise+1","Beam Cell","Coolheaded+1","Redo+1","Sunder","Reinforced Body","Sweeping Beam+1","Rainbow","Barrage+1","Zap","Genetic Algorithm","All For One","Rip and Tear+1","Doom and Gloom+1","Storm+1","Capacitor+1","Compile Driver+1","Redo+1","Electrodynamics","Coolheaded","Glacier+1","Darkness"],"max_hp_per_floor":[75,75,75,75,75,75,75,75,75,75,75,75,75,75,75,75,75,75,75,75,75,75,75,75,75,75,75,75,75,75,75,75,75,75,75,75,75,75,75,75,75,75,75,75,75,75,75,75,75,75],"relics":["Fusion Hammer","Dodecahedron","DataDisk","Regal Pillow","Dream Catcher","Anchor","Sozu","Gremlin Horn","Nilry\u0027s Codex","Orichalcum","Whetstone","Lantern","Bottled Flame","Omamori","Black Star","Red Mask","Shuriken","Bottled Tornado","Bag of Preparation","Oddly Smooth Stone","Meat on the Bone"],"card_choices":[{"not_picked":["Scrape","Streamline"],"picked":"Ball Lightning","floor":1},{"not_picked":["Leap","Compile Driver"],"picked":"Beam Cell","floor":3},{"not_picked":["Defragment","Streamline"],"picked":"Echo Form","floor":4},{"not_picked":["Consume","Steam"],"picked":"Scrape","floor":7},{"not_picked":["Auto Shields","Conserve Battery"],"picked":"Core Surge","floor":10},{"not_picked":["Blizzard","Steam"],"picked":"Cold Snap","floor":11},{"not_picked":["Storm","Multi-Cast"],"picked":"Conserve Battery","floor":12},{"not_picked":["Reprogram","Sweeping Beam"],"picked":"Cold Snap","floor":13},{"not_picked":["Coolheaded","Rebound"],"picked":"Leap","floor":15},{"not_picked":["Thunder Strike","Seek"],"picked":"Creative AI","floor":16},{"not_picked":["Streamline","Darkness"],"picked":"BootSequence+1","floor":18},{"not_picked":["Stack","Hologram"],"picked":"Steam","floor":20},{"not_picked":["Beam Cell","Compile Driver"],"picked":"Conserve Battery+1","floor":23},{"not_picked":["Fusion","Ball Lightning+1"],"picked":"Meteor Strike","floor":24},{"not_picked":["Aggregate","Auto Shields"],"picked":"White Noise+1","floor":25},{"not_picked":["Compile Driver","Stack"],"picked":"Beam Cell","floor":27},{"not_picked":["Defragment","Doom and Gloom"],"picked":"Coolheaded+1","floor":28},{"not_picked":["Cold Snap","Conserve Battery+1"],"picked":"Redo+1","floor":29},{"not_picked":["Streamline","Fission"],"picked":"Sunder","floor":30},{"not_picked":["Barrage","Steam Power"],"picked":"Reinforced Body","floor":31},{"not_picked":["Conserve Battery+1","Hologram"],"picked":"Sweeping Beam+1","floor":32},{"not_picked":["Core Surge","Meteor Strike"],"picked":"Rainbow","floor":33},{"not_picked":["Redo","Sweeping Beam"],"picked":"Barrage+1","floor":35},{"not_picked":["Hologram","Stack"],"picked":"All For One","floor":37},{"not_picked":["Ball Lightning","Steam Power"],"picked":"Rip and Tear+1","floor":39},{"not_picked":["Ball Lightning+1","Turbo"],"picked":"Doom and Gloom+1","floor":40},{"not_picked":["Sweeping Beam+1","Conserve Battery"],"picked":"Storm+1","floor":41},{"not_picked":["Streamline","Cold Snap"],"picked":"Capacitor+1","floor":42},{"not_picked":["Turbo+1","Hologram+1"],"picked":"Compile Driver+1","floor":44},{"not_picked":["Coolheaded","Streamline"],"picked":"Redo+1","floor":45},{"not_picked":["Rebound","Steam+1"],"picked":"Electrodynamics","floor":46},{"not_picked":["Turbo+1","Gash+1"],"picked":"Coolheaded","floor":47},{"not_picked":["Conserve Battery","Ball Lightning"],"picked":"Glacier+1","floor":48},{"not_picked":["Turbo","Go for the Eyes"],"picked":"Darkness","floor":49}],"player_experience":144821,"potions_floor_usage":[7,7,7,10,11,12,16],"damage_taken":[{"damage":0,"enemies":"2 Louse","floor":1,"turns":2},{"damage":1,"enemies":"Cultist","floor":3,"turns":3},{"damage":5,"enemies":"Small Slimes","floor":4,"turns":2},{"damage":27,"enemies":"Gremlin Nob","floor":7,"turns":4},{"damage":14,"enemies":"Gremlin Nob","floor":10,"turns":3},{"damage":3,"enemies":"Gremlin Gang","floor":11,"turns":3},{"damage":20,"enemies":"Lagavulin","floor":12,"turns":5},{"damage":6,"enemies":"Slime Boss","floor":16,"turns":9},{"damage":4,"enemies":"Spheric Guardian","floor":18,"turns":4},{"damage":0,"enemies":"Shell Parasite","floor":20,"turns":6},{"damage":0,"enemies":"Gremlin Leader","floor":23,"turns":7},{"damage":4,"enemies":"Centurion and Healer","floor":24,"turns":4},{"damage":10,"enemies":"Cultist and Chosen","floor":25,"turns":6},{"damage":9,"enemies":"Snecko","floor":27,"turns":3},{"damage":13,"enemies":"Slavers","floor":28,"turns":4},{"damage":0,"enemies":"3 Cultists","floor":29,"turns":3},{"damage":10,"enemies":"Book of Stabbing","floor":31,"turns":6},{"damage":0,"enemies":"Champ","floor":33,"turns":9},{"damage":0,"enemies":"Orb Walker","floor":35,"turns":3},{"damage":8,"enemies":"3 Shapes","floor":37,"turns":4},{"damage":22,"enemies":"Maw","floor":39,"turns":8},{"damage":14,"enemies":"2 Orb Walkers","floor":40,"turns":6},{"damage":21,"enemies":"Transient","floor":41,"turns":5},{"damage":0,"enemies":"Giant Head","floor":42,"turns":7},{"damage":0,"enemies":"4 Shapes","floor":44,"turns":3},{"damage":0,"enemies":"Maw","floor":45,"turns":5},{"damage":16,"enemies":"Sphere and 2 Shapes","floor":46,"turns":4},{"damage":0,"enemies":"3 Darklings","floor":48,"turns":3},{"damage":80,"enemies":"Awakened One","floor":50,"turns":6}],"relics_obtained":[{"floor":7,"key":"Dodecahedron"},{"floor":9,"key":"Regal Pillow"},{"floor":10,"key":"Dream Catcher"},{"floor":12,"key":"Anchor"},{"floor":21,"key":"Nilry\u0027s Codex"},{"floor":23,"key":"Whetstone"},{"floor":26,"key":"Lantern"},{"floor":28,"key":"Bottled Flame"},{"floor":31,"key":"Omamori"},{"floor":40,"key":"Shuriken"},{"floor":40,"key":"Bottled Tornado"},{"floor":42,"key":"Bag of Preparation"},{"floor":42,"key":"Oddly Smooth Stone"},{"floor":43,"key":"Meat on the Bone"}],"event_choices":[{"event_name":"Match and Keep!","player_choice":"1 cards matched","floor":2,"damage_taken":0},{"event_name":"The Lab","player_choice":"Got Potions","floor":5,"damage_taken":0},{"event_name":"Dead Adventurer","player_choice":"Searched \u00271\u0027 times","floor":7,"damage_taken":0},{"event_name":"Golden Wing","player_choice":"Card Removal","floor":14,"damage_taken":0},{"event_name":"The Mausoleum","player_choice":"Yes","floor":19,"damage_taken":0},{"event_name":"Cursed Tome","player_choice":"Obtained Book","floor":21,"damage_taken":0},{"event_name":"Match and Keep!","player_choice":"2 cards matched","floor":36,"damage_taken":0},{"event_name":"Tomb of Lord Red Mask","player_choice":"Paid","floor":38,"damage_taken":0}],"boss_relics":[{"not_picked":["Empty Cage","Busted Crown"],"picked":"Sozu"},{"not_picked":["Eternal Feather","Lizard Tail"],"picked":"Black Star"}],"items_purged_floors":[],"is_endless":true,"potions_floor_spawned":[3,7,10,11,12,25,27,28,31,35,37,41,46,48],"seed_played":"-6988308420053709192","killed_by":"Awakened One","ascension_level":0,"potions_obtained":[{"floor":3,"key":"AttackPotion"},{"floor":5,"key":"Dexterity Potion"},{"floor":5,"key":"Regen Potion"},{"floor":7,"key":"Poison Potion"},{"floor":10,"key":"Swift Potion"},{"floor":11,"key":"AttackPotion"},{"floor":12,"key":"SpeedPotion"}],"is_trial":false}