{"gold_per_floor":[118,193,193,143,143,171,171,183,183,197,24,24,55,69,69,167,167,181,194,205,205,129,156,156,169,169,169,185,185,185,200,200,200],"floor_reached":33,"playtime":2623,"items_purged":[],"score":375,"play_id":"d98d609e-ea28-4850-bf1b-5520ff444610","local_time":"20180628001714","is_ascension_mode":false,"campfire_choices":[{"floor":12,"key":"REST"},{"data":"Uppercut","floor":15,"key":"SMITH"},{"floor":24,"key":"REST"},{"data":"Clothesline","floor":27,"key":"SMITH"},{"data":"Infernal Blade","floor":30,"key":"SMITH"},{"data":"Shockwave","floor":32,"key":"SMITH"}],"neow_cost":"","seed_source_timestamp":0,"circlet_count":0,"master_deck":["Strike_R+1","Strike_R","Strike_R","Strike_R","Defend_R+1","Defend_R","Defend_R","Defend_R","Bash","Uppercut+1","Shrug It Off","Anger+1","Shrug It Off","Shockwave+1","Disarm","Bandage Up","Limit Break","Heavy Blade","Double Tap","Clothesline+1","Shrug It Off","Pummel","Feel No Pain","Feed","True Grit","Infernal Blade+1","RitualDagger","Rupture+1"],"relics":["Burning Blood","Self Forming Clay","Bronze Scales","Blue Candle","Sundial","Eternal Feather","Mummified Hand","Anchor"],"potions_floor_usage":[14,20,20,23,31],"damage_taken":[{"damage":0,"enemies":"Small Slimes","floor":1,"turns":5},{"damage":22,"enemies":"3 Sentries","floor":6,"turns":13},{"damage":0,"enemies":"2 Louse","floor":8,"turns":2},{"damage":0,"enemies":"Jaw Worm","floor":10,"turns":3},{"damage":11,"enemies":"Gremlin Nob","floor":13,"turns":4},{"damage":0,"enemies":"Large Slime","floor":14,"turns":7},{"damage":21,"enemies":"The Guardian","floor":16,"turns":11},{"damage":9,"enemies":"3 Byrds","floor":18,"turns":4},{"damage":18,"enemies":"Spheric Guardian","floor":19,"turns":6},{"damage":2,"enemies":"Centurion and Healer","floor":20,"turns":12},{"damage":78,"enemies":"Gremlin Leader","floor":23,"turns":12},{"damage":25,"enemies":"Slaver and Parasite","floor":25,"turns":8},{"damage":5,"enemies":"Snecko","floor":28,"turns":7},{"damage":6,"enemies":"Centurion and Healer","floor":31,"turns":11},{"damage":88,"enemies":"Automaton","floor":33,"turns":14}],"seed_played":"-2959846225389179084","potions_obtained":[{"floor":1,"key":"Weak Potion"},{"floor":10,"key":"SpeedPotion"},{"floor":13,"key":"Regen Potion"},{"floor":18,"key":"Weak Potion"},{"floor":19,"key":"Block Potion"},{"floor":25,"key":"Block Potion"}],"is_trial":true,"path_per_floor":["M","?","T","$","?","E","?","M","T","M","$","R","E","M","R","B",null,"M","M","M","?","$","E","R","M","T","R","M","?","R","M","R"],"character_chosen":"IRONCLAD","items_purchased":["Shrug It Off","Disarm","Bandage Up","Feel No Pain"],"campfire_rested":2,"item_purchase_floors":[4,11,11,22],"current_hp_per_floor":[80,69,69,69,69,53,37,43,43,49,49,73,68,78,78,65,80,77,68,80,80,80,12,44,32,32,42,47,41,51,58,68,0],"gold":200,"neow_bonus":"","is_prod":false,"is_daily":false,"chose_seed":false,"campfire_upgraded":4,"win_rate":0,"timestamp":1530170234,"path_taken":["M","?","?","$","?","E","?","?","T","M","?","R","E","M","R","BOSS","M","?","M","?","$","E","R","M","T","R","M","?","R","M","R","BOSS"],"build_version":"2018-06-26","purchased_purges":0,"victory":false,"max_hp_per_floor":[80,80,80,80,80,80,80,80,80,80,80,80,80,80,80,80,80,80,80,80,80,80,80,80,83,83,83,83,83,83,86,86,86],"card_choices":[{"not_picked":["Twin Strike","Ghostly Armor"],"picked":"Uppercut","floor":1},{"not_picked":["Thunderclap","Warcry"],"picked":"Anger","floor":6},{"not_picked":["Twin Strike","Heavy Blade"],"picked":"Shrug It Off","floor":8},{"not_picked":["Heavy Blade","Twin Strike"],"picked":"Shockwave","floor":10},{"not_picked":["Heavy Blade","Cleave"],"picked":"Limit Break","floor":13},{"not_picked":["Armaments","Body Slam"],"picked":"Heavy Blade","floor":14},{"not_picked":["Bludgeon","Brutality"],"picked":"Double Tap","floor":16},{"not_picked":["Bloodletting","Twin Strike"],"picked":"Clothesline","floor":18},{"not_picked":["Thunderclap","Twin Strike"],"picked":"Shrug It Off","floor":19},{"not_picked":["Heavy Blade+1","Perfected Strike+1"],"picked":"Pummel","floor":20},{"not_picked":["Blood for Blood","Warcry"],"picked":"Feed","floor":23},{"not_picked":["Hemokinesis","Intimidate"],"picked":"True Grit","floor":25},{"not_picked":["Shockwave","Warcry"],"picked":"Infernal Blade","floor":28},{"not_picked":["Warcry+1","Feed"],"picked":"Rupture+1","floor":31}],"player_experience":224153,"relics_obtained":[{"floor":3,"key":"Self Forming Clay"},{"floor":6,"key":"Bronze Scales"},{"floor":9,"key":"Blue Candle"},{"floor":13,"key":"Sundial"},{"floor":23,"key":"Mummified Hand"},{"floor":26,"key":"Anchor"}],"event_choices":[{"event_name":"World of Goop","player_choice":"Gather Gold","floor":2,"damage_taken":0},{"event_name":"Bonfire Elementals","player_choice":"BASIC","floor":5,"damage_taken":0},{"event_name":"Shining Light","player_choice":"Entered Light","floor":7,"damage_taken":0},{"event_name":"Accursed Blacksmith","player_choice":"Forge","floor":21,"damage_taken":0},{"event_name":"Nest","player_choice":"Joined the Cult","floor":29,"damage_taken":0}],"boss_relics":[{"not_picked":["White Beast Statue","Empty Cage"],"picked":"Eternal Feather"}],"items_purged_floors":[],"is_endless":true,"potions_floor_spawned":[1,10,13,18,19,25],"killed_by":"Automaton","ascension_level":0}