{"gold_per_floor":[217,230,245,256,269,300,61,94,120,131,131,131,206,131,131,229,229,194,194,17,27,27,54,54,54,128,128,146,173,191,209,209,209],"floor_reached":33,"playtime":4463,"items_purged":["Strike_R","Strike_R"],"score":322,"play_id":"f4239e14-b4bd-4ef1-b9c8-9b2100f5fcb7","local_time":"20181117114344","is_ascension_mode":false,"campfire_choices":[{"floor":12.0,"key":"REST"},{"data":"Armaments","floor":15.0,"key":"SMITH"},{"floor":25.0,"key":"REST"},{"floor":27.0,"key":"REST"},{"floor":32.0,"key":"REST"}],"neow_cost":"NONE","seed_source_timestamp":0,"circlet_count":0,"master_deck":["Strike_R","Strike_R","Strike_R","Defend_R","Defend_R","Defend_R","Defend_R","Bash","Sentinel","Corruption","Rampage","Armaments+1","Juggernaut","Anger","Fire Breathing","Fire Breathing","Combust+1"],"special_seed":0,"relics":["Burning Blood","Matryoshka","Singing Bowl","Unceasing Top","Dodecahedron","Regal Pillow","Calling Bell","Dream Catcher","Mummified Hand","Gambling Chip","Oddly Smooth Stone","Boot","Toxic Egg 2","Letter Opener"],"potions_floor_usage":[33,33,33],"damage_taken":[{"damage":6.0,"enemies":"2 Louse","floor":1.0,"turns":3.0},{"damage":1.0,"enemies":"Cultist","floor":2.0,"turns":4.0},{"damage":6.0,"enemies":"Jaw Worm","floor":3.0,"turns":5.0},{"damage":4.0,"enemies":"3 Louse","floor":4.0,"turns":4.0},{"damage":6.0,"enemies":"Blue Slaver","floor":5.0,"turns":5.0},{"damage":16.0,"enemies":"Lagavulin","floor":6.0,"turns":6.0},{"damage":51.0,"enemies":"3 Sentries","floor":8.0,"turns":10.0},{"damage":9.0,"enemies":"Gremlin Gang","floor":10.0,"turns":5.0},{"damage":16.0,"enemies":"Slime Boss","floor":16.0,"turns":9.0},{"damage":32.0,"enemies":"2 Thieves","floor":18.0,"turns":5.0},{"damage":0.0,"enemies":"Shell Parasite","floor":21.0,"turns":3.0},{"damage":47.0,"enemies":"Book of Stabbing","floor":23.0,"turns":5.0},{"damage":29.0,"enemies":"Shelled Parasite and Fungi","floor":28.0,"turns":3.0},{"damage":38.0,"enemies":"Slavers","floor":29.0,"turns":4.0},{"damage":2.0,"enemies":"Chosen and Byrds","floor":30.0,"turns":3.0},{"damage":22.0,"enemies":"Snake Plant","floor":31.0,"turns":3.0},{"damage":82,"enemies":"Automaton","floor":33,"turns":6}],"seed_played":"-7883433158789623003","potions_obtained":[{"floor":2.0,"key":"SteroidPotion"},{"floor":6.0,"key":"Dexterity Potion"},{"floor":16.0,"key":"FearPotion"},{"floor":18.0,"key":"FearPotion"},{"floor":23.0,"key":"GamblersBrew"},{"floor":28.0,"key":"Fire Potion"}],"is_trial":false,"path_per_floor":["M","M","M","M","M","E","$","E","T","M","$","R","?","$","R","B",null,"M","?","$","M","?","E","?","R","T","R","M","E","M","M","R","B"],"character_chosen":"IRONCLAD","items_purchased":["Singing Bowl","Fire Breathing"],"campfire_rested":4,"item_purchase_floors":[7,20],"current_hp_per_floor":[80,80,80,80,80,70,70,25,25,24,24,63,52,52,52,42,82,56,56,56,62,62,23,7,48,48,91,70,40,46,32,78,0],"gold":209,"neow_bonus":"HUNDRED_GOLD","is_prod":false,"is_daily":false,"chose_seed":false,"campfire_upgraded":1,"win_rate":0,"timestamp":1542483824,"path_taken":["M","M","M","M","M","E","$","E","T","M","$","R","?","$","R","BOSS","M","?","?","M","?","E","?","R","T","R","?","E","M","M","R","BOSS"],"build_version":"2018-11-15","purchased_purges":2,"victory":false,"max_hp_per_floor":[80,80,80,80,80,80,80,80,80,82,82,82,82,82,82,82,82,82,82,82,82,82,84,89,89,89,91,93,95,97,99,101,101],"card_choices":[{"not_picked":["Iron Wave","Wild Strike"],"picked":"Sentinel","floor":1.0},{"not_picked":["Perfected Strike","Iron Wave","Second Wind"],"picked":"SKIP","floor":2.0},{"not_picked":["Blood for Blood","Metallicize"],"picked":"Corruption","floor":3.0},{"not_picked":["Blood for Blood","Twin Strike"],"picked":"Rampage","floor":4.0},{"not_picked":["Clothesline","Anger","Twin Strike"],"picked":"SKIP","floor":5.0},{"not_picked":["Clothesline","Hemokinesis","Heavy Blade"],"picked":"SKIP","floor":6.0},{"not_picked":["Bludgeon","Brutality"],"picked":"Armaments","floor":8.0},{"not_picked":["True Grit","Twin Strike","Corruption"],"picked":"Singing Bowl","floor":10.0},{"not_picked":["Limit Break","Immolate"],"picked":"Juggernaut","floor":16.0},{"not_picked":["Clothesline","Clash"],"picked":"Anger","floor":18.0},{"not_picked":["Pommel Strike","Feel No Pain"],"picked":"Fire Breathing","floor":21.0},{"not_picked":["True Grit","Double Tap","Sword Boomerang"],"picked":"Singing Bowl","floor":23.0},{"not_picked":["Thunderclap+1","Infernal Blade"],"picked":"Combust+1","floor":25.0},{"not_picked":["Perfected Strike","Twin Strike","Heavy Blade+1"],"picked":"Singing Bowl","floor":27.0},{"not_picked":["True Grit+1","Sever Soul+1","Twin Strike"],"picked":"Singing Bowl","floor":28.0},{"not_picked":["Headbutt","Havoc+1","Inflame+1"],"picked":"Singing Bowl","floor":29.0},{"not_picked":["Body Slam","Second Wind+1","Spot Weakness+1"],"picked":"Singing Bowl","floor":30.0},{"not_picked":["Offering+1","Headbutt","Sword Boomerang"],"picked":"Singing Bowl","floor":31.0},{"not_picked":["Clash","Anger","True Grit+1"],"picked":"Singing Bowl","floor":32.0}],"player_experience":844955,"relics_obtained":[{"floor":6.0,"key":"Matryoshka"},{"floor":8.0,"key":"Unceasing Top"},{"floor":9.0,"key":"Dodecahedron"},{"floor":9.0,"key":"Regal Pillow"},{"floor":17.0,"key":"Dream Catcher"},{"floor":17.0,"key":"Mummified Hand"},{"floor":17.0,"key":"Gambling Chip"},{"floor":23.0,"key":"Oddly Smooth Stone"},{"floor":26.0,"key":"Boot"},{"floor":26.0,"key":"Toxic Egg 2"},{"floor":29.0,"key":"Letter Opener"}],"event_choices":[{"damage_healed":0.0,"max_hp_gain":0.0,"max_hp_loss":0.0,"gold_gain":75.0,"event_name":"World of Goop","player_choice":"Gather Gold","floor":13.0,"gold_loss":0.0,"damage_taken":11.0},{"cards_removed":["Regret","Shame","Regret"],"damage_healed":0.0,"max_hp_gain":0.0,"max_hp_loss":0.0,"gold_gain":0.0,"event_name":"Fountain of Cleansing","player_choice":"Removed Curses","floor":19.0,"gold_loss":0.0,"damage_taken":0.0},{"damage_healed":0.0,"max_hp_gain":0.0,"max_hp_loss":0.0,"gold_gain":0.0,"event_name":"The Mausoleum","player_choice":"Ignored","floor":22.0,"gold_loss":0.0,"damage_taken":0.0},{"damage_healed":0.0,"max_hp_gain":5.0,"max_hp_loss":0.0,"gold_gain":0.0,"event_name":"Forgotten Altar","player_choice":"Shed Blood","floor":24.0,"gold_loss":0.0,"damage_taken":21.0}],"is_beta":false,"boss_relics":[{"not_picked":["Pandora\u0027s Box","Ectoplasm"],"picked":"Calling Bell"}],"items_purged_floors":[14,20],"is_endless":false,"potions_floor_spawned":[2,6,16,18,23,28],"killed_by":"Automaton","ascension_level":0}