{"gold_per_floor":[218,238,12,12,12,12,37,56,56,84,103,28,28,56,56,152,152,166,183,183,183,203,203,203,203,203,203,235,44,74,86,86,182,182,193,193,193,193,493,493,527,527,552,567,596,48,65,80,80,80],"floor_reached":51,"playtime":7868,"items_purged":["Strike_R","Flex+1"],"score":1126,"play_id":"ff54ce97-43cb-4c72-a766-709411681451","local_time":"20190415232310","is_ascension_mode":true,"campfire_choices":[{"data":"Uppercut","floor":6,"key":"SMITH"},{"data":"Iron Wave","floor":15,"key":"SMITH"},{"data":"Thunderclap","floor":23,"key":"SMITH"},{"data":"Thunderclap","floor":25,"key":"SMITH"},{"data":"Bash","floor":27,"key":"SMITH"},{"data":"Fiend Fire","floor":32,"key":"SMITH"},{"data":"Brutality","floor":40,"key":"SMITH"},{"data":"Sadistic Nature","floor":42,"key":"SMITH"},{"data":"Rupture","floor":49,"key":"SMITH"}],"neow_cost":"NONE","seed_source_timestamp":309960728282908,"circlet_count":0,"master_deck":["Defend_R","Defend_R","Defend_R","Defend_R","Bash+1","Iron Wave+1","Dropkick","Uppercut+1","Ghostly Armor","Thunderclap+1","Sever Soul","True Grit+1","Impervious+1","Reckless Charge+1","Thunderclap+1","Battle Trance+1","Fiend Fire+1","Body Slam+1","Disarm+1","Brutality+1","Thunderclap+1","Wild Strike+1","Sadistic Nature+1","Spot Weakness+1","Havoc+1","Warcry+1","Rupture+1","Ghostly Armor+1","Warcry+1"],"relics":["Burning Blood","Orichalcum","Charon\u0027s Ashes","Bronze Scales","Champion Belt","Bag of Preparation","Toxic Egg 2","Velvet Choker","Meat on the Bone","PreservedInsect","TheAbacus","FossilizedHelix","Astrolabe","Smiling Mask","Ancient Tea Set","Prayer Wheel","Bottled Tornado","Pen Nib"],"potions_floor_usage":[7,30,41,41,41,50,50,50],"damage_taken":[{"damage":9,"enemies":"Jaw Worm","floor":1,"turns":4},{"damage":1,"enemies":"Small Slimes","floor":2,"turns":4},{"damage":9,"enemies":"3 Sentries","floor":7,"turns":7},{"damage":4,"enemies":"2 Louse","floor":8,"turns":2},{"damage":10,"enemies":"Gremlin Nob","floor":10,"turns":4},{"damage":2,"enemies":"Looter","floor":11,"turns":2},{"damage":18,"enemies":"Lagavulin","floor":14,"turns":4},{"damage":28,"enemies":"Slime Boss","floor":16,"turns":8},{"damage":0,"enemies":"3 Byrds","floor":18,"turns":2},{"damage":1,"enemies":"Chosen","floor":19,"turns":3},{"damage":12,"enemies":"Snake Plant","floor":22,"turns":3},{"damage":5,"enemies":"Gremlin Leader","floor":28,"turns":4},{"damage":0,"enemies":"Slavers","floor":30,"turns":2},{"damage":1,"enemies":"Snecko","floor":31,"turns":5},{"damage":30,"enemies":"Automaton","floor":33,"turns":10},{"damage":19,"enemies":"3 Darklings","floor":35,"turns":2},{"damage":18,"enemies":"Nemesis","floor":41,"turns":3},{"damage":0,"enemies":"Orb Walker","floor":44,"turns":2},{"damage":4,"enemies":"Giant Head","floor":45,"turns":5},{"damage":3,"enemies":"Transient","floor":47,"turns":5},{"damage":28,"enemies":"Spire Growth","floor":48,"turns":4},{"damage":40,"enemies":"Time Eater","floor":50,"turns":7}],"seed_played":"8505199305176347928","potions_obtained":[{"floor":1,"key":"EssenceOfSteel"},{"floor":7,"key":"Strength Potion"},{"floor":8,"key":"Swift Potion"},{"floor":10,"key":"LiquidBronze"},{"floor":30,"key":"Strength Potion"},{"floor":41,"key":"AttackPotion"},{"floor":48,"key":"Regen Potion"}],"is_trial":false,"path_per_floor":["?","?","$","?","?","?","?","?","?","M"],"character_chosen":"IRONCLAD","items_purchased":["Orichalcum","Uppercut","TheAbacus","Bottled Tornado","Pen Nib","PowerPotion","Swift Potion"],"campfire_rested":0,"item_purchase_floors":[3,3,29,46,46,46,46],"current_hp_per_floor":[69,74,74,71,64,64,61,63,63,59,63,63,63,51,51,29,67,73,78,78,78,72,72,72,72,72,72,73,73,79,80,80,56,74,61,61,61,61,61,61,49,49,49,55,57,57,60,50,50,43],"gold":80,"neow_bonus":"HUNDRED_GOLD","is_prod":false,"is_daily":false,"chose_seed":false,"campfire_upgraded":9,"win_rate":0,"timestamp":1555345390,"path_taken":["M","M","$","?","?","R","E","M","T","E","M","?","$","E","R","BOSS","M","M","?","?","M","R","?","R","T","R","E","$","E","M","R","BOSS","M","?","$","?","?","R","E","R","T","?","E","$","M","M","R","BOSS"],"build_version":"2019-01-23","purchased_purges":2,"victory":true,"max_hp_per_floor":[80,80,80,80,80,80,80,80,80,80,80,80,80,80,80,80,80,80,80,80,80,80,80,80,80,80,80,80,80,80,80,80,80,80,80,80,80,80,80,80,80,80,80,80,80,80,80,80,80,80],"card_choices":[{"not_picked":["Sever Soul","Entrench"],"picked":"Iron Wave","floor":1},{"not_picked":["Ghostly Armor","Warcry"],"picked":"Dropkick","floor":2},{"not_picked":["Twin Strike","Thunderclap"],"picked":"Ghostly Armor","floor":7},{"not_picked":["Iron Wave","Dual Wield","Searing Blow"],"picked":"SKIP","floor":8},{"not_picked":["Evolve","Immolate"],"picked":"Thunderclap","floor":10},{"not_picked":["Anger","Pommel Strike"],"picked":"Sever Soul","floor":11},{"not_picked":["Pommel Strike","Double Tap"],"picked":"True Grit","floor":14},{"not_picked":["Brutality","Double Tap+1"],"picked":"Impervious+1","floor":16},{"not_picked":["Warcry+1","Headbutt"],"picked":"Reckless Charge+1","floor":18},{"not_picked":["Heavy Blade","Cleave"],"picked":"Thunderclap","floor":19},{"not_picked":["Heavy Blade","Sword Boomerang+1","Headbutt"],"picked":"SKIP","floor":22},{"not_picked":["Reckless Charge","Disarm+1"],"picked":"Fiend Fire","floor":28},{"not_picked":["Shrug It Off+1","Hemokinesis+1"],"picked":"Body Slam+1","floor":30},{"not_picked":["Warcry+1","Thunderclap"],"picked":"Disarm+1","floor":31},{"not_picked":["Limit Break+1","Fiend Fire"],"picked":"Brutality","floor":33},{"not_picked":["Second Wind+1","Thunderclap","Armaments+1"],"picked":"SKIP","floor":35},{"not_picked":["Dramatic Entrance","Forethought+1"],"picked":"Sadistic Nature","floor":38},{"not_picked":["Pommel Strike","Rampage+1"],"picked":"Spot Weakness+1","floor":41},{"not_picked":["Thunderclap","Carnage+1"],"picked":"Havoc+1","floor":44},{"not_picked":["Flex+1","Second Wind+1"],"picked":"Warcry+1","floor":45},{"not_picked":["Iron Wave","Clash"],"picked":"Rupture","floor":47},{"not_picked":["Evolve","Iron Wave+1","Pommel Strike"],"picked":"SKIP","floor":47},{"not_picked":["Flex+1","Battle Trance+1"],"picked":"Ghostly Armor+1","floor":48},{"not_picked":["Dropkick","Berserk"],"picked":"Warcry+1","floor":48}],"player_experience":220673,"relics_obtained":[{"floor":7,"key":"Bronze Scales"},{"floor":9,"key":"Champion Belt"},{"floor":10,"key":"Bag of Preparation"},{"floor":14,"key":"Toxic Egg 2"},{"floor":26,"key":"Meat on the Bone"},{"floor":28,"key":"PreservedInsect"},{"floor":30,"key":"FossilizedHelix"},{"floor":41,"key":"Smiling Mask"},{"floor":43,"key":"Ancient Tea Set"},{"floor":45,"key":"Prayer Wheel"}],"event_choices":[{"damage_healed":0,"gold_gain":0,"player_choice":"Success","damage_taken":3,"relics_obtained":["Charon\u0027s Ashes"],"max_hp_gain":0,"max_hp_loss":0,"event_name":"Scrap Ooze","floor":4,"gold_loss":0},{"cards_removed":["Strike_R"],"damage_healed":0,"gold_gain":0,"player_choice":"Card Removal","damage_taken":7,"max_hp_gain":0,"max_hp_loss":0,"event_name":"Golden Wing","floor":5,"gold_loss":0},{"damage_healed":0,"gold_gain":0,"player_choice":"Ignored","damage_taken":0,"max_hp_gain":0,"max_hp_loss":0,"event_name":"Ghosts","floor":20,"gold_loss":0},{"damage_healed":0,"gold_gain":0,"player_choice":"Ignored","damage_taken":0,"max_hp_gain":0,"max_hp_loss":0,"event_name":"Vampires","floor":21,"gold_loss":0},{"damage_healed":0,"gold_gain":0,"player_choice":"Read","damage_taken":0,"max_hp_gain":0,"max_hp_loss":0,"event_name":"The Library","floor":24,"gold_loss":0,"cards_obtained":["Battle Trance"]},{"damage_healed":0,"gold_gain":0,"player_choice":"Ignored","damage_taken":0,"max_hp_gain":0,"max_hp_loss":0,"event_name":"Tomb of Lord Red Mask","floor":36,"gold_loss":0},{"damage_healed":0,"gold_gain":0,"player_choice":"Memory 1","damage_taken":0,"max_hp_gain":0,"max_hp_loss":0,"event_name":"SensoryStone","floor":38,"gold_loss":0},{"damage_healed":0,"gold_gain":300,"player_choice":"Gold","damage_taken":0,"max_hp_gain":0,"max_hp_loss":0,"event_name":"Wheel of Change","floor":39,"gold_loss":0}],"is_beta":false,"boss_relics":[{"not_picked":["Runic Pyramid","Lizard Tail"],"picked":"Velvet Choker"},{"not_picked":["Snecko Eye","Eternal Feather"],"picked":"Astrolabe"}],"items_purged_floors":[12,46],"is_endless":false,"potions_floor_spawned":[1,7,8,10,19,30,31,33,41,48],"ascension_level":9}