{"path_per_floor":["M","$","?","$","M","E","R","M","T","?","R","?","E","$","R"],"character_chosen":"IRONCLAD","items_purchased":[],"gold_per_floor":[14,14,14,14,29,56,56,72,72,72,72,37,62,12,12,12],"floor_reached":16,"campfire_rested":0,"playtime":1866,"item_purchase_floors":[],"current_hp_per_floor":[93,93,68,68,72,59,59,64,64,45,45,69,51,51,51,0],"items_purged":["Strike_R"],"gold":12,"score":131,"play_id":"678665ea-d08b-4892-9581-5300d05de6df","local_time":"20180613221234","is_prod":false,"is_daily":false,"chose_seed":false,"is_ascension_mode":false,"campfire_upgraded":3,"win_rate":0,"timestamp":1528942354,"campfire_choices":[{"data":"Shrug It Off","floor":7,"key":"SMITH"},{"data":"Searing Blow+1","floor":11,"key":"SMITH"},{"data":"Searing Blow+2","floor":15,"key":"SMITH"}],"path_taken":["M","$","?","$","M","E","R","?","T","?","R","?","E","?","R","BOSS"],"build_version":"2018-06-07v3","seed_source_timestamp":688034582374460,"purchased_purges":1,"victory":false,"master_deck":["Strike_R","Strike_R","Strike_R+1","Strike_R","Defend_R","Defend_R","Defend_R","Defend_R","Bash","Shrug It Off+1","Spot Weakness","Burning Pact","Searing Blow+3","Rupture"],"max_hp_per_floor":[96,96,96,96,96,96,96,96,96,96,96,96,96,96,96,96],"relics":["Burning Blood","Toolbox","Regal Pillow","Smiling Mask","Meat on the Bone"],"card_choices":[{"not_picked":["Thunderclap","Twin Strike"],"picked":"Shrug It Off","floor":1},{"not_picked":["Armaments","Entrench"],"picked":"Spot Weakness","floor":5},{"not_picked":["Second Wind","Searing Blow"],"picked":"Burning Pact","floor":6},{"not_picked":["Shrug It Off","Pummel"],"picked":"Searing Blow","floor":8},{"not_picked":["True Grit","Shrug It Off"],"picked":"Rupture","floor":13}],"player_experience":515109,"potions_floor_usage":[],"damage_taken":[{"damage":9,"enemies":"2 Louse","floor":1,"turns":4},{"damage":2,"enemies":"Small Slimes","floor":5,"turns":4},{"damage":19,"enemies":"3 Sentries","floor":6,"turns":8},{"damage":1,"enemies":"Cultist","floor":8,"turns":5},{"damage":24,"enemies":"Gremlin Nob","floor":13,"turns":4},{"damage":53,"enemies":"The Guardian","floor":16,"turns":11}],"relics_obtained":[{"floor":6,"key":"Regal Pillow"},{"floor":9,"key":"Smiling Mask"},{"floor":13,"key":"Meat on the Bone"}],"event_choices":[{"event_name":"Scrap Ooze","player_choice":"success","floor":3,"damage_taken":25},{"event_name":"Shining Light","player_choice":"Entered Light","floor":10,"damage_taken":0},{"event_name":"The Cleric","player_choice":"Healed","floor":12,"damage_taken":0}],"boss_relics":[],"items_purged_floors":[14],"potions_floor_spawned":[5],"seed_played":"1805826333879874013","killed_by":"The Guardian","ascension_level":0,"potions_obtained":[{"floor":5,"key":"Strength Potion"}],"is_trial":false}