{"gold_per_floor":[114,128,147,147,147,147,34,34,34,68,68,99,113,146,146,243,243,263,61,61,61,79,79,95,95,95,126,126,143,154,184,184,184],"floor_reached":33,"playtime":3762,"items_purged":["Strike_G"],"score":318,"play_id":"e0a570c9-77af-4f01-b6c5-b46059400725","local_time":"20190324180616","is_ascension_mode":true,"campfire_choices":[{"data":"Night Terror","floor":6.0,"key":"SMITH"},{"data":"Noxious Fumes","floor":8.0,"key":"SMITH"},{"data":"Tactician","floor":15.0,"key":"SMITH"},{"data":"Adrenaline","floor":23.0,"key":"SMITH"},{"floor":25.0,"key":"REST"},{"floor":28,"key":"REST"},{"data":"Neutralize","floor":32,"key":"SMITH"}],"neow_cost":"NONE","seed_source_timestamp":0,"circlet_count":0,"master_deck":["Defend_G","Defend_G","Defend_G","Defend_G","Strike_G","Strike_G","Strike_G","Strike_G","Survivor+1","Neutralize+1","Night Terror+1","Dagger Throw","Dagger Spray+1","Backflip","Noxious Fumes+1","Die Die Die","A Thousand Cuts+1","Blade Dance","Tactician+1","Adrenaline+1","Footwork+1","Doubt","Sucker Punch","Backflip"],"special_seed":0,"relics":["Ring of the Snake","Frozen Egg 2","Anchor","Snake Skull","Blood Vial","Cursed Key","Strange Spoon","Meat on the Bone","Darkstone Periapt"],"potions_floor_usage":[27,30,31,33],"damage_taken":[{"damage":0.0,"enemies":"Cultist","floor":1.0,"turns":4.0},{"damage":0.0,"enemies":"Small Slimes","floor":2.0,"turns":3.0},{"damage":0.0,"enemies":"Jaw Worm","floor":3.0,"turns":4.0},{"damage":1.0,"enemies":"3 Sentries","floor":10.0,"turns":6.0},{"damage":10.0,"enemies":"Lagavulin","floor":12.0,"turns":8.0},{"damage":0.0,"enemies":"Large Slime","floor":13.0,"turns":3.0},{"damage":3.0,"enemies":"3 Sentries","floor":14.0,"turns":3.0},{"damage":17.0,"enemies":"Hexaghost","floor":16.0,"turns":8.0},{"damage":0.0,"enemies":"Chosen","floor":18.0,"turns":3.0},{"damage":17.0,"enemies":"Shell Parasite","floor":22.0,"turns":4.0},{"damage":14.0,"enemies":"Centurion and Healer","floor":24.0,"turns":5.0},{"damage":32,"enemies":"Book of Stabbing","floor":27,"turns":6},{"damage":9,"enemies":"Snecko","floor":29,"turns":5},{"damage":8,"enemies":"3 Cultists","floor":30,"turns":4},{"damage":17,"enemies":"Slavers","floor":31,"turns":3},{"damage":46,"enemies":"Champ","floor":33,"turns":10}],"seed_played":"1712237821834753530","potions_obtained":[{"floor":1.0,"key":"Energy Potion"},{"floor":2.0,"key":"SmokeBomb"},{"floor":3.0,"key":"Block Potion"},{"floor":12.0,"key":"AttackPotion"},{"floor":22.0,"key":"SteroidPotion"},{"floor":24.0,"key":"GhostInAJar"},{"floor":30,"key":"EssenceOfSteel"},{"floor":31,"key":"FearPotion"}],"is_trial":false,"path_per_floor":["M","?","?","?","?","?"],"character_chosen":"THE_SILENT","items_purchased":["Noxious Fumes","Strange Spoon"],"campfire_rested":2,"item_purchase_floors":[7,19],"current_hp_per_floor":[70,70,70,56,49,49,49,49,49,48,48,38,38,35,35,20,70,70,70,70,57,42,42,30,52,52,22,44,49,43,40,40,0],"gold":184,"neow_bonus":"ONE_RANDOM_RARE_CARD","is_prod":false,"is_daily":false,"chose_seed":false,"campfire_upgraded":5,"win_rate":0,"timestamp":1553425576,"path_taken":["M","M","?","?","?","R","$","R","T","E","?","E","M","E","R","BOSS","M","$","?","?","M","R","M","R","T","E","R","M","M","E","R","BOSS"],"build_version":"2019-01-23","purchased_purges":1,"victory":false,"max_hp_per_floor":[70,70,70,70,70,70,70,70,70,70,70,70,70,70,70,70,70,70,70,70,75,75,75,75,75,75,75,75,75,75,75,75,75],"card_choices":[{"not_picked":["Expertise","Outmaneuver"],"picked":"Dagger Throw","floor":1.0},{"not_picked":["Dagger Throw","Deadly Poison"],"picked":"Dagger Spray","floor":2.0},{"not_picked":["Catalyst","Prepared"],"picked":"Backflip","floor":3.0},{"not_picked":["Acrobatics","Dagger Throw"],"picked":"Die Die Die","floor":10.0},{"not_picked":["Endless Agony","Flying Knee"],"picked":"A Thousand Cuts+1","floor":12.0},{"not_picked":["Finisher","Bane"],"picked":"Blade Dance","floor":13.0},{"not_picked":["Underhanded Strike","Dodge and Roll"],"picked":"Tactician","floor":14.0},{"not_picked":["Malaise","Envenom+1"],"picked":"Adrenaline","floor":16.0},{"not_picked":["Dagger Throw","Outmaneuver","Backstab"],"picked":"SKIP","floor":18.0},{"not_picked":["Acrobatics","Caltrops+1"],"picked":"Footwork+1","floor":22.0},{"not_picked":["Backstab","Distraction","Outmaneuver"],"picked":"SKIP","floor":24.0},{"not_picked":["Predator","PiercingWail","Slice+1"],"picked":"SKIP","floor":27},{"not_picked":["Flying Knee","Dodge and Roll"],"picked":"Sucker Punch","floor":29},{"not_picked":["Quick Slash","Underhanded Strike","Wraith Form v2+1"],"picked":"SKIP","floor":30},{"not_picked":["Choke","Outmaneuver+1"],"picked":"Backflip","floor":31}],"player_experience":111050,"relics_obtained":[{"floor":9.0,"key":"Frozen Egg 2"},{"floor":10.0,"key":"Anchor"},{"floor":12.0,"key":"Snake Skull"},{"floor":14.0,"key":"Blood Vial"},{"floor":27,"key":"Meat on the Bone"},{"floor":31,"key":"Darkstone Periapt"}],"event_choices":[{"damage_healed":0.0,"max_hp_gain":0.0,"max_hp_loss":0.0,"gold_gain":0.0,"event_name":"Shining Light","player_choice":"Entered Light","floor":4.0,"gold_loss":0.0,"damage_taken":14.0,"cards_upgraded":["Survivor","Dagger Spray"]},{"cards_removed":["Defend_G"],"damage_healed":0.0,"max_hp_gain":0.0,"max_hp_loss":0.0,"gold_gain":0.0,"event_name":"Golden Wing","player_choice":"Card Removal","floor":5.0,"gold_loss":0.0,"damage_taken":7.0},{"damage_healed":0.0,"max_hp_gain":0.0,"max_hp_loss":0.0,"gold_gain":0.0,"event_name":"Liars Game","player_choice":"Ignored","floor":11.0,"gold_loss":0.0,"damage_taken":0.0},{"damage_healed":0.0,"max_hp_gain":5.0,"max_hp_loss":0.0,"gold_gain":0.0,"event_name":"Forgotten Altar","player_choice":"Shed Blood","floor":21.0,"gold_loss":0.0,"damage_taken":18.0}],"is_beta":false,"boss_relics":[{"not_picked":["Orrery","Empty Cage"],"picked":"Cursed Key"}],"items_purged_floors":[7],"is_endless":false,"potions_floor_spawned":[1,2,3,12,22,24,30,31],"killed_by":"Champ","ascension_level":1}