{"gold_per_floor":[116,116,116,127,147,176,176,176,176,201,201,234,234,245,245,342,342,353,353,69,69,79,107,107,133,160,160,175,100,100,22,22,121,121,140,140,159,174,274,306,306,332,332,350,91,119,119,169,169,169,169,169,20,45,45],"floor_reached":56,"playtime":2817,"items_purged":["Regret"],"score":1386,"play_id":"2082cb34-fcd7-446f-adf3-4f3dbdd2de01","local_time":"20190206001529","is_ascension_mode":true,"campfire_choices":[{"data":"Shockwave","floor":8,"key":"SMITH"},{"floor":11,"key":"REST"},{"data":"Limit Break","floor":15,"key":"SMITH"},{"data":"Barricade","floor":27,"key":"SMITH"},{"data":"Heavy Blade","floor":30,"key":"SMITH"},{"data":"Disarm","floor":32,"key":"SMITH"},{"floor":41,"key":"RECALL"},{"data":"Sword Boomerang","floor":49,"key":"SMITH"},{"data":"Metallicize","floor":52,"key":"SMITH"}],"neow_cost":"NONE","seed_source_timestamp":1893225392610300,"circlet_count":0,"master_deck":["Strike_R+1","Strike_R+1","Strike_R+1","Defend_R+1","Defend_R+1","Defend_R+1","Defend_R+1","Bash","Spot Weakness+1","Clothesline","Sword Boomerang+1","Shockwave+1","Juggernaut","Disarm+1","Limit Break+1","Reaper+1","Ghostly Armor+1","Body Slam+1","Barricade+1","Heavy Blade+1","Sword Boomerang+1","Metallicize+1","Shrug It Off+1","Madness","Madness","Inflame+1","Battle Trance+1","Battle Trance+1","Sword Boomerang+1","Metallicize+1","Dropkick+1","Shrug It Off+1"],"relics":["Burning Blood","Dream Catcher","Sundial","Letter Opener","Bag of Marbles","PreservedInsect","Pantograph","Boot","Coffee Dripper","MutagenicStrength","ClockworkSouvenir","Question Card","Centennial Puzzle","Orichalcum","Lizard Tail","Unceasing Top","Ornamental Fan","Whetstone","Mummified Hand","Oddly Smooth Stone","Bird Faced Urn","Lantern"],"potions_floor_usage":[10,23,37,37,42,48,48,50,54,55],"damage_taken":[{"damage":6,"enemies":"Cultist","floor":1,"turns":3},{"damage":0,"enemies":"Small Slimes","floor":4,"turns":5},{"damage":0,"enemies":"2 Louse","floor":5,"turns":2},{"damage":19,"enemies":"3 Sentries","floor":6,"turns":8},{"damage":21,"enemies":"Gremlin Nob","floor":10,"turns":4},{"damage":10,"enemies":"Lagavulin","floor":12,"turns":5},{"damage":13,"enemies":"Exordium Thugs","floor":14,"turns":4},{"damage":38,"enemies":"The Guardian","floor":16,"turns":10},{"damage":12,"enemies":"Shell Parasite","floor":18,"turns":3},{"damage":18,"enemies":"Colosseum Slavers","floor":21,"turns":3},{"damage":13,"enemies":"2 Thieves","floor":22,"turns":4},{"damage":5,"enemies":"Slavers","floor":23,"turns":3},{"damage":20,"enemies":"Book of Stabbing","floor":25,"turns":3},{"damage":0,"enemies":"3 Cultists","floor":28,"turns":4},{"damage":21,"enemies":"Automaton","floor":33,"turns":7},{"damage":6,"enemies":"3 Shapes","floor":35,"turns":2},{"damage":20,"enemies":"3 Darklings","floor":37,"turns":3},{"damage":10,"enemies":"Sphere and 2 Shapes","floor":38,"turns":4},{"damage":31,"enemies":"Mind Bloom Boss Battle","floor":39,"turns":5},{"damage":9,"enemies":"Giant Head","floor":40,"turns":6},{"damage":11,"enemies":"Nemesis","floor":42,"turns":5},{"damage":19,"enemies":"Maw","floor":44,"turns":5},{"damage":11,"enemies":"Reptomancer","floor":46,"turns":3},{"damage":5,"enemies":"2 Orb Walkers","floor":48,"turns":5},{"damage":13,"enemies":"Time Eater","floor":50,"turns":6},{"damage":30,"enemies":"Shield and Spear","floor":54,"turns":6},{"damage":84,"enemies":"The Heart","floor":55,"turns":7}],"seed_played":"4087336141996205941","potions_obtained":[{"floor":1,"key":"SkillPotion"},{"floor":10,"key":"Energy Potion"},{"floor":14,"key":"SpeedPotion"},{"floor":18,"key":"Swift Potion"},{"floor":23,"key":"Dexterity Potion"},{"floor":33,"key":"SkillPotion"},{"floor":35,"key":"Regen Potion"},{"floor":42,"key":"PowerPotion"},{"floor":46,"key":"Strength Potion"},{"floor":48,"key":"EssenceOfSteel"}],"is_trial":false,"path_per_floor":["M","?","?","M","M","E","?","R","T","E","R","E","?","M","R","B",null,"M","?","$","?","M","E","?","E","T","R","M","?","R","$","R","B",null,"M","?","M","M","?","E","R","E","T","M","$","E","?","?","R","B",null,"R","$","E","B",null],"character_chosen":"IRONCLAD","items_purchased":["ClockworkSouvenir","Metallicize","Mummified Hand","Weak Potion","Weak Potion","Energy Potion"],"campfire_rested":1,"item_purchase_floors":[20,31,45,53,53,53],"current_hp_per_floor":[80,64,64,70,76,63,63,63,63,48,72,68,68,61,61,48,80,80,80,80,77,77,80,80,66,66,66,80,80,80,80,80,77,80,80,70,56,72,58,55,55,81,81,83,83,81,81,82,82,84,86,86,86,72,17],"gold":45,"neow_bonus":"RANDOM_COMMON_RELIC","is_prod":false,"is_daily":false,"chose_seed":false,"campfire_upgraded":7,"win_rate":0,"timestamp":1549437329,"path_taken":["M","?","?","M","?","E","?","R","T","E","R","E","?","M","R","BOSS","M","?","$","?","M","E","?","E","T","R","?","?","R","?","R","BOSS","M","?","M","M","?","E","R","E","T","M","$","E","?","?","R","BOSS","R","$","E","BOSS"],"build_version":"2019-01-23","purchased_purges":1,"victory":true,"max_hp_per_floor":[80,80,80,80,80,80,80,80,80,80,80,80,80,80,80,80,80,80,80,80,80,80,80,80,80,80,80,80,80,80,80,80,80,80,80,80,80,80,83,83,83,83,83,83,83,86,86,86,86,86,86,86,86,86,86],"card_choices":[{"not_picked":["Twin Strike","Pommel Strike"],"picked":"Spot Weakness","floor":1},{"not_picked":["Rupture","Seeing Red"],"picked":"Clothesline","floor":4},{"not_picked":["Heavy Blade","Clash"],"picked":"Sword Boomerang","floor":5},{"not_picked":["Body Slam","Clothesline"],"picked":"Shockwave","floor":6},{"not_picked":["Fiend Fire","Sword Boomerang"],"picked":"Juggernaut","floor":10},{"not_picked":["Body Slam","True Grit"],"picked":"Disarm","floor":11},{"not_picked":["Fire Breathing","Body Slam"],"picked":"Limit Break","floor":12},{"not_picked":["Bloodletting","Headbutt","Wild Strike"],"picked":"SKIP","floor":14},{"not_picked":["Impervious","Double Tap"],"picked":"Reaper","floor":16},{"not_picked":["Power Through","Armaments"],"picked":"Ghostly Armor+1","floor":18},{"not_picked":["Cleave+1","Clash+1"],"picked":"Body Slam+1","floor":22},{"not_picked":["Armaments","Headbutt"],"picked":"Barricade","floor":23},{"not_picked":["Limit Break","Clothesline","Thunderclap"],"picked":"Heavy Blade","floor":25},{"not_picked":["Thunderclap+1","Headbutt","Clash"],"picked":"Sword Boomerang","floor":28},{"not_picked":["Immolate","Reaper","Berserk"],"picked":"Feed","floor":33},{"not_picked":["Heavy Blade+1","Sword Boomerang","Flex"],"picked":"Shrug It Off+1","floor":35},{"not_picked":["Heavy Blade","Pommel Strike+1","Whirlwind+1"],"picked":"Inflame+1","floor":37},{"not_picked":["Cleave+1","Reckless Charge","Sentinel+1","Wild Strike+1"],"picked":"SKIP","floor":38},{"not_picked":["Headbutt","Clothesline","Anger+1"],"picked":"Battle Trance+1","floor":39},{"not_picked":["Exhume","Carnage+1","Sever Soul"],"picked":"Battle Trance+1","floor":40},{"not_picked":["Clothesline+1","Anger","Shrug It Off+1"],"picked":"Sword Boomerang+1","floor":42},{"not_picked":["Anger+1","True Grit","Rupture","Wild Strike+1"],"picked":"SKIP","floor":44},{"not_picked":["Fiend Fire","Wild Strike","Uppercut+1"],"picked":"Metallicize+1","floor":46},{"not_picked":["Sever Soul+1","Reckless Charge+1","Bloodletting+1"],"picked":"Dropkick+1","floor":48},{"not_picked":["Thunderclap+1","Infernal Blade","Offering"],"picked":"Shrug It Off+1","floor":54}],"player_experience":456139,"relics_obtained":[{"floor":6,"key":"Sundial"},{"floor":9,"key":"Bag of Marbles"},{"floor":10,"key":"PreservedInsect"},{"floor":12,"key":"Pantograph"},{"floor":23,"key":"Question Card"},{"floor":25,"key":"Centennial Puzzle"},{"floor":26,"key":"Orichalcum"},{"floor":39,"key":"Unceasing Top"},{"floor":40,"key":"Ornamental Fan"},{"floor":42,"key":"Whetstone"},{"floor":46,"key":"Oddly Smooth Stone"},{"floor":48,"key":"Bird Faced Urn"},{"floor":54,"key":"Lantern"}],"event_choices":[{"damage_healed":0,"gold_gain":0,"player_choice":"Entered Light","damage_taken":16,"max_hp_gain":0,"max_hp_loss":0,"event_name":"Shining Light","floor":2,"gold_loss":0,"cards_upgraded":["Spot Weakness","Defend_R"]},{"cards_removed":["Strike_R"],"damage_healed":0,"gold_gain":0,"player_choice":"Purged","damage_taken":0,"max_hp_gain":0,"max_hp_loss":0,"event_name":"Purifier","floor":3,"gold_loss":0},{"damage_healed":0,"gold_gain":0,"player_choice":"Box","damage_taken":0,"relics_obtained":["Letter Opener"],"max_hp_gain":0,"max_hp_loss":0,"event_name":"Big Fish","floor":7,"gold_loss":0,"cards_obtained":["Regret"]},{"damage_healed":0,"gold_gain":0,"player_choice":"Gave Potion","damage_taken":0,"relics_obtained":["Boot"],"max_hp_gain":0,"max_hp_loss":0,"event_name":"WeMeetAgain","floor":13,"gold_loss":0},{"damage_healed":0,"gold_gain":0,"player_choice":"Inject Mutagens","damage_taken":0,"relics_obtained":["MutagenicStrength"],"max_hp_gain":0,"max_hp_loss":0,"event_name":"Drug Dealer","floor":19,"gold_loss":0},{"damage_healed":0,"gold_gain":0,"player_choice":"Fight","damage_taken":0,"max_hp_gain":0,"max_hp_loss":0,"event_name":"Colosseum","floor":21,"gold_loss":0},{"damage_healed":0,"gold_gain":0,"player_choice":"Fled From Nobs","damage_taken":0,"max_hp_gain":0,"max_hp_loss":0,"event_name":"Colosseum","floor":21,"gold_loss":0},{"damage_healed":0,"gold_gain":0,"player_choice":"Simplicity","damage_taken":0,"max_hp_gain":0,"max_hp_loss":0,"event_name":"Back to Basics","floor":24,"gold_loss":0,"cards_upgraded":["Strike_R","Strike_R","Strike_R","Strike_R","Defend_R","Defend_R","Defend_R"]},{"cards_removed":["Strike_R"],"damage_healed":0,"gold_gain":0,"player_choice":"Gave Gold","damage_taken":0,"max_hp_gain":0,"max_hp_loss":0,"event_name":"Beggar","floor":29,"gold_loss":75},{"damage_healed":0,"gold_gain":0,"player_choice":"Embrace Madness","damage_taken":10,"max_hp_gain":0,"max_hp_loss":0,"event_name":"Winding Halls","floor":36,"gold_loss":0,"cards_obtained":["Madness","Madness"]},{"damage_healed":0,"gold_gain":0,"player_choice":"Fight","damage_taken":0,"max_hp_gain":0,"max_hp_loss":0,"event_name":"MindBloom","floor":39,"gold_loss":0},{"cards_removed":["Feed"],"damage_healed":0,"gold_gain":0,"player_choice":"Removed Attack","damage_taken":0,"max_hp_gain":0,"max_hp_loss":0,"event_name":"Falling","floor":47,"gold_loss":0},{"damage_healed":0,"gold_gain":0,"player_choice":"Fight","damage_taken":0,"max_hp_gain":0,"max_hp_loss":0,"event_name":"Mysterious Sphere","floor":48,"gold_loss":0}],"is_beta":true,"boss_relics":[{"not_picked":["Tiny House","Runic Cube"],"picked":"Coffee Dripper"},{"not_picked":["Astrolabe","Calling Bell"],"picked":"Lizard Tail"}],"items_purged_floors":[20],"is_endless":false,"potions_floor_spawned":[1,10,14,18,23,33,35,42,46,48],"ascension_level":2}