{"gold_per_floor":[114,11,11,161,161,496,496,496,496,540,540,293,329,350,350,445,445,458,478,478],"floor_reached":20,"playtime":689,"items_purged":["Decay"],"score":476,"play_id":"9b4f1a25-62f3-4133-8d23-c354558ddd5f","local_time":"20190426160610","is_ascension_mode":true,"campfire_choices":[{"data":"Noxious Fumes","floor":7,"key":"SMITH"},{"data":"Neutralize","floor":11,"key":"SMITH"},{"data":"Caltrops","floor":15,"key":"SMITH"}],"neow_cost":"NONE","seed_source_timestamp":19869145473884,"circlet_count":0,"master_deck":["AscendersBane","Defend_G","Defend_G","Defend_G","Defend_G","Defend_G","Strike_G","Strike_G","Strike_G","Survivor","Neutralize+1","PiercingWail","Caltrops+1","Flying Knee","Noxious Fumes+1","Calculated Gamble","Adrenaline","PiercingWail","Predator","Dagger Spray"],"relics":["Ring of the Snake","NeowsBlessing","Golden Idol","Old Coin","Bird Faced Urn","Mummified Hand","Omamori","Pear","Empty Cage"],"potions_floor_usage":[16,20],"damage_taken":[{"damage":0,"enemies":"Cultist","floor":1,"turns":1},{"damage":0,"enemies":"3 Sentries","floor":6,"turns":2},{"damage":0,"enemies":"Gremlin Nob","floor":10,"turns":1},{"damage":17,"enemies":"Lagavulin","floor":13,"turns":10},{"damage":1,"enemies":"Jaw Worm","floor":14,"turns":5},{"damage":50,"enemies":"Hexaghost","floor":16,"turns":10},{"damage":31,"enemies":"Chosen","floor":18,"turns":7},{"damage":24,"enemies":"Spheric Guardian","floor":19,"turns":6},{"damage":16,"enemies":"Colosseum Slavers","floor":20,"turns":3}],"seed_played":"-4923140555012817958","potions_obtained":[{"floor":10,"key":"Fire Potion"},{"floor":13,"key":"SkillPotion"},{"floor":18,"key":"GamblersBrew"}],"is_trial":false,"path_per_floor":["M","$","?","?","?","E","R","?","T","E","R","$","E","M","R","B",null,"M","M","?"],"character_chosen":"THE_SILENT","items_purchased":["Caltrops","Flying Knee","Omamori"],"campfire_rested":0,"item_purchase_floors":[2,2,12],"current_hp_per_floor":[59,59,59,59,59,59,59,59,59,59,59,59,53,56,56,10,55,28,8,0],"gold":478,"neow_bonus":"THREE_ENEMY_KILL","is_prod":false,"is_daily":false,"chose_seed":false,"campfire_upgraded":3,"win_rate":0,"timestamp":1556287570,"path_taken":["M","$","?","?","?","E","R","?","T","E","R","$","E","M","R","BOSS","M","M","?"],"build_version":"2019-01-23","purchased_purges":1,"victory":false,"max_hp_per_floor":[66,66,60,60,60,60,60,60,60,60,60,60,70,70,70,70,70,70,70,70],"card_choices":[{"not_picked":["Blade Dance","Flechettes"],"picked":"PiercingWail","floor":1},{"not_picked":["PiercingWail","Bane"],"picked":"Noxious Fumes","floor":6},{"not_picked":["All Out Attack","Acrobatics"],"picked":"Calculated Gamble","floor":10},{"not_picked":["Deadly Poison","Footwork"],"picked":"Adrenaline","floor":13},{"not_picked":["Flying Knee","Slice"],"picked":"PiercingWail","floor":14},{"not_picked":["All Out Attack","Expertise"],"picked":"Predator","floor":18},{"not_picked":["Calculated Gamble","Dodge and Roll"],"picked":"Dagger Spray","floor":19}],"player_experience":1454511,"relics_obtained":[{"floor":6,"key":"Old Coin"},{"floor":9,"key":"Bird Faced Urn"},{"floor":10,"key":"Mummified Hand"},{"floor":13,"key":"Pear"}],"event_choices":[{"damage_healed":0,"gold_gain":0,"player_choice":"Lose Max HP","damage_taken":0,"relics_obtained":["Golden Idol"],"max_hp_gain":0,"max_hp_loss":6,"event_name":"Golden Idol","floor":3,"gold_loss":0},{"damage_healed":0,"gold_gain":150,"player_choice":"AGREE","damage_taken":0,"max_hp_gain":0,"max_hp_loss":0,"event_name":"Liars Game","floor":4,"gold_loss":0,"cards_obtained":["Doubt"]},{"cards_removed":["Doubt"],"damage_healed":0,"gold_gain":0,"player_choice":"Forget","damage_taken":0,"max_hp_gain":0,"max_hp_loss":0,"event_name":"Living Wall","floor":5,"gold_loss":0},{"damage_healed":0,"gold_gain":0,"player_choice":"Cursed","damage_taken":0,"max_hp_gain":0,"max_hp_loss":0,"event_name":"Wheel of Change","floor":8,"gold_loss":0,"cards_obtained":["Decay"]},{"damage_healed":0,"gold_gain":0,"player_choice":"Fight","damage_taken":0,"max_hp_gain":0,"max_hp_loss":0,"event_name":"Colosseum","floor":20,"gold_loss":0}],"is_beta":false,"boss_relics":[{"not_picked":["HoveringKite","Calling Bell"],"picked":"Empty Cage"}],"items_purged_floors":[12],"is_endless":false,"potions_floor_spawned":[10,13,18],"killed_by":"Colosseum Slavers","ascension_level":20}