{"gold_per_floor":[115,82,232,249,16,41,41,68,68,68,95,125,137,137,137,137],"floor_reached":16,"playtime":677,"items_purged":["Doubt"],"score":203,"play_id":"ff1d1abe-832a-4e31-a821-3ecbdb11b39f","local_time":"20190407135339","is_ascension_mode":true,"campfire_choices":[{"floor":10,"key":"REST"},{"data":"Bash","floor":15,"key":"SMITH"}],"neow_cost":"NONE","seed_source_timestamp":562196136083,"circlet_count":0,"master_deck":["AscendersBane","Strike_R","Strike_R","Strike_R","Strike_R","Strike_R","Defend_R","Defend_R","Defend_R","Defend_R","Bash+1","Pommel Strike","Metallicize","Cleave","Immolate","Shrug It Off"],"relics":["Burning Blood","Membership Card","Bottled Tornado","Dodecahedron","Letter Opener","Odd Mushroom","Bird Faced Urn","Toxic Egg 2"],"potions_floor_usage":[8,16],"damage_taken":[{"damage":5,"enemies":"2 Louse","floor":1,"turns":4},{"damage":10,"enemies":"Jaw Worm","floor":4,"turns":6},{"damage":50,"enemies":"Lagavulin","floor":6,"turns":9},{"damage":24,"enemies":"Gremlin Nob","floor":8,"turns":4},{"damage":13,"enemies":"The Mushroom Lair","floor":11,"turns":4},{"damage":19,"enemies":"3 Sentries","floor":12,"turns":4},{"damage":0,"enemies":"Small Slimes","floor":13,"turns":1},{"damage":27,"enemies":"Hexaghost","floor":16,"turns":9}],"seed_played":"-8850416053492276768","potions_obtained":[{"floor":4,"key":"PowerPotion"},{"floor":6,"key":"AttackPotion"},{"floor":11,"key":"PowerPotion"}],"is_trial":false,"path_per_floor":["M","$","?","M","$","E","?","E","T","R","?","E","M","?","R","B"],"character_chosen":"IRONCLAD","items_purchased":["Metallicize","Membership Card"],"campfire_rested":1,"item_purchase_floors":[2,5],"current_hp_per_floor":[76,76,76,72,72,28,28,10,10,34,27,14,20,20,20,0],"gold":137,"neow_bonus":"TEN_PERCENT_HP_BONUS","is_prod":false,"is_daily":false,"chose_seed":false,"campfire_upgraded":1,"win_rate":0,"timestamp":1554656019,"path_taken":["M","$","?","M","$","E","?","E","T","R","?","E","M","?","R","BOSS"],"build_version":"2019-01-23","purchased_purges":1,"victory":false,"max_hp_per_floor":[82,82,82,82,82,82,82,82,82,82,82,82,82,82,82,82],"card_choices":[{"not_picked":["Havoc","Thunderclap"],"picked":"Pommel Strike","floor":1},{"not_picked":["Entrench","Heavy Blade"],"picked":"Cleave","floor":4},{"not_picked":["Bloodletting","Wild Strike","Headbutt"],"picked":"SKIP","floor":6},{"not_picked":["Body Slam","Clash"],"picked":"Immolate","floor":8},{"not_picked":["Clash","Clothesline"],"picked":"Shrug It Off","floor":11},{"not_picked":["Sword Boomerang","Havoc","Clothesline"],"picked":"SKIP","floor":12},{"not_picked":["Berserk","Dual Wield","Warcry"],"picked":"SKIP","floor":13}],"player_experience":542399,"relics_obtained":[{"floor":6,"key":"Bottled Tornado"},{"floor":8,"key":"Dodecahedron"},{"floor":9,"key":"Letter Opener"},{"floor":11,"key":"Odd Mushroom"},{"floor":12,"key":"Bird Faced Urn"}],"event_choices":[{"damage_healed":0,"gold_gain":150,"player_choice":"AGREE","damage_taken":0,"max_hp_gain":0,"max_hp_loss":0,"event_name":"Liars Game","floor":3,"gold_loss":0,"cards_obtained":["Doubt"]},{"damage_healed":0,"gold_gain":0,"player_choice":"Ignored","damage_taken":0,"max_hp_gain":0,"max_hp_loss":0,"event_name":"Shining Light","floor":7,"gold_loss":0},{"damage_healed":0,"gold_gain":0,"player_choice":"Fought Mushrooms","damage_taken":0,"max_hp_gain":0,"max_hp_loss":0,"event_name":"Mushrooms","floor":11,"gold_loss":0},{"damage_healed":0,"gold_gain":0,"player_choice":"Gave Potion","damage_taken":0,"relics_obtained":["Toxic Egg 2"],"max_hp_gain":0,"max_hp_loss":0,"event_name":"WeMeetAgain","floor":14,"gold_loss":0}],"is_beta":false,"boss_relics":[],"items_purged_floors":[5],"is_endless":false,"potions_floor_spawned":[4,6,11,13],"killed_by":"Hexaghost","ascension_level":15}