{"gold_per_floor":[119,119,129,54,66,66,66,100,149,159,159,159,159,190,190,263,263,273,273,11,11,11,11,23,23],"floor_reached":25,"playtime":810,"items_purged":["Regret","Defend_B"],"score":408,"play_id":"2529d36e-5c22-42ec-af3a-67ecc6df6df1","local_time":"20181022134940","is_ascension_mode":true,"campfire_choices":[{"data":"Capacitor","floor":6,"key":"SMITH"},{"data":"Chill","floor":11,"key":"SMITH"},{"data":"Core Surge","floor":13,"key":"SMITH"},{"data":"Compile Driver","floor":15,"key":"SMITH"},{"data":"Loop","floor":23,"key":"SMITH"}],"neow_cost":"TEN_PERCENT_HP_LOSS","seed_source_timestamp":272388581245747,"circlet_count":0,"master_deck":["Strike_B","Strike_B","Defend_B","Defend_B","Defend_B","Zap","Dualcast","AscendersBane","Core Surge+1","Leap","Chill+1","Capacitor+1","Leap","Ball Lightning","Compile Driver+1","Buffer","Tempest","Ghostly","Ghostly","Ghostly","Ghostly","Ghostly","Reprogram","Loop+1","Barrage"],"relics":["Cracked Core","Potion Belt","StoneCalendar","Orichalcum","Cables","Pantograph","Nuclear Battery","DataDisk"],"potions_floor_usage":[25,25],"damage_taken":[{"damage":2,"enemies":"Jaw Worm","floor":1,"turns":3},{"damage":2,"enemies":"2 Louse","floor":3,"turns":2},{"damage":0,"enemies":"Small Slimes","floor":5,"turns":3},{"damage":26,"enemies":"Gremlin Nob","floor":8,"turns":6},{"damage":3,"enemies":"Gremlin Gang","floor":10,"turns":7},{"damage":20,"enemies":"Lagavulin","floor":14,"turns":7},{"damage":27,"enemies":"Hexaghost","floor":16,"turns":11},{"damage":35,"enemies":"3 Byrds","floor":18,"turns":5},{"damage":0,"enemies":"Spheric Guardian","floor":24,"turns":5},{"damage":16,"enemies":"Book of Stabbing","floor":25,"turns":3}],"seed_played":"2712335440778606456","potions_obtained":[{"floor":5,"key":"Ancient Potion"},{"floor":14,"key":"FocusPotion"},{"floor":24,"key":"LiquidBronze"}],"is_trial":false,"path_per_floor":["M","?","M","$","M","R","?","E","T","M","R","T","R","E","R","B",null,"M","?","$","?","?","R","M"],"character_chosen":"DEFECT","items_purchased":["DataDisk"],"campfire_rested":0,"item_purchase_floors":[20],"current_hp_per_floor":[62,62,60,60,60,60,60,34,34,31,31,31,31,11,11,9,50,15,15,15,15,15,15,15,0],"gold":23,"neow_bonus":"THREE_RARE_CARDS","is_prod":false,"is_daily":false,"chose_seed":false,"campfire_upgraded":5,"win_rate":0,"timestamp":1540208980,"path_taken":["M","?","M","$","?","R","?","E","T","M","R","?","R","E","R","BOSS","M","?","$","?","?","R","M","E"],"build_version":"2018-10-18","purchased_purges":2,"victory":false,"max_hp_per_floor":[64,64,64,64,64,64,64,64,64,64,64,64,64,64,64,64,64,64,32,32,32,32,32,32,32],"card_choices":[{"not_picked":["Thunder Strike","Machine Learning"],"picked":"Core Surge","floor":0},{"not_picked":["Sweeping Beam","Streamline"],"picked":"Leap","floor":1},{"not_picked":["Redo","Steam"],"picked":"Chill","floor":3},{"not_picked":["Tempest","Recycle"],"picked":"Capacitor","floor":5},{"not_picked":["Genetic Algorithm","Reboot"],"picked":"Leap","floor":8},{"not_picked":["Loop","Hologram"],"picked":"Ball Lightning","floor":10},{"not_picked":["Stack","Heatsinks"],"picked":"Compile Driver","floor":14},{"not_picked":["Creative AI","Hyperbeam"],"picked":"Buffer","floor":16},{"not_picked":["Compile Driver","Streamline"],"picked":"Tempest","floor":18},{"not_picked":["Barrage","Beam Cell","Steam"],"picked":"SKIP","floor":24},{"not_picked":["Beam Cell","Steam"],"picked":"Barrage","floor":24}],"player_experience":602523,"relics_obtained":[{"floor":8,"key":"StoneCalendar"},{"floor":9,"key":"Orichalcum"},{"floor":12,"key":"Cables"},{"floor":14,"key":"Pantograph"}],"event_choices":[{"damage_healed":0,"gold_gain":0,"player_choice":"Box","damage_taken":0,"relics_obtained":["Potion Belt"],"max_hp_gain":0,"max_hp_loss":0,"event_name":"Big Fish","floor":2,"gold_loss":0,"cards_obtained":["Regret"]},{"damage_healed":0,"gold_gain":30,"player_choice":"Searched \u00271\u0027 times","damage_taken":0,"max_hp_gain":0,"max_hp_loss":0,"event_name":"Dead Adventurer","floor":7,"gold_loss":0},{"damage_healed":0,"gold_gain":0,"player_choice":"Became a Ghost","damage_taken":0,"max_hp_gain":0,"max_hp_loss":32,"event_name":"Ghosts","floor":19,"gold_loss":0,"cards_obtained":["Ghostly","Ghostly","Ghostly","Ghostly","Ghostly"]},{"damage_healed":0,"gold_gain":0,"cards_transformed":["Strike_B","Strike_B"],"player_choice":"Became Test Subject","damage_taken":0,"max_hp_gain":0,"max_hp_loss":0,"event_name":"Drug Dealer","floor":21,"gold_loss":0,"cards_obtained":["Reprogram","Loop"]},{"damage_healed":0,"gold_gain":0,"player_choice":"Ignored","damage_taken":0,"max_hp_gain":0,"max_hp_loss":0,"event_name":"Cursed Tome","floor":22,"gold_loss":0}],"is_beta":false,"boss_relics":[{"not_picked":["Inserter","FrozenCore"],"picked":"Nuclear Battery"}],"items_purged_floors":[4,20],"is_endless":false,"potions_floor_spawned":[5,14,24],"killed_by":"Book of Stabbing","ascension_level":17}