{"gold_per_floor":[116,136,151,151,59,59,85,103,103,130,130,130,147,147],"floor_reached":14,"playtime":527,"items_purged":[],"score":195,"play_id":"2bd8621d-83e2-40b8-b348-5a947aa17f49","local_time":"20181226183515","is_ascension_mode":true,"campfire_choices":[{"data":"Armaments","floor":6,"key":"SMITH"},{"data":"Disarm","floor":11,"key":"SMITH"}],"neow_cost":"TEN_PERCENT_HP_LOSS","seed_source_timestamp":438531248669689,"circlet_count":0,"master_deck":["AscendersBane","Strike_R","Strike_R","Strike_R","Defend_R","Defend_R+1","Defend_R+1","Defend_R","Bash+1","Carnage","Pummel","Armaments+1","Clothesline+1","Metallicize","Shockwave","Disarm+1","True Grit"],"relics":["Burning Blood","Strawberry","Whetstone"],"potions_floor_usage":[10,10],"damage_taken":[{"damage":18,"enemies":"Cultist","floor":1,"turns":5},{"damage":0,"enemies":"2 Louse","floor":2,"turns":3},{"damage":7,"enemies":"Jaw Worm","floor":3,"turns":2},{"damage":14,"enemies":"Lagavulin","floor":7,"turns":5},{"damage":16,"enemies":"Exordium Thugs","floor":8,"turns":5},{"damage":20,"enemies":"Gremlin Nob","floor":10,"turns":4},{"damage":1,"enemies":"2 Fungi Beasts","floor":13,"turns":5},{"damage":22,"enemies":"Gremlin Gang","floor":14,"turns":3}],"seed_played":"-3739321557492110398","potions_obtained":[{"floor":3,"key":"Swift Potion"},{"floor":12,"key":"GamblersBrew"},{"floor":12,"key":"SmokeBomb"},{"floor":13,"key":"LiquidBronze"}],"is_trial":false,"path_per_floor":["M","M","M","?","$","R","E","M","T","E","R","?","M","M"],"character_chosen":"IRONCLAD","items_purchased":["Metallicize","Fire Potion"],"campfire_rested":0,"item_purchase_floors":[5,5],"current_hp_per_floor":[56,62,61,41,41,41,40,30,30,16,16,16,21,0],"gold":147,"neow_bonus":"TRANSFORM_TWO_CARDS","is_prod":false,"is_daily":false,"chose_seed":false,"campfire_upgraded":2,"win_rate":0,"timestamp":1545845715,"path_taken":["M","?","M","?","$","R","E","M","T","E","R","?","?","M"],"build_version":"2018-12-20","purchased_purges":0,"victory":false,"max_hp_per_floor":[68,68,68,68,68,68,75,75,75,75,75,75,75,75],"card_choices":[{"not_picked":["Sword Boomerang","Headbutt"],"picked":"Armaments","floor":1},{"not_picked":["Intimidate","Warcry"],"picked":"Clothesline","floor":2},{"not_picked":["Armaments","Twin Strike","Clash"],"picked":"SKIP","floor":3},{"not_picked":["Fire Breathing","Armaments"],"picked":"Shockwave","floor":7},{"not_picked":["Rage","Clash","Pommel Strike"],"picked":"SKIP","floor":8},{"not_picked":["Clash","Warcry"],"picked":"Disarm","floor":10},{"not_picked":["Shockwave","Rampage"],"picked":"True Grit","floor":13}],"player_experience":1037292,"relics_obtained":[{"floor":7,"key":"Strawberry"},{"floor":9,"key":"Whetstone"}],"event_choices":[{"damage_healed":0,"gold_gain":0,"player_choice":"Entered Light","damage_taken":20,"max_hp_gain":0,"max_hp_loss":0,"event_name":"Shining Light","floor":4,"gold_loss":0,"cards_upgraded":["Defend_R","Defend_R"]},{"damage_healed":0,"gold_gain":0,"player_choice":"Got Potions","damage_taken":0,"max_hp_gain":0,"max_hp_loss":0,"event_name":"Lab","floor":12,"gold_loss":0}],"is_beta":false,"boss_relics":[],"items_purged_floors":[],"is_endless":false,"potions_floor_spawned":[3,8,13],"killed_by":"Gremlin Gang","ascension_level":19}