{"gold_per_floor":[111,128,139,64,82,82,109,109,135,161,61,61,89,89,89,193,193,212,231,146,146],"floor_reached":21,"playtime":826,"items_purged":["Strike_R","Strike_R"],"score":278,"play_id":"d4db525c-fb52-4d81-b244-f914fce60d79","local_time":"20190409031821","is_ascension_mode":true,"campfire_choices":[{"data":"Uppercut","floor":6,"key":"SMITH"},{"data":"Feed","floor":8,"key":"SMITH"},{"floor":15,"key":"REST"}],"neow_cost":"NONE","seed_source_timestamp":436374829749919,"circlet_count":0,"master_deck":["Strike_R","Strike_R","Strike_R","Defend_R","Defend_R","Defend_R","Bash","Inflame","Uppercut+1","Heavy Blade","Feed+1","Rampage","Pummel","Limit Break"],"relics":["Burning Blood","Bag of Marbles","Ancient Tea Set","Oddly Smooth Stone","PreservedInsect","Centennial Puzzle","Shuriken","Black Star","Omamori"],"potions_floor_usage":[16,16,16],"damage_taken":[{"damage":1,"enemies":"Cultist","floor":1,"turns":3},{"damage":8,"enemies":"Small Slimes","floor":2,"turns":4},{"damage":9,"enemies":"Jaw Worm","floor":3,"turns":3},{"damage":17,"enemies":"2 Fungi Beasts","floor":5,"turns":3},{"damage":35,"enemies":"3 Sentries","floor":7,"turns":7},{"damage":25,"enemies":"Lagavulin","floor":10,"turns":5},{"damage":0,"enemies":"Gremlin Nob","floor":13,"turns":2},{"damage":34,"enemies":"Slime Boss","floor":16,"turns":11},{"damage":43,"enemies":"2 Thieves","floor":18,"turns":4},{"damage":0,"enemies":"Chosen","floor":19,"turns":4},{"damage":42,"enemies":"Snake Plant","floor":21,"turns":4}],"seed_played":"6147954602304830948","potions_obtained":[{"floor":3,"key":"PowerPotion"},{"floor":10,"key":"EssenceOfSteel"},{"floor":13,"key":"SteroidPotion"}],"is_trial":false,"path_per_floor":["M","$","?","?","?"],"character_chosen":"IRONCLAD","items_purchased":[],"campfire_rested":1,"item_purchase_floors":[],"current_hp_per_floor":[80,78,75,75,64,64,38,38,38,23,23,23,29,17,43,15,69,36,42,42,0],"gold":146,"neow_bonus":"TRANSFORM_CARD","is_prod":false,"is_daily":false,"chose_seed":false,"campfire_upgraded":2,"win_rate":0,"timestamp":1554754701,"path_taken":["M","?","M","?","M","R","E","R","T","E","$","?","E","?","R","BOSS","M","M","?","M"],"build_version":"2019-01-23","purchased_purges":2,"victory":false,"max_hp_per_floor":[80,80,80,80,80,80,83,83,83,87,87,87,87,87,87,87,87,91,91,91,91],"card_choices":[{"not_picked":["Heavy Blade","Seeing Red"],"picked":"Uppercut","floor":1},{"not_picked":["Warcry","Clothesline","Twin Strike"],"picked":"SKIP","floor":2},{"not_picked":["Body Slam","Corruption"],"picked":"Heavy Blade","floor":3},{"not_picked":["Infernal Blade","Body Slam"],"picked":"Feed","floor":5},{"not_picked":["Cleave","Carnage"],"picked":"Rampage","floor":7},{"not_picked":["Twin Strike","Reckless Charge"],"picked":"Pummel","floor":10},{"not_picked":["Cleave","Combust","Warcry"],"picked":"SKIP","floor":13},{"not_picked":["Fiend Fire","Impervious"],"picked":"Limit Break","floor":16},{"not_picked":["Uppercut+1","Evolve","Reckless Charge+1"],"picked":"SKIP","floor":18},{"not_picked":["Heavy Blade","Havoc","Warcry"],"picked":"SKIP","floor":19}],"player_experience":176398,"relics_obtained":[{"floor":7,"key":"Bag of Marbles"},{"floor":9,"key":"Ancient Tea Set"},{"floor":10,"key":"Oddly Smooth Stone"},{"floor":13,"key":"Centennial Puzzle"}],"event_choices":[{"damage_healed":0,"gold_gain":0,"player_choice":"Searched \u00272\u0027 times","damage_taken":0,"relics_obtained":["PreservedInsect"],"max_hp_gain":0,"max_hp_loss":0,"event_name":"Dead Adventurer","floor":12,"gold_loss":0},{"damage_healed":0,"gold_gain":0,"player_choice":"Success","damage_taken":12,"relics_obtained":["Shuriken"],"max_hp_gain":0,"max_hp_loss":0,"event_name":"Scrap Ooze","floor":14,"gold_loss":0},{"damage_healed":0,"gold_gain":0,"player_choice":"Obtained Relic","damage_taken":0,"relics_obtained":["Omamori"],"max_hp_gain":0,"max_hp_loss":0,"event_name":"Addict","floor":20,"gold_loss":85}],"is_beta":false,"boss_relics":[{"not_picked":["Runic Pyramid","Empty Cage"],"picked":"Black Star"}],"items_purged_floors":[4,11],"is_endless":false,"potions_floor_spawned":[3,10,13],"killed_by":"Snake Plant","ascension_level":5}