{"gold_per_floor":[109,121,121,121,140,140,160,3,3,27,47,74,74,74,74,174,174,187,0,0,18,18,18,18,47,99,119,130,130,159,169,169,169],"floor_reached":33,"playtime":3657,"items_purged":["Strike_R"],"score":299,"play_id":"abb405d4-e329-49fe-8473-fce905cefd9a","local_time":"20180707090918","is_ascension_mode":true,"campfire_choices":[{"data":"Body Slam","floor":6.0,"key":"SMITH"},{"data":"Armaments","floor":13.0,"key":"SMITH"},{"floor":15.0,"key":"REST"},{"data":"Armaments","floor":23.0,"key":"SMITH"},{"floor":32.0,"key":"REST"}],"neow_cost":"FIFTY_PERCENT_DAMAGE","seed_source_timestamp":262085238290266,"circlet_count":0,"master_deck":["Strike_R","Strike_R","Defend_R","Defend_R","Defend_R","Defend_R","Bash","Juggernaut","Bloodletting","Body Slam+1","Armaments+1","Whirlwind","Warcry","Feel No Pain","Offering","Ghostly Armor+1","Metallicize","Armaments+1","Body Slam","Rupture+1","Warcry+1","RitualDagger","Impervious+1"],"special_seed":0,"relics":["Burning Blood","Magic Flower","Odd Mushroom","Bird Faced Urn","Orrery","Bronze Scales","Art of War","War Paint"],"potions_floor_usage":[],"damage_taken":[{"damage":0.0,"enemies":"Small Slimes","floor":1.0,"turns":4.0},{"damage":1.0,"enemies":"2 Louse","floor":2.0,"turns":3.0},{"damage":15.0,"enemies":"Jaw Worm","floor":5.0,"turns":6.0},{"damage":0.0,"enemies":"3 Louse","floor":7.0,"turns":6.0},{"damage":16.0,"floor":10.0,"turns":6.0},{"damage":7.0,"enemies":"Large Slime","floor":11.0,"turns":5.0},{"damage":19.0,"enemies":"3 Sentries","floor":12.0,"turns":6.0},{"damage":41.0,"enemies":"Slime Boss","floor":16.0,"turns":8.0},{"damage":0.0,"enemies":"Chosen","floor":18.0,"turns":7.0},{"damage":35.0,"enemies":"3 Byrds","floor":21.0,"turns":6.0},{"damage":25.0,"enemies":"Slavers","floor":25.0,"turns":6.0},{"damage":27.0,"enemies":"Centurion and Healer","floor":27.0,"turns":5.0},{"damage":11.0,"enemies":"Sentry and Sphere","floor":28.0,"turns":4.0},{"damage":40.0,"enemies":"Book of Stabbing","floor":30.0,"turns":5.0},{"damage":27.0,"enemies":"3 Cultists","floor":31.0,"turns":4.0},{"damage":84,"enemies":"Automaton","floor":33,"turns":6}],"seed_played":"-5257125147462863607","potions_obtained":[{"floor":1.0,"key":"Regen Potion"},{"floor":7.0,"key":"Strength Potion"},{"floor":11.0,"key":"Explosive Potion"},{"floor":16.0,"key":"SkillPotion"},{"floor":25.0,"key":"SneckoOil"},{"floor":27.0,"key":"SkillPotion"},{"floor":30.0,"key":"PowerPotion"}],"is_trial":false,"path_per_floor":["M","M","?","?","M","R","M","$","T","?","M","E","R","$","R","B",null,"M","?","$","M","?","R","?","E","T","M","M","?","E","M","R"],"character_chosen":"IRONCLAD","items_purchased":["Whirlwind"],"campfire_rested":2,"item_purchase_floors":[8],"current_hp_per_floor":[46,51,44,44,35,35,56,56,56,49,51,41,41,41,65,39,80,80,80,80,60,60,60,60,53,53,44,54,48,29,26,50,0],"gold":169,"neow_bonus":"THREE_RARE_CARDS","is_prod":false,"is_daily":false,"chose_seed":false,"campfire_upgraded":3,"win_rate":0,"timestamp":1530979758,"path_taken":["M","M","?","?","M","R","M","$","T","?","M","E","R","$","R","BOSS","M","?","$","?","?","R","?","E","T","M","M","?","E","M","R","BOSS"],"build_version":"2018-07-05","purchased_purges":1,"victory":false,"max_hp_per_floor":[80,80,80,80,80,80,80,80,80,80,80,80,80,80,80,80,80,80,80,80,80,80,80,80,80,80,80,80,80,80,80,80,80],"card_choices":[{"not_picked":["Immolate","Bludgeon"],"picked":"Juggernaut","floor":0.0},{"not_picked":["Power Through","Pommel Strike"],"picked":"Bloodletting","floor":1.0},{"not_picked":["Flex","Ghostly Armor"],"picked":"Body Slam","floor":2.0},{"not_picked":["Disarm","Anger","Rampage"],"picked":"SKIP","floor":5.0},{"not_picked":["Body Slam","Sentinel"],"picked":"Armaments","floor":7.0},{"not_picked":["Rampage","Clash"],"picked":"Warcry","floor":10.0},{"not_picked":["Anger","Disarm"],"picked":"Feel No Pain","floor":11.0},{"not_picked":["Infernal Blade","Heavy Blade","Disarm"],"picked":"SKIP","floor":12.0},{"not_picked":["Reaper","Double Tap"],"picked":"Offering","floor":16.0},{"not_picked":["Pommel Strike","Clash"],"picked":"Ghostly Armor","floor":17.0},{"not_picked":["Anger","Shockwave"],"picked":"Metallicize","floor":17.0},{"not_picked":["Iron Wave","Havoc"],"picked":"Armaments","floor":17.0},{"not_picked":["True Grit","Reckless Charge"],"picked":"Body Slam","floor":17.0},{"not_picked":["Havoc","Fire Breathing","Flex"],"picked":"SKIP","floor":18.0},{"not_picked":["Impervious","Sentinel"],"picked":"Rupture+1","floor":21.0},{"not_picked":["Anger+1","Clash+1","Armaments"],"picked":"SKIP","floor":25.0},{"not_picked":["Sever Soul","Thunderclap"],"picked":"Warcry+1","floor":27.0},{"not_picked":["Rage+1","Flex","Cleave"],"picked":"SKIP","floor":28.0},{"not_picked":["Warcry","Uppercut+1"],"picked":"Impervious","floor":30.0},{"not_picked":["Wild Strike","Sword Boomerang","Thunderclap"],"picked":"SKIP","floor":31.0}],"player_experience":589558,"relics_obtained":[{"floor":9.0,"key":"Magic Flower"},{"floor":10.0,"key":"Odd Mushroom"},{"floor":12.0,"key":"Bird Faced Urn"},{"floor":25.0,"key":"Bronze Scales"},{"floor":26.0,"key":"Art of War"},{"floor":30.0,"key":"War Paint"}],"event_choices":[{"event_name":"Golden Wing","player_choice":"Card Removal","floor":3.0,"damage_taken":0.0},{"event_name":"Living Wall","player_choice":"Forget","floor":4.0,"damage_taken":0.0},{"event_name":"Mushrooms","player_choice":"Fought Mushrooms","floor":10.0,"damage_taken":0.0},{"event_name":"Masked Bandits","player_choice":"Paid Bandits 187 gold","floor":19.0,"damage_taken":0.0},{"event_name":"Addict","player_choice":"Ignored","floor":22.0,"damage_taken":0.0},{"event_name":"Beggar","player_choice":"Ignored","floor":24.0,"damage_taken":0.0},{"event_name":"Nest","player_choice":"Joined the Cult","floor":29.0,"damage_taken":0.0}],"boss_relics":[{"not_picked":["Calling Bell","Philosopher\u0027s Stone"],"picked":"Orrery"}],"items_purged_floors":[8],"is_endless":false,"potions_floor_spawned":[1,7,11,16,25,27,30],"killed_by":"Automaton","ascension_level":1}