{"gold_per_floor":[111,30,40,40,40,40,73,93,120,134,168,168,202,45,45,143,143,162,183,206,225,5,5,41,57,57,72,22,43,74,74,74,167,167,181,196,196,217,232,232,157,157,157,197,197,53,53,74,74,74,74],"floor_reached":51,"playtime":2057,"items_purged":["Strike_R","Strike_R"],"score":1420,"play_id":"7f1677d3-fd97-4ae3-a7c9-454fef3d56c8","local_time":"20190205164229","is_ascension_mode":true,"campfire_choices":[{"data":"Clothesline","floor":6,"key":"SMITH"},{"data":"Inflame","floor":12,"key":"SMITH"},{"floor":15,"key":"DIG"},{"floor":23,"key":"REST"},{"floor":32,"key":"REST"},{"data":"Feel No Pain","floor":40,"key":"SMITH"},{"data":"Uppercut","floor":42,"key":"SMITH"},{"floor":45,"key":"RECALL"},{"data":"Heavy Blade","floor":49,"key":"SMITH"}],"neow_cost":"NONE","seed_source_timestamp":622593077499845,"circlet_count":0,"master_deck":["AscendersBane","Strike_R","Strike_R","Defend_R","Defend_R","Defend_R","Defend_R","Bash","Clothesline+1","Feel No Pain+1","Pommel Strike","Inflame+1","Offering+1","Immolate","Offering+1","Limit Break","Battle Trance","Uppercut+1","Flame Barrier","Corruption+1","Bludgeon","Carnage","Heavy Blade+1"],"relics":["Burning Blood","Golden Idol","Omamori","Vajra","Blood Vial","Shovel","War Paint","Bottled Tornado","Snecko Eye","Bag of Marbles","Toy Ornithopter","Ginger","Kunai","Bag of Preparation","Philosopher\u0027s Stone","Mummified Hand"],"potions_floor_usage":[3,7,18,29,33,33,44,50,51],"damage_taken":[{"damage":11,"enemies":"Small Slimes","floor":1,"turns":5},{"damage":9,"enemies":"Jaw Worm","floor":3,"turns":4},{"damage":26,"enemies":"3 Sentries","floor":7,"turns":11},{"damage":4,"enemies":"Cultist","floor":8,"turns":3},{"damage":5,"enemies":"Blue Slaver","floor":10,"turns":4},{"damage":17,"enemies":"Gremlin Nob","floor":11,"turns":3},{"damage":13,"enemies":"3 Sentries","floor":13,"turns":4},{"damage":46,"enemies":"The Guardian","floor":16,"turns":14},{"damage":21,"enemies":"2 Thieves","floor":18,"turns":3},{"damage":25,"enemies":"Chosen","floor":19,"turns":4},{"damage":16,"enemies":"Snake Plant","floor":21,"turns":3},{"damage":13,"enemies":"Slavers","floor":24,"turns":2},{"damage":29,"enemies":"Shelled Parasite and Fungi","floor":25,"turns":3},{"damage":12,"enemies":"3 Cultists","floor":27,"turns":3},{"damage":8,"enemies":"Snake Plant","floor":29,"turns":3},{"damage":12,"enemies":"Gremlin Leader","floor":30,"turns":5},{"damage":36,"enemies":"Collector","floor":33,"turns":6},{"damage":0,"enemies":"3 Shapes","floor":35,"turns":3},{"damage":4,"enemies":"Orb Walker","floor":36,"turns":3},{"damage":6,"enemies":"Sphere and 2 Shapes","floor":38,"turns":3},{"damage":10,"enemies":"Spire Growth","floor":39,"turns":3},{"damage":21,"enemies":"Nemesis","floor":44,"turns":5},{"damage":6,"enemies":"Writhing Mass","floor":48,"turns":3},{"damage":38,"enemies":"Donu and Deca","floor":50,"turns":6},{"damage":44,"enemies":"Awakened One","floor":51,"turns":3}],"seed_played":"8800755512687075388","potions_obtained":[{"floor":0,"key":"Regen Potion"},{"floor":0,"key":"BloodPotion"},{"floor":3,"key":"Swift Potion"},{"floor":11,"key":"Explosive Potion"},{"floor":16,"key":"Regen Potion"},{"floor":18,"key":"Energy Potion"},{"floor":19,"key":"SteroidPotion"},{"floor":30,"key":"AttackPotion"},{"floor":33,"key":"Energy Potion"},{"floor":36,"key":"SkillPotion"},{"floor":47,"key":"PowerPotion"}],"is_trial":false,"path_per_floor":["M","$","M","?","?","R","E","M","T","M","E","R","E","$","R","B",null,"M","M","T","M","$","R","E","M","T","M","?","M","E","?","R","B",null,"M","M","?","M","M","R","$","R","T","E","R","$","?","M","R","B","B"],"character_chosen":"IRONCLAD","items_purchased":["Feel No Pain","War Paint","Toy Ornithopter","Carnage"],"campfire_rested":2,"item_purchase_floors":[2,14,22,46],"current_hp_per_floor":[63,63,67,67,67,67,62,64,64,65,54,54,49,49,49,11,54,50,33,33,25,25,45,40,19,19,15,15,20,16,16,36,18,56,64,68,68,68,64,64,64,64,64,56,56,56,56,58,58,33,0],"gold":74,"neow_bonus":"THREE_SMALL_POTIONS","is_prod":false,"is_daily":false,"chose_seed":false,"campfire_upgraded":5,"win_rate":0,"timestamp":1549381349,"path_taken":["M","$","M","?","?","R","E","M","T","M","E","R","E","?","R","BOSS","M","M","?","M","$","R","E","M","T","M","?","?","E","?","R","BOSS","M","M","?","?","M","R","$","R","T","E","R","?","?","M","R","BOSS","BOSS"],"build_version":"2019-01-23","purchased_purges":2,"victory":false,"max_hp_per_floor":[75,75,75,75,68,68,68,68,68,68,68,68,68,68,68,68,68,68,68,68,68,68,68,68,68,68,68,68,68,68,68,68,68,68,68,68,68,68,68,68,68,68,68,68,68,68,68,68,68,68,68],"card_choices":[{"not_picked":["Wild Strike","Sword Boomerang"],"picked":"Clothesline","floor":1},{"not_picked":["Intimidate","Heavy Blade"],"picked":"Pommel Strike","floor":3},{"not_picked":["Flex","Clothesline"],"picked":"Inflame","floor":7},{"not_picked":["Hemokinesis","Rampage","Cleave"],"picked":"SKIP","floor":8},{"not_picked":["Searing Blow","Body Slam"],"picked":"Offering","floor":10},{"not_picked":["Combust","Sword Boomerang"],"picked":"Immolate","floor":11},{"not_picked":["Intimidate","Rupture"],"picked":"Offering","floor":13},{"not_picked":["Exhume","Dark Embrace"],"picked":"Limit Break","floor":16},{"not_picked":["Body Slam","Cleave","Bloodletting"],"picked":"SKIP","floor":18},{"not_picked":["Cleave","Body Slam"],"picked":"Battle Trance","floor":19},{"not_picked":["True Grit","Reckless Charge"],"picked":"Uppercut","floor":21},{"not_picked":["Body Slam","Headbutt","Flex"],"picked":"SKIP","floor":24},{"not_picked":["Cleave","Twin Strike","Uppercut"],"picked":"SKIP","floor":25},{"not_picked":["Headbutt","Clothesline+1"],"picked":"Flame Barrier","floor":27},{"not_picked":["Iron Wave+1","Ghostly Armor","Sword Boomerang"],"picked":"SKIP","floor":29},{"not_picked":["Dual Wield","Barricade"],"picked":"Corruption+1","floor":30},{"not_picked":["Berserk","Demon Form"],"picked":"Bludgeon","floor":33},{"not_picked":["Iron Wave","Pommel Strike","Anger"],"picked":"SKIP","floor":35},{"not_picked":["Combust","Thunderclap","Entrench+1"],"picked":"SKIP","floor":36},{"not_picked":["Spot Weakness","Sever Soul","Cleave"],"picked":"SKIP","floor":38},{"not_picked":["Flex+1","Havoc","Sword Boomerang"],"picked":"SKIP","floor":39},{"not_picked":["Entrench+1","Battle Trance","Wild Strike"],"picked":"SKIP","floor":44},{"not_picked":["Havoc","Cleave"],"picked":"Heavy Blade","floor":48}],"player_experience":1292799,"relics_obtained":[{"floor":7,"key":"Omamori"},{"floor":9,"key":"Vajra"},{"floor":11,"key":"Blood Vial"},{"floor":13,"key":"Shovel"},{"floor":15,"key":"Bottled Tornado"},{"floor":20,"key":"Bag of Marbles"},{"floor":24,"key":"Ginger"},{"floor":26,"key":"Kunai"},{"floor":30,"key":"Bag of Preparation"},{"floor":44,"key":"Mummified Hand"}],"event_choices":[{"damage_healed":0,"gold_gain":0,"player_choice":"Leave","damage_taken":0,"max_hp_gain":0,"max_hp_loss":0,"event_name":"The Cleric","floor":4,"gold_loss":0},{"damage_healed":0,"gold_gain":0,"player_choice":"Lose Max HP","damage_taken":0,"relics_obtained":["Golden Idol"],"max_hp_gain":0,"max_hp_loss":7,"event_name":"Golden Idol","floor":5,"gold_loss":0},{"damage_healed":0,"gold_gain":0,"player_choice":"Bet on Murderer","damage_taken":0,"max_hp_gain":0,"max_hp_loss":0,"event_name":"The Joust","floor":28,"gold_loss":50},{"damage_healed":0,"gold_gain":0,"player_choice":"Ignored","damage_taken":0,"max_hp_gain":0,"max_hp_loss":0,"event_name":"Ghosts","floor":31,"gold_loss":0},{"cards_removed":["Strike_R"],"damage_healed":0,"gold_gain":0,"player_choice":"Purged","damage_taken":0,"max_hp_gain":0,"max_hp_loss":0,"event_name":"Purifier","floor":37,"gold_loss":0},{"damage_healed":0,"gold_gain":0,"player_choice":"Got Potions","damage_taken":0,"max_hp_gain":0,"max_hp_loss":0,"event_name":"Lab","floor":47,"gold_loss":0}],"is_beta":false,"boss_relics":[{"not_picked":["Runic Dome","Busted Crown"],"picked":"Snecko Eye"},{"not_picked":["Black Blood","Astrolabe"],"picked":"Philosopher\u0027s Stone"}],"items_purged_floors":[41,46],"is_endless":false,"potions_floor_spawned":[1,3,11,16,18,19,30,33,36,38],"killed_by":"Awakened One","ascension_level":20}