{"gold_per_floor":[119,139,139,214,234,234,262,262,312,13,13,43,63,78,78,176,176,189,189,2,2,16,16,46,46,119,130,147,61,61,73,73,169,169,179,189,289,289,21,53,53,65,139,153,168,168,188,188,188,188,188,188,45,71,71],"floor_reached":55,"playtime":2367,"items_purged":["Decay"],"score":837,"play_id":"3c57f73d-876a-4f2e-8076-8027ef3092e5","local_time":"20190411015424","is_ascension_mode":true,"campfire_choices":[{"data":"Neutralize","floor":6,"key":"SMITH"},{"floor":8,"key":"REST"},{"data":"Venomology","floor":11,"key":"SMITH"},{"data":"Footwork","floor":15,"key":"SMITH"},{"data":"Adrenaline","floor":23,"key":"SMITH"},{"data":"Dodge and Roll","floor":25,"key":"SMITH"},{"data":"Dash","floor":32,"key":"SMITH"},{"data":"Skewer","floor":41,"key":"SMITH"},{"data":"PiercingWail","floor":46,"key":"SMITH"},{"floor":49,"key":"RECALL"},{"data":"Blade Dance","floor":52,"key":"SMITH"}],"neow_cost":"NONE","seed_source_timestamp":37508396311018,"circlet_count":0,"master_deck":["Defend_G+1","Defend_G+1","Defend_G+1","Defend_G+1","Defend_G+1","Strike_G+1","Strike_G+1","Strike_G+1","Strike_G+1","Strike_G+1","Survivor+1","Neutralize+1","Blade Dance","Quick Slash","Crippling Poison+1","Venomology+1","Footwork+1","Dodge and Roll+1","Heel Hook","Quick Slash","Skewer+1","Blade Dance+1","Adrenaline+1","Dagger Spray","Well Laid Plans","Blur","Envenom+1","Dodge and Roll+1","PiercingWail","Dash+1","Infinite Blades+1","After Image+1","Accuracy+1","PiercingWail+1","Envenom+1","Noxious Fumes+1","Blade Dance"],"relics":["Philosopher\u0027s Stone","Boot","Ice Cream","MawBank","Vajra","Meat on the Bone","Eternal Feather","Art of War","Frozen Egg 2","Matryoshka","Question Card","Bronze Scales","Coffee Dripper","Bird Faced Urn","TheAbacus","Dodecahedron","Lantern","War Paint","Centennial Puzzle"],"potions_floor_usage":[7,12,12,16,18,22,24,27,28,33,40,40,44,45,45,47,50,50,54],"damage_taken":[{"damage":2,"enemies":"2 Louse","floor":1,"turns":3},{"damage":4,"enemies":"Jaw Worm","floor":2,"turns":4},{"damage":0,"enemies":"Cultist","floor":5,"turns":3},{"damage":21,"enemies":"Lagavulin","floor":7,"turns":7},{"damage":29,"enemies":"Gremlin Nob","floor":12,"turns":5},{"damage":0,"enemies":"2 Fungi Beasts","floor":13,"turns":4},{"damage":0,"enemies":"Exordium Wildlife","floor":14,"turns":2},{"damage":24,"enemies":"The Guardian","floor":16,"turns":9},{"damage":10,"enemies":"Shell Parasite","floor":18,"turns":5},{"damage":4,"enemies":"3 Byrds","floor":22,"turns":3},{"damage":49,"enemies":"Gremlin Leader","floor":24,"turns":6},{"damage":10,"enemies":"Snake Plant","floor":27,"turns":4},{"damage":12,"enemies":"Centurion and Healer","floor":28,"turns":6},{"damage":3,"enemies":"Chosen and Byrds","floor":31,"turns":4},{"damage":27,"enemies":"Champ","floor":33,"turns":10},{"damage":0,"enemies":"Orb Walker","floor":35,"turns":3},{"damage":54,"enemies":"3 Shapes","floor":36,"turns":3},{"damage":0,"enemies":"Mind Bloom Boss Battle","floor":37,"turns":6},{"damage":31,"enemies":"Reptomancer","floor":40,"turns":7},{"damage":31,"enemies":"Jaw Worm Horde","floor":42,"turns":4},{"damage":0,"enemies":"Writhing Mass","floor":44,"turns":7},{"damage":26,"enemies":"4 Shapes","floor":45,"turns":2},{"damage":3,"enemies":"Transient","floor":47,"turns":5},{"damage":37,"enemies":"Time Eater","floor":50,"turns":7},{"damage":72,"enemies":"Shield and Spear","floor":54,"turns":6},{"damage":46,"enemies":"The Heart","floor":55,"turns":2}],"seed_played":"-5488822908174793691","potions_obtained":[{"floor":2,"key":"SteroidPotion"},{"floor":7,"key":"Regen Potion"},{"floor":13,"key":"Weak Potion"},{"floor":16,"key":"Weak Potion"},{"floor":22,"key":"SpeedPotion"},{"floor":27,"key":"Block Potion"},{"floor":33,"key":"Explosive Potion"},{"floor":35,"key":"SteroidPotion"},{"floor":45,"key":"Swift Potion"}],"is_trial":false,"path_per_floor":["?","?","$","?","?","$","T","M","?","?","M","M","?"],"character_chosen":"THE_SILENT","items_purchased":["Footwork","Vajra","Dodge and Roll","Heel Hook","Well Laid Plans","Art of War","PiercingWail","Dash","TheAbacus","War Paint"],"campfire_rested":1,"item_purchase_floors":[10,10,10,10,20,20,29,29,39,53],"current_hp_per_floor":[68,64,61,50,50,50,29,50,50,50,50,33,45,45,45,33,70,60,60,60,60,56,70,33,48,48,38,38,38,38,47,65,38,70,70,28,40,40,40,35,56,39,39,55,37,58,67,67,70,45,70,70,70,20,0],"gold":71,"neow_bonus":"BOSS_RELIC","is_prod":false,"is_daily":false,"chose_seed":false,"campfire_upgraded":9,"win_rate":0,"timestamp":1554922464,"path_taken":["M","M","?","?","M","R","E","R","T","?","R","E","M","M","R","BOSS","M","?","$","?","M","R","E","R","T","M","M","?","?","?","R","BOSS","M","M","?","?","$","E","R","?","T","?","M","R","M","?","R","BOSS","R","$","E","BOSS"],"build_version":"2019-01-23","purchased_purges":1,"victory":false,"max_hp_per_floor":[70,70,70,70,70,70,70,70,70,70,70,70,70,70,70,70,70,70,70,70,70,70,70,70,70,70,70,70,70,70,70,70,70,70,70,70,70,70,70,70,70,70,70,70,70,70,70,70,70,70,70,70,70,70,70],"card_choices":[{"not_picked":["Tactician","Flying Knee"],"picked":"Blade Dance","floor":1},{"not_picked":["Concentrate","Deadly Poison"],"picked":"Quick Slash","floor":2},{"not_picked":["Dash","Acrobatics"],"picked":"Crippling Poison","floor":5},{"not_picked":["Underhanded Strike","Calculated Gamble"],"picked":"Venomology","floor":7},{"not_picked":["Outmaneuver","Finisher"],"picked":"Quick Slash","floor":12},{"not_picked":["Choke","Leg Sweep"],"picked":"Skewer","floor":13},{"not_picked":["Finisher","Deflect"],"picked":"Blade Dance","floor":14},{"not_picked":["Die Die Die","Envenom"],"picked":"Adrenaline","floor":16},{"not_picked":["Cloak And Dagger","Prepared"],"picked":"Dagger Spray","floor":18},{"not_picked":["Prepared","Flechettes"],"picked":"Blur","floor":22},{"not_picked":["Sucker Punch+1","Quick Slash"],"picked":"Envenom","floor":24},{"not_picked":["Flying Knee","Prepared"],"picked":"Dodge and Roll+1","floor":27},{"not_picked":["Bane","Dagger Spray","Quick Slash"],"picked":"SKIP","floor":28},{"not_picked":["Endless Agony","Concentrate+1","Quick Slash"],"picked":"Infinite Blades+1","floor":31},{"not_picked":["Grand Finale","Phantasmal Killer","Adrenaline"],"picked":"After Image+1","floor":33},{"not_picked":["Finisher","Quick Slash","Dagger Throw+1"],"picked":"Accuracy+1","floor":35},{"not_picked":["Acrobatics","Quick Slash+1","Dagger Throw+1"],"picked":"PiercingWail","floor":36},{"not_picked":["Reflex","Flying Knee","PiercingWail+1"],"picked":"Envenom+1","floor":37},{"not_picked":["Flying Knee","Deadly Poison","Outmaneuver"],"picked":"Noxious Fumes+1","floor":40},{"not_picked":["Deadly Poison","Eviscerate+1","Backflip+1"],"picked":"Blade Dance","floor":42},{"not_picked":["PiercingWail","Predator","Skewer+1","Well Laid Plans+1"],"picked":"SKIP","floor":44},{"not_picked":["Calculated Gamble+1","Poisoned Stab","All Out Attack+1","Sucker Punch"],"picked":"SKIP","floor":45},{"not_picked":["Quick Slash+1","Dagger Throw+1","Caltrops+1","Blade Dance+1"],"picked":"SKIP","floor":47},{"not_picked":["Wraith Form v2+1","Sucker Punch","Heel Hook","Riddle With Holes+1"],"picked":"SKIP","floor":54}],"player_experience":194050,"relics_obtained":[{"floor":7,"key":"Ice Cream"},{"floor":9,"key":"MawBank"},{"floor":12,"key":"Meat on the Bone"},{"floor":24,"key":"Frozen Egg 2"},{"floor":26,"key":"Matryoshka"},{"floor":30,"key":"Question Card"},{"floor":30,"key":"Bronze Scales"},{"floor":37,"key":"Bird Faced Urn"},{"floor":40,"key":"Dodecahedron"},{"floor":43,"key":"Lantern"},{"floor":54,"key":"Centennial Puzzle"}],"event_choices":[{"damage_healed":0,"gold_gain":0,"player_choice":"Success","damage_taken":3,"relics_obtained":["Boot"],"max_hp_gain":0,"max_hp_loss":0,"event_name":"Scrap Ooze","floor":3,"gold_loss":0},{"damage_healed":0,"gold_gain":75,"player_choice":"Gather Gold","damage_taken":11,"max_hp_gain":0,"max_hp_loss":0,"event_name":"World of Goop","floor":4,"gold_loss":0},{"damage_healed":0,"gold_gain":0,"player_choice":"Simplicity","damage_taken":0,"max_hp_gain":0,"max_hp_loss":0,"event_name":"Back to Basics","floor":19,"gold_loss":0,"cards_upgraded":["Defend_G","Defend_G","Defend_G","Defend_G","Defend_G","Strike_G","Strike_G","Strike_G","Strike_G","Strike_G"]},{"damage_healed":0,"gold_gain":0,"player_choice":"Fight","damage_taken":0,"max_hp_gain":0,"max_hp_loss":0,"event_name":"MindBloom","floor":37,"gold_loss":0},{"damage_healed":0,"gold_gain":0,"player_choice":"Cursed","damage_taken":0,"max_hp_gain":0,"max_hp_loss":0,"event_name":"Wheel of Change","floor":38,"gold_loss":0,"cards_obtained":["Decay"]},{"damage_healed":0,"gold_gain":0,"player_choice":"Memory 1","damage_taken":0,"max_hp_gain":0,"max_hp_loss":0,"event_name":"SensoryStone","floor":48,"gold_loss":0}],"is_beta":false,"boss_relics":[{"not_picked":["Snecko Eye","Runic Dome"],"picked":"Eternal Feather"},{"not_picked":["Black Star","HoveringKite"],"picked":"Coffee Dripper"}],"items_purged_floors":[39],"is_endless":false,"potions_floor_spawned":[2,7,13,16,22,27,28,33,35,37,44,45,47],"killed_by":"The Heart","ascension_level":4}