{"gold_per_floor":[112,112,12,23,40,66,66,94,162,162,162,162,162,187,187,289,289,299,324,14,24,41,41,41],"floor_reached":24,"playtime":1501,"items_purged":["Strike_R","Strike_R"],"score":233,"play_id":"9c387995-d83e-43ed-8eba-8349193f90a5","local_time":"20190327155933","is_ascension_mode":true,"campfire_choices":[{"data":"Shockwave","floor":7,"key":"SMITH"},{"data":"Whirlwind","floor":13,"key":"SMITH"},{"data":"Bash","floor":15,"key":"SMITH"},{"data":"True Grit","floor":23,"key":"SMITH"}],"neow_cost":"NONE","seed_source_timestamp":1322190528567,"circlet_count":0,"master_deck":["Strike_R","Strike_R","Strike_R+1","Defend_R","Defend_R","Defend_R","Defend_R","Bash+1","Shockwave+1","Pommel Strike+1","Battle Trance","True Grit+1","Whirlwind+1","Demon Form","True Grit+1","Limit Break","Sword Boomerang","True Grit+1"],"relics":["Burning Blood","Shovel","Lantern","Blood Vial","Shuriken","Black Star","Whetstone"],"potions_floor_usage":[6,16,22,24],"damage_taken":[{"damage":6,"enemies":"Jaw Worm","floor":1,"turns":4},{"damage":3,"enemies":"2 Louse","floor":4,"turns":4},{"damage":1,"enemies":"Cultist","floor":5,"turns":3},{"damage":21,"enemies":"Lagavulin","floor":6,"turns":7},{"damage":39,"enemies":"Gremlin Nob","floor":8,"turns":5},{"damage":17,"enemies":"Lagavulin","floor":14,"turns":7},{"damage":63,"enemies":"Hexaghost","floor":16,"turns":12},{"damage":15,"enemies":"3 Byrds","floor":18,"turns":5},{"damage":9,"enemies":"Chosen","floor":21,"turns":5},{"damage":49,"enemies":"Shelled Parasite and Fungi","floor":22,"turns":12},{"damage":36,"enemies":"Book of Stabbing","floor":24,"turns":5}],"seed_played":"-3116967283569571217","potions_obtained":[{"floor":0,"key":"FairyPotion"},{"floor":0,"key":"Poison Potion"},{"floor":0,"key":"Weak Potion"},{"floor":4,"key":"Weak Potion"},{"floor":6,"key":"Block Potion"},{"floor":16,"key":"GamblersBrew"}],"is_trial":false,"path_per_floor":["M","?","$","M","M","E","R","E","T","?","?","?","R","E","R","B",null,"M","T","$","M","M","R","E"],"character_chosen":"IRONCLAD","items_purchased":["Pommel Strike","Limit Break","Sword Boomerang"],"campfire_rested":0,"item_purchase_floors":[3,20,20],"current_hp_per_floor":[80,80,80,80,80,65,65,32,32,32,14,80,80,69,69,14,80,71,71,71,70,29,29,0],"gold":41,"neow_bonus":"THREE_SMALL_POTIONS","is_prod":false,"is_daily":false,"chose_seed":false,"campfire_upgraded":4,"win_rate":0,"timestamp":1553713173,"path_taken":["M","?","$","M","M","E","R","E","T","?","?","?","R","E","R","BOSS","M","?","$","M","M","R","E"],"build_version":"2019-01-23","purchased_purges":2,"victory":false,"max_hp_per_floor":[80,80,80,80,80,80,80,80,80,80,80,80,80,80,80,80,80,80,80,80,80,80,80,80],"card_choices":[{"not_picked":["Hemokinesis","Evolve"],"picked":"Shockwave","floor":1},{"not_picked":["Reaper","Havoc"],"picked":"Battle Trance","floor":4},{"not_picked":["Body Slam","Thunderclap","Havoc"],"picked":"SKIP","floor":5},{"not_picked":["Feel No Pain","Iron Wave"],"picked":"True Grit","floor":6},{"not_picked":["Second Wind","Perfected Strike"],"picked":"Whirlwind","floor":8},{"not_picked":["Clash","Perfected Strike","Armaments"],"picked":"SKIP","floor":14},{"not_picked":["Berserk","Impervious"],"picked":"Demon Form","floor":16},{"not_picked":["Hemokinesis","Sword Boomerang"],"picked":"True Grit","floor":18},{"not_picked":["Thunderclap","Armaments"],"picked":"True Grit+1","floor":21},{"not_picked":["Infernal Blade","Warcry","Intimidate"],"picked":"SKIP","floor":22}],"player_experience":398997,"relics_obtained":[{"floor":6,"key":"Shovel"},{"floor":8,"key":"Lantern"},{"floor":14,"key":"Shuriken"},{"floor":19,"key":"Whetstone"}],"event_choices":[{"damage_healed":0,"gold_gain":0,"player_choice":"Ignored","damage_taken":0,"max_hp_gain":0,"max_hp_loss":0,"event_name":"Shining Light","floor":2,"gold_loss":0},{"damage_healed":0,"gold_gain":0,"player_choice":"Grow","damage_taken":0,"max_hp_gain":0,"max_hp_loss":0,"event_name":"Living Wall","floor":10,"gold_loss":0,"cards_upgraded":["True Grit"]},{"damage_healed":0,"gold_gain":0,"player_choice":"Success","damage_taken":18,"relics_obtained":["Blood Vial"],"max_hp_gain":0,"max_hp_loss":0,"event_name":"Scrap Ooze","floor":11,"gold_loss":0},{"damage_healed":66,"gold_gain":0,"player_choice":"Full Heal","damage_taken":0,"max_hp_gain":0,"max_hp_loss":0,"event_name":"Wheel of Change","floor":12,"gold_loss":0}],"is_beta":false,"boss_relics":[{"not_picked":["Mark of Pain","Black Blood"],"picked":"Black Star"}],"items_purged_floors":[3,20],"is_endless":false,"potions_floor_spawned":[4,6,16,18],"killed_by":"Book of Stabbing","ascension_level":2}