{"gold_per_floor":[113,129,139,139,158,158,183,183,207,268,285,296,296,323,323,323],"floor_reached":16,"playtime":1291,"items_purged":[],"score":171,"play_id":"b8054ae5-fa2c-4fa6-a907-c1ab4dc6e1c4","local_time":"20190422233219","is_ascension_mode":true,"campfire_choices":[{"data":"Deadly Poison","floor":6,"key":"SMITH"},{"data":"Envenom","floor":8,"key":"SMITH"},{"data":"Burst","floor":13,"key":"SMITH"},{"floor":15,"key":"REST"}],"neow_cost":"NONE","seed_source_timestamp":542030189165585,"circlet_count":0,"master_deck":["Defend_G","Defend_G","Defend_G","Defend_G","Defend_G","Strike_G","Strike_G+1","Strike_G","Strike_G+1","Survivor","Neutralize+1","Backflip","Backflip","Deadly Poison+1","Blade Dance","Envenom+1","Burst+1","Riddle With Holes","Bane","Deflect"],"relics":["Ring of the Snake","Blood Vial","Whetstone","Tiny Chest","Frozen Egg 2"],"potions_floor_usage":[7,7,14],"damage_taken":[{"damage":0,"enemies":"2 Louse","floor":1,"turns":3},{"damage":0,"enemies":"Cultist","floor":2,"turns":4},{"damage":0,"enemies":"Jaw Worm","floor":3,"turns":5},{"damage":7,"enemies":"3 Louse","floor":5,"turns":5},{"damage":7,"enemies":"Lagavulin","floor":7,"turns":7},{"damage":17,"enemies":"3 Sentries","floor":10,"turns":11},{"damage":1,"enemies":"Blue Slaver","floor":11,"turns":4},{"damage":2,"enemies":"2 Fungi Beasts","floor":12,"turns":5},{"damage":30,"enemies":"Gremlin Nob","floor":14,"turns":4},{"damage":38,"enemies":"Slime Boss","floor":16,"turns":3}],"seed_played":"7351787805156334122","potions_obtained":[{"floor":2,"key":"GamblersBrew"},{"floor":3,"key":"EssenceOfSteel"},{"floor":7,"key":"LiquidBronze"},{"floor":11,"key":"SkillPotion"}],"is_trial":false,"path_per_floor":["?","M"],"character_chosen":"THE_SILENT","items_purchased":[],"campfire_rested":1,"item_purchase_floors":[],"current_hp_per_floor":[63,63,63,63,56,56,49,49,49,34,35,35,35,7,28,0],"gold":323,"neow_bonus":"UPGRADE_CARD","is_prod":false,"is_daily":false,"chose_seed":false,"campfire_upgraded":3,"win_rate":0,"timestamp":1555950739,"path_taken":["M","M","M","?","M","R","E","R","T","E","M","?","R","E","R","BOSS"],"build_version":"2019-01-23","purchased_purges":0,"victory":false,"max_hp_per_floor":[70,70,70,70,70,70,70,70,70,70,70,70,70,70,70,70],"card_choices":[{"not_picked":["Outmaneuver","Slice"],"picked":"Backflip","floor":1},{"not_picked":["Calculated Gamble","Deadly Poison"],"picked":"Backflip","floor":2},{"not_picked":["Reflex","Distraction"],"picked":"Deadly Poison","floor":3},{"not_picked":["Quick Slash","Prepared"],"picked":"Blade Dance","floor":5},{"not_picked":["Tactician","Bane"],"picked":"Envenom","floor":7},{"not_picked":["Sucker Punch","Dagger Throw"],"picked":"Burst","floor":10},{"not_picked":["Poisoned Stab","Dagger Throw"],"picked":"Riddle With Holes","floor":11},{"not_picked":["Slice","Blade Dance"],"picked":"Bane","floor":12},{"not_picked":["Slice","Calculated Gamble"],"picked":"Deflect","floor":14}],"player_experience":278724,"relics_obtained":[{"floor":7,"key":"Blood Vial"},{"floor":9,"key":"Whetstone"},{"floor":10,"key":"Tiny Chest"},{"floor":14,"key":"Frozen Egg 2"}],"event_choices":[{"cards_removed":["Strike_G"],"damage_healed":0,"gold_gain":0,"player_choice":"Offered Basic","damage_taken":0,"max_hp_gain":0,"max_hp_loss":0,"event_name":"Bonfire Elementals","floor":4,"gold_loss":0}],"is_beta":false,"boss_relics":[],"items_purged_floors":[],"is_endless":false,"potions_floor_spawned":[2,3,7,11],"killed_by":"Slime Boss","ascension_level":8}