{"gold_per_floor":[99,52,52,52,52,52,52,52,52,52,52,52,52,52,52,52,52,52,52,52,52,52,52,52,52],"floor_reached":25,"playtime":1012,"items_purged":[],"score":269,"play_id":"55cfdb0b-fa92-4571-ba9d-bec1cdfad2c2","local_time":"20190215234359","is_ascension_mode":true,"campfire_choices":[{"floor":7,"key":"REST"},{"floor":13,"key":"REST"},{"floor":15,"key":"REST"},{"floor":23,"key":"REST"}],"neow_cost":"NONE","seed_source_timestamp":2757188597508100,"circlet_count":0,"master_deck":["Strike_B","Strike_B","Strike_B","Defend_B","Defend_B","Defend_B","Defend_B","Zap","Dualcast","Sweeping Beam","Ball Lightning","Sunder","Auto Shields","Coolheaded","Loop","Ball Lightning","Electrodynamics","Creative AI","Beam Cell","Leap","FTL+1","Conserve Battery","Compile Driver"],"relics":["Ectoplasm","Potion Belt","Gremlin Horn","PreservedInsect","Fusion Hammer"],"potions_floor_usage":[16,16,20,24,25],"damage_taken":[{"damage":2,"enemies":"Jaw Worm","floor":1,"turns":4},{"damage":0,"enemies":"Small Slimes","floor":5,"turns":2},{"damage":31,"enemies":"Lagavulin","floor":6,"turns":6},{"damage":0,"enemies":"Cultist","floor":10,"turns":2},{"damage":3,"enemies":"Blue Slaver","floor":11,"turns":3},{"damage":12,"enemies":"Exordium Thugs","floor":12,"turns":5},{"damage":0,"enemies":"Gremlin Gang","floor":14,"turns":2},{"damage":20,"enemies":"Hexaghost","floor":16,"turns":9},{"damage":23,"enemies":"3 Byrds","floor":18,"turns":3},{"damage":1,"enemies":"Spheric Guardian","floor":20,"turns":4},{"damage":6,"enemies":"Snecko","floor":21,"turns":4},{"damage":28,"enemies":"Centurion and Healer","floor":22,"turns":5},{"damage":0,"enemies":"Sentry and Sphere","floor":24,"turns":3},{"damage":30,"enemies":"Snake Plant","floor":25,"turns":2}],"seed_played":"3070014170190472135","potions_obtained":[{"floor":12,"key":"Weak Potion"},{"floor":14,"key":"SteroidPotion"},{"floor":16,"key":"Strength Potion"},{"floor":18,"key":"Block Potion"},{"floor":24,"key":"LiquidBronze"}],"is_trial":false,"path_per_floor":["M","$","?","?","M","E","R","?","T","M","M","M","R","M","R","B",null,"M","?","M","M","M","R","M","M"],"character_chosen":"DEFECT","items_purchased":["Ball Lightning"],"campfire_rested":4,"item_purchase_floors":[2],"current_hp_per_floor":[66,66,41,34,34,3,25,25,25,25,22,10,32,32,54,34,65,42,42,41,35,7,29,29,0],"gold":52,"neow_bonus":"BOSS_RELIC","is_prod":false,"is_daily":false,"chose_seed":false,"campfire_upgraded":0,"win_rate":0,"timestamp":1550299439,"path_taken":["M","$","?","?","M","E","R","?","T","?","M","M","R","M","R","BOSS","M","?","M","M","M","R","?","M"],"build_version":"2019-02-06","purchased_purges":0,"victory":false,"max_hp_per_floor":[75,75,75,75,75,75,75,75,75,75,75,75,75,75,75,75,75,75,75,75,75,75,75,75,75],"card_choices":[{"not_picked":["Doom and Gloom","Fusion"],"picked":"Sweeping Beam","floor":1},{"not_picked":["Coolheaded","Rebound"],"picked":"Sunder","floor":5},{"not_picked":["Fusion","Storm"],"picked":"Auto Shields","floor":6},{"not_picked":["Gash","Go for the Eyes"],"picked":"Coolheaded","floor":10},{"not_picked":["Undo","Double Energy"],"picked":"Loop","floor":11},{"not_picked":["Gash","Leap"],"picked":"Ball Lightning","floor":12},{"not_picked":["Chaos","Scrape"],"picked":"Electrodynamics","floor":14},{"not_picked":["Biased Cognition","Amplify"],"picked":"Creative AI","floor":16},{"not_picked":["Rebound","Redo"],"picked":"Beam Cell","floor":18},{"not_picked":["Redo","Melter"],"picked":"Leap","floor":20},{"not_picked":["Conserve Battery+1","Gash"],"picked":"FTL+1","floor":21},{"not_picked":["Redo","Stack"],"picked":"Conserve Battery","floor":22},{"not_picked":["Skim","Rebound"],"picked":"Compile Driver","floor":24}],"player_experience":532394,"relics_obtained":[{"floor":6,"key":"Gremlin Horn"},{"floor":9,"key":"PreservedInsect"}],"event_choices":[{"damage_healed":0,"gold_gain":0,"player_choice":"Success","damage_taken":25,"relics_obtained":["Potion Belt"],"max_hp_gain":0,"max_hp_loss":0,"event_name":"Scrap Ooze","floor":3,"gold_loss":0},{"cards_removed":["Strike_B"],"damage_healed":0,"gold_gain":0,"player_choice":"Card Removal","damage_taken":7,"max_hp_gain":0,"max_hp_loss":0,"event_name":"Golden Wing","floor":4,"gold_loss":0},{"damage_healed":0,"gold_gain":100,"player_choice":"Pray","damage_taken":0,"max_hp_gain":0,"max_hp_loss":0,"event_name":"Golden Shrine","floor":8,"gold_loss":0},{"damage_healed":0,"gold_gain":0,"player_choice":"Ignored","damage_taken":0,"max_hp_gain":0,"max_hp_loss":0,"event_name":"Golden Shrine","floor":19,"gold_loss":0}],"is_beta":true,"boss_relics":[{"not_picked":["Calling Bell","Empty Cage"],"picked":"Fusion Hammer"}],"items_purged_floors":[],"is_endless":false,"potions_floor_spawned":[12,14,16,18,24],"killed_by":"Snake Plant","ascension_level":6}