{"gold_per_floor":[118,134,134,153,153,153,196,196,196,196,240,268,280],"floor_reached":13,"playtime":635,"items_purged":[],"score":126,"play_id":"813fa770-cf46-427e-ac29-911969588c2d","local_time":"20180902193154","is_ascension_mode":true,"campfire_choices":[{"data":"Cleave","floor":6,"key":"SMITH"},{"data":"Shrug It Off","floor":10,"key":"SMITH"}],"neow_cost":"NONE","seed_source_timestamp":554478781447829,"circlet_count":0,"master_deck":["Strike_R","Strike_R","Strike_R","Strike_R","Strike_R","Defend_R","Defend_R","Defend_R","Defend_R","Bash+1","Cleave+1","Rampage","Shrug It Off+1","Demon Form","Anger"],"relics":["Burning Blood","Golden Idol","Dodecahedron","Mummified Hand","MawBank"],"potions_floor_usage":[11,12],"damage_taken":[{"damage":1,"enemies":"2 Louse","floor":1,"turns":5},{"damage":7,"enemies":"Jaw Worm","floor":2,"turns":3},{"damage":1,"enemies":"Cultist","floor":4,"turns":4},{"damage":27,"enemies":"3 Sentries","floor":7,"turns":7},{"damage":35,"enemies":"Lagavulin","floor":11,"turns":6},{"damage":23,"enemies":"Exordium Wildlife","floor":12,"turns":5},{"damage":13,"enemies":"Gremlin Nob","floor":13,"turns":2}],"seed_played":"-5513286093884704274","potions_obtained":[{"floor":1,"key":"Poison Potion"},{"floor":11,"key":"Energy Potion"}],"is_trial":false,"path_per_floor":["M","M","?","M","?","R","E","$","T","R","E","M"],"character_chosen":"IRONCLAD","items_purchased":[],"campfire_rested":0,"item_purchase_floors":[],"current_hp_per_floor":[77,76,76,80,80,80,59,59,59,59,30,13,0],"gold":280,"neow_bonus":"UPGRADE_CARD","is_prod":false,"is_daily":false,"chose_seed":false,"campfire_upgraded":2,"win_rate":0,"timestamp":1535909514,"path_taken":["M","M","?","M","?","R","E","?","T","R","E","M","E"],"build_version":"2018-08-30","purchased_purges":0,"victory":false,"max_hp_per_floor":[80,80,80,80,80,80,80,80,80,80,80,80,80],"card_choices":[{"not_picked":["Bloodletting","Armaments"],"picked":"Cleave","floor":1},{"not_picked":["Anger","Havoc"],"picked":"Rampage","floor":2},{"not_picked":["Armaments","Flex"],"picked":"Shrug It Off","floor":4},{"not_picked":["Fire Breathing","Second Wind","Headbutt"],"picked":"SKIP","floor":7},{"not_picked":["Power Through","Hemokinesis"],"picked":"Demon Form","floor":11},{"not_picked":["Feel No Pain","Perfected Strike"],"picked":"Anger","floor":12}],"player_experience":301648,"relics_obtained":[{"floor":7,"key":"Dodecahedron"},{"floor":9,"key":"Mummified Hand"},{"floor":11,"key":"MawBank"}],"event_choices":[{"event_name":"Golden Idol","player_choice":"Take Wound","floor":3,"damage_taken":0},{"event_name":"Living Wall","player_choice":"Forget","floor":5,"damage_taken":0}],"is_beta":false,"boss_relics":[],"items_purged_floors":[],"is_endless":false,"potions_floor_spawned":[1,11],"killed_by":"Gremlin Nob","ascension_level":7}