{"gold_per_floor":[118,118,138,158,158,158,184,203,276,286,26,58,58,73,73,178,178,198,198,69,87,14,14,72,88,169,169,94,94,106,106],"floor_reached":31,"playtime":1444,"items_purged":["Strike_G"],"score":358,"play_id":"952ae9fc-fc66-4c4f-94c2-4a992159411d","local_time":"20190412022045","is_ascension_mode":true,"campfire_choices":[{"data":"Neutralize","floor":6,"key":"SMITH"},{"floor":13,"key":"REST"},{"data":"Dagger Spray","floor":15,"key":"SMITH"},{"data":"Cloak And Dagger","floor":23,"key":"SMITH"},{"floor":27,"key":"REST"}],"neow_cost":"NONE","seed_source_timestamp":38896282994892,"circlet_count":0,"master_deck":["Defend_G","Defend_G","Defend_G","Defend_G","Defend_G","Strike_G","Strike_G","Strike_G","Strike_G","Survivor","Neutralize+1","Cloak And Dagger+1","Cloak And Dagger","Dagger Throw","Dagger Spray+1","Flechettes","Flying Knee","Noxious Fumes+1","Acrobatics","Predator","Tools of the Trade+1","Backflip","Infinite Blades+1","Blade Dance+1","Accuracy+1","Acrobatics+1","PiercingWail+1","Footwork+1","Calculated Gamble"],"relics":["Ring of the Snake","Peace Pipe","Art of War","Frozen Egg 2","Ancient Tea Set","Bottled Lightning","Busted Crown","Tiny Chest","Dodecahedron"],"potions_floor_usage":[7,16,24,25],"damage_taken":[{"damage":0,"enemies":"Small Slimes","floor":1,"turns":4},{"damage":0,"enemies":"Cultist","floor":3,"turns":4},{"damage":0,"enemies":"2 Louse","floor":4,"turns":3},{"damage":33,"enemies":"Lagavulin","floor":7,"turns":9},{"damage":3,"enemies":"Red Slaver","floor":8,"turns":3},{"damage":7,"enemies":"Lots of Slimes","floor":10,"turns":5},{"damage":23,"enemies":"3 Sentries","floor":12,"turns":7},{"damage":0,"enemies":"Blue Slaver","floor":14,"turns":3},{"damage":16,"enemies":"Slime Boss","floor":16,"turns":10},{"damage":0,"enemies":"3 Byrds","floor":18,"turns":4},{"damage":0,"enemies":"Chosen","floor":21,"turns":5},{"damage":37,"enemies":"Slavers","floor":24,"turns":5},{"damage":20,"enemies":"Snake Plant","floor":25,"turns":5},{"damage":21,"enemies":"Centurion and Healer","floor":30,"turns":6},{"damage":20,"enemies":"Shelled Parasite and Fungi","floor":31,"turns":3}],"seed_played":"8717980895871922764","potions_obtained":[{"floor":1,"key":"EssenceOfSteel"},{"floor":4,"key":"SpeedPotion"},{"floor":8,"key":"FearPotion"},{"floor":16,"key":"Poison Potion"},{"floor":21,"key":"Strength Potion"},{"floor":30,"key":"AttackPotion"}],"is_trial":false,"path_per_floor":["M","?","M","M","?","R","E","M","T","M","$","E","R","M","R","B",null,"M","?","$","M","$","R","E","M","T","R","$","?","M","M"],"character_chosen":"THE_SILENT","items_purchased":["Noxious Fumes+1","Ancient Tea Set","Backflip","Infinite Blades+1","Accuracy+1","Footwork+1"],"campfire_rested":2,"item_purchase_floors":[11,11,20,20,22,28],"current_hp_per_floor":[70,77,77,77,77,77,44,41,41,34,34,11,34,34,34,18,62,62,62,62,62,62,62,25,5,5,28,28,28,7,0],"gold":106,"neow_bonus":"TEN_PERCENT_HP_BONUS","is_prod":false,"is_daily":false,"chose_seed":false,"campfire_upgraded":3,"win_rate":0,"timestamp":1555046445,"path_taken":["M","?","?","M","?","R","E","?","T","?","$","E","R","M","R","BOSS","M","?","$","M","$","R","E","M","T","R","$","?","M","M"],"build_version":"2019-01-23","purchased_purges":1,"victory":false,"max_hp_per_floor":[77,77,77,77,77,77,77,77,77,77,77,77,77,77,77,77,77,77,77,77,77,77,77,77,77,77,77,77,77,77,77],"card_choices":[{"not_picked":["Eviscerate","Deadly Poison"],"picked":"Cloak And Dagger","floor":1},{"not_picked":["Infinite Blades","Bane"],"picked":"Cloak And Dagger","floor":3},{"not_picked":["Deadly Poison","Prepared"],"picked":"Dagger Throw","floor":4},{"not_picked":["Outmaneuver","Accuracy"],"picked":"Dagger Spray","floor":7},{"not_picked":["Reflex","Prepared"],"picked":"Flechettes","floor":8},{"not_picked":["Flechettes","Dagger Throw"],"picked":"Flying Knee","floor":10},{"not_picked":["Dagger Throw","Underhanded Strike"],"picked":"Acrobatics","floor":12},{"not_picked":["Blur","Night Terror"],"picked":"Predator","floor":14},{"not_picked":["Envenom+1","Malaise"],"picked":"Tools of the Trade+1","floor":16},{"not_picked":["Sucker Punch"],"picked":"SKIP","floor":18},{"not_picked":[],"picked":"Blade Dance+1","floor":21},{"not_picked":[],"picked":"Acrobatics+1","floor":24},{"not_picked":[],"picked":"PiercingWail+1","floor":25},{"not_picked":[],"picked":"Calculated Gamble","floor":30}],"player_experience":616249,"relics_obtained":[{"floor":7,"key":"Art of War"},{"floor":9,"key":"Frozen Egg 2"},{"floor":12,"key":"Bottled Lightning"},{"floor":24,"key":"Tiny Chest"},{"floor":26,"key":"Dodecahedron"}],"event_choices":[{"damage_healed":7,"gold_gain":0,"player_choice":"Full Heal","damage_taken":0,"max_hp_gain":0,"max_hp_loss":0,"event_name":"Wheel of Change","floor":2,"gold_loss":0},{"damage_healed":0,"gold_gain":0,"player_choice":"Gave Potion","damage_taken":0,"relics_obtained":["Peace Pipe"],"max_hp_gain":0,"max_hp_loss":0,"event_name":"WeMeetAgain","floor":5,"gold_loss":0},{"damage_healed":0,"gold_gain":0,"player_choice":"Ignored","damage_taken":0,"max_hp_gain":0,"max_hp_loss":0,"event_name":"Vampires","floor":19,"gold_loss":0},{"damage_healed":0,"gold_gain":0,"player_choice":"Ignored","damage_taken":0,"max_hp_gain":0,"max_hp_loss":0,"event_name":"The Mausoleum","floor":29,"gold_loss":0}],"is_beta":false,"boss_relics":[{"not_picked":["Velvet Choker","Astrolabe"],"picked":"Busted Crown"}],"items_purged_floors":[11],"is_endless":false,"potions_floor_spawned":[1,4,8,16,21,30],"killed_by":"Shelled Parasite and Fungi","ascension_level":7}