{"gold_per_floor":[116,128,56,131,131,131,146,161,187,187,220,15,44,54,54,156,156,144,144,144,155,27,37,64,64,64,64,64,77,77,93,93,93],"floor_reached":33,"playtime":2949,"items_purged":["Strike_R"],"score":300,"play_id":"6041cca0-cb3f-4125-bc1f-6eaaf773b773","local_time":"20190323202151","is_ascension_mode":false,"campfire_choices":[{"data":"Bash","floor":6,"key":"SMITH"},{"data":"Flame Barrier","floor":10,"key":"SMITH"},{"data":"Flame Barrier","floor":15,"key":"SMITH"},{"data":"Ghostly","floor":25,"key":"SMITH"},{"data":"Ghostly","floor":27,"key":"SMITH"},{"data":"Shockwave","floor":30,"key":"SMITH"},{"data":"Ghostly","floor":32,"key":"SMITH"}],"neow_cost":"NONE","seed_source_timestamp":8086777579600,"circlet_count":0,"master_deck":["Strike_R","Strike_R","Strike_R","Strike_R","Defend_R","Defend_R","Defend_R","Defend_R","Bash+1","Flame Barrier+1","Anger","Shrug It Off","Anger","Clothesline","Battle Trance","Iron Wave","Shrug It Off","Offering","Burning Pact","Flame Barrier+1","Offering","Flex","RitualDagger","Ghostly+1","Ghostly+1","Ghostly","Ghostly","Ghostly+1","Headbutt","Evolve+1","Ghostly Armor","Shockwave+1","Ghostly Armor+1"],"relics":["Burning Blood","NeowsBlessing","Orichalcum","Pen Nib","Strawberry","Gremlin Horn","Eternal Feather","Centennial Puzzle","Frozen Egg 2"],"potions_floor_usage":[13,13,16,18,24,24],"damage_taken":[{"damage":0,"enemies":"2 Louse","floor":1,"turns":1},{"damage":0,"enemies":"Jaw Worm","floor":2,"turns":1},{"damage":0,"enemies":"Cultist","floor":7,"turns":1},{"damage":3,"enemies":"2 Fungi Beasts","floor":8,"turns":4},{"damage":5,"enemies":"Lagavulin","floor":11,"turns":5},{"damage":9,"enemies":"3 Sentries","floor":13,"turns":10},{"damage":3,"enemies":"Exordium Thugs","floor":14,"turns":4},{"damage":36,"enemies":"Hexaghost","floor":16,"turns":10},{"damage":20,"enemies":"2 Thieves","floor":18,"turns":4},{"damage":6,"enemies":"Chosen","floor":21,"turns":6},{"damage":12,"enemies":"Centurion and Healer","floor":23,"turns":10},{"damage":27,"enemies":"Slavers","floor":24,"turns":8},{"damage":6,"enemies":"Snake Plant","floor":29,"turns":5},{"damage":2,"enemies":"Shelled Parasite and Fungi","floor":31,"turns":6},{"damage":51,"enemies":"Champ","floor":33,"turns":15}],"seed_played":"-1662647954302579955","potions_obtained":[{"floor":7,"key":"Regen Potion"},{"floor":8,"key":"BloodPotion"},{"floor":14,"key":"Block Potion"},{"floor":16,"key":"Block Potion"},{"floor":18,"key":"EssenceOfSteel"},{"floor":23,"key":"Swift Potion"},{"floor":31,"key":"Energy Potion"}],"is_trial":false,"path_per_floor":["M","M","$","?","?","R","M","M","T","R","E","$","E","M","R","B",null,"M","?","?","M","$","M","E","R","T","R","$","M","R","M","R","B"],"character_chosen":"IRONCLAD","items_purchased":["Shrug It Off","Anger","Shrug It Off","Offering","Headbutt"],"campfire_rested":0,"item_purchase_floors":[3,3,12,12,22],"current_hp_per_floor":[80,80,80,69,57,57,63,66,66,66,74,74,87,87,87,57,87,73,67,43,43,43,37,16,34,34,43,43,43,43,43,43,0],"gold":93,"neow_bonus":"THREE_ENEMY_KILL","is_prod":false,"is_daily":false,"chose_seed":false,"campfire_upgraded":7,"win_rate":0,"timestamp":1553383311,"path_taken":["M","M","$","?","?","R","M","M","T","R","E","$","E","M","R","BOSS","M","?","?","M","$","M","E","R","T","R","$","M","R","M","R","BOSS"],"build_version":"2019-01-23","purchased_purges":1,"victory":false,"max_hp_per_floor":[80,80,80,80,80,80,80,80,80,80,87,87,87,87,87,87,87,87,87,43,43,43,43,43,43,43,43,43,43,43,43,43,43],"card_choices":[{"not_picked":["Pommel Strike","Iron Wave"],"picked":"Flame Barrier","floor":1},{"not_picked":["Second Wind","Iron Wave"],"picked":"Anger","floor":2},{"not_picked":["Body Slam","Twin Strike"],"picked":"Clothesline","floor":7},{"not_picked":["Hemokinesis","Burning Pact"],"picked":"Battle Trance","floor":8},{"not_picked":["Pommel Strike","Clash"],"picked":"Iron Wave","floor":11},{"not_picked":["Barricade","Anger"],"picked":"Burning Pact","floor":13},{"not_picked":["Perfected Strike","Anger"],"picked":"Flame Barrier","floor":14},{"not_picked":["Impervious","Fiend Fire"],"picked":"Offering","floor":16},{"not_picked":["Seeing Red","Combust"],"picked":"Flex","floor":18},{"not_picked":["Heavy Blade+1","True Grit","Wild Strike+1"],"picked":"SKIP","floor":21},{"not_picked":["Iron Wave","Battle Trance"],"picked":"Evolve+1","floor":23},{"not_picked":["Bloodletting+1","Limit Break"],"picked":"Ghostly Armor","floor":24},{"not_picked":["Body Slam","Pommel Strike"],"picked":"Shockwave","floor":29},{"not_picked":["Searing Blow","Perfected Strike"],"picked":"Ghostly Armor+1","floor":31}],"player_experience":356818,"relics_obtained":[{"floor":9,"key":"Pen Nib"},{"floor":11,"key":"Strawberry"},{"floor":13,"key":"Gremlin Horn"},{"floor":24,"key":"Centennial Puzzle"},{"floor":26,"key":"Frozen Egg 2"}],"event_choices":[{"damage_healed":0,"gold_gain":75,"player_choice":"Gather Gold","damage_taken":11,"max_hp_gain":0,"max_hp_loss":0,"event_name":"World of Goop","floor":4,"gold_loss":0},{"damage_healed":0,"gold_gain":0,"player_choice":"Success","damage_taken":12,"relics_obtained":["Orichalcum"],"max_hp_gain":0,"max_hp_loss":0,"event_name":"Scrap Ooze","floor":5,"gold_loss":0},{"damage_healed":0,"gold_gain":0,"player_choice":"Joined the Cult","damage_taken":6,"max_hp_gain":0,"max_hp_loss":0,"event_name":"Nest","floor":19,"gold_loss":0,"cards_obtained":["RitualDagger"]},{"damage_healed":0,"gold_gain":0,"player_choice":"Became a Ghost","damage_taken":0,"max_hp_gain":0,"max_hp_loss":44,"event_name":"Ghosts","floor":20,"gold_loss":0,"cards_obtained":["Ghostly","Ghostly","Ghostly","Ghostly","Ghostly"]}],"is_beta":false,"boss_relics":[{"not_picked":["Snecko Eye","Black Star"],"picked":"Eternal Feather"}],"items_purged_floors":[22],"is_endless":false,"potions_floor_spawned":[7,8,14,16,18,23,31],"killed_by":"Champ","ascension_level":0}