{"gold_per_floor":[360,376,392,221,221,97,128,128,128,128,146,175,175,27,27,27],"floor_reached":16,"playtime":876,"items_purged":["Regret","Pain"],"score":214,"play_id":"2e56e5aa-4a0b-4cf4-9300-f8b6e96bb584","local_time":"20190404164825","is_ascension_mode":true,"campfire_choices":[{"data":"Apotheosis","floor":8,"key":"SMITH"},{"data":"Bash","floor":10,"key":"SMITH"},{"floor":15,"key":"REST"}],"neow_cost":"CURSE","seed_source_timestamp":4055104160216,"circlet_count":0,"master_deck":["AscendersBane","Strike_R","Strike_R","Strike_R","Strike_R","Strike_R","Defend_R","Defend_R","Defend_R","Defend_R","Bash+1","Iron Wave","Iron Wave","Apotheosis+1","Iron Wave","Pommel Strike","Seeing Red+1","Shrug It Off+1"],"relics":["Burning Blood","Pear","Mango","Toxic Egg 2","Blood Vial"],"potions_floor_usage":[12,12],"damage_taken":[{"damage":8,"enemies":"Small Slimes","floor":1,"turns":4},{"damage":4,"enemies":"2 Louse","floor":2,"turns":4},{"damage":14,"enemies":"Jaw Worm","floor":3,"turns":5},{"damage":43,"enemies":"Lagavulin","floor":7,"turns":9},{"damage":36,"enemies":"Exordium Thugs","floor":11,"turns":6},{"damage":18,"enemies":"Gremlin Nob","floor":12,"turns":4},{"damage":49,"enemies":"The Guardian","floor":16,"turns":13}],"seed_played":"-1598353159238942311","potions_obtained":[{"floor":1,"key":"FearPotion"},{"floor":7,"key":"BloodPotion"}],"is_trial":false,"path_per_floor":["M","M","M","$","?","$","E","R","T","R","M","E","?","$","R","B"],"character_chosen":"IRONCLAD","items_purchased":["Apotheosis","Iron Wave","Shrug It Off+1"],"campfire_rested":1,"item_purchase_floors":[4,6,14],"current_hp_per_floor":[66,68,60,60,70,70,47,47,47,47,17,14,14,14,43,0],"gold":27,"neow_bonus":"TWO_FIFTY_GOLD","is_prod":false,"is_daily":false,"chose_seed":false,"campfire_upgraded":2,"win_rate":0,"timestamp":1554407305,"path_taken":["M","M","M","$","?","$","E","R","T","R","M","E","?","?","R","BOSS"],"build_version":"2019-01-23","purchased_purges":2,"victory":false,"max_hp_per_floor":[75,75,75,75,85,85,99,99,99,99,99,99,99,99,99,99],"card_choices":[{"not_picked":["Havoc","Spot Weakness"],"picked":"Iron Wave","floor":1},{"not_picked":["Rupture","Blood for Blood","Rage"],"picked":"SKIP","floor":2},{"not_picked":["Inflame","Blood for Blood"],"picked":"Iron Wave","floor":3},{"not_picked":["Fiend Fire","Flex","Dual Wield"],"picked":"SKIP","floor":7},{"not_picked":["Clash","Fire Breathing"],"picked":"Pommel Strike","floor":11},{"not_picked":["Cleave","Carnage"],"picked":"Seeing Red+1","floor":12}],"player_experience":511965,"relics_obtained":[{"floor":7,"key":"Mango"},{"floor":9,"key":"Toxic Egg 2"},{"floor":12,"key":"Blood Vial"}],"event_choices":[{"damage_healed":0,"gold_gain":0,"player_choice":"Box","damage_taken":0,"relics_obtained":["Pear"],"max_hp_gain":0,"max_hp_loss":0,"event_name":"Big Fish","floor":5,"gold_loss":0,"cards_obtained":["Regret"]},{"damage_healed":0,"gold_gain":0,"player_choice":"Ignored","damage_taken":0,"max_hp_gain":0,"max_hp_loss":0,"event_name":"Liars Game","floor":13,"gold_loss":0}],"is_beta":false,"boss_relics":[],"items_purged_floors":[6,14],"is_endless":false,"potions_floor_spawned":[1,7,11],"killed_by":"The Guardian","ascension_level":15}