{"path_per_floor":["M","?","M","M","$","?","$","?","T","M","M","M","E","M","R","B",null,"M","?","?","M","M"],"character_chosen":"THE_SILENT","items_purchased":["Sucker Punch"],"gold_per_floor":[99,99,99,99,75,75,75,75,75,75,75,75,75,75,75,75,75,30,30,30,30,30,30],"floor_reached":23,"campfire_rested":0,"playtime":1615,"item_purchase_floors":[5],"current_hp_per_floor":[70,63,57,57,57,54,54,54,54,52,52,52,39,35,35,18,70,61,27,27,16,6,0],"items_purged":[],"gold":30,"score":195,"play_id":"77930a25-e9a2-4388-ac43-4a1b1e771725","local_time":"20180601183212","is_prod":false,"is_daily":false,"chose_seed":false,"is_ascension_mode":false,"campfire_upgraded":1,"win_rate":0,"timestamp":1527903132,"campfire_choices":[{"data":"Infinite Blades","floor":15,"key":"SMITH"}],"path_taken":["M","?","M","M","$","?","?","?","T","M","M","M","E","M","R","BOSS","M","?","?","M","M","E"],"build_version":"2018-05-31","seed_source_timestamp":121119949084123,"purchased_purges":0,"victory":false,"master_deck":["Defend_G","Defend_G","Defend_G","Defend_G","Strike_G","Strike_G","Strike_G","Strike_G","Strike_G","Survivor","Neutralize","Underhanded Strike","Calculated Gamble+1","Dash","Sucker Punch","Cloak And Dagger","Sucker Punch","Underhanded Strike","Infinite Blades+1","Cloak And Dagger","Burst","Crippling Poison","Crippling Poison","Deflect","Quick Slash"],"max_hp_per_floor":[70,70,70,70,70,70,70,70,70,70,70,70,70,70,70,70,70,70,70,70,70,70,70],"relics":["Ectoplasm","Pen Nib","Ancient Tea Set","Dream Catcher","Eternal Feather","Red Mask","Omamori"],"card_choices":[{"not_picked":["Setup","PiercingWail"],"picked":"Underhanded Strike","floor":1},{"not_picked":["Bane","Slice"],"picked":"Calculated Gamble","floor":3},{"not_picked":["Dodge and Roll","Deflect"],"picked":"Dash","floor":4},{"not_picked":["Sucker Punch","Skewer"],"picked":"Cloak And Dagger","floor":10},{"not_picked":["Poisoned Stab","Cloak And Dagger"],"picked":"Sucker Punch","floor":11},{"not_picked":["Wraith Form v2","Bane"],"picked":"Underhanded Strike","floor":12},{"not_picked":["Escape Plan","Poisoned Stab"],"picked":"Infinite Blades","floor":13},{"not_picked":["Poisoned Stab","Slice"],"picked":"Cloak And Dagger","floor":14},{"not_picked":["Doppelganger","Glass Knife"],"picked":"Burst","floor":16},{"not_picked":["Slice","Dagger Throw"],"picked":"Crippling Poison","floor":18},{"not_picked":["PiercingWail","Dagger Spray"],"picked":"Crippling Poison","floor":19},{"not_picked":["Setup","Grand Finale"],"picked":"Deflect","floor":21},{"not_picked":["Prepared","PiercingWail"],"picked":"Quick Slash","floor":22}],"player_experience":443955,"potions_floor_usage":[10,12,14,18],"damage_taken":[{"damage":0,"enemies":"Small Slimes","floor":1,"turns":4},{"damage":6,"enemies":"Jaw Worm","floor":3,"turns":3},{"damage":0,"enemies":"2 Louse","floor":4,"turns":2},{"damage":2,"enemies":"Blue Slaver","floor":10,"turns":3},{"damage":0,"enemies":"Large Slime","floor":11,"turns":5},{"damage":0,"enemies":"2 Fungi Beasts","floor":12,"turns":2},{"damage":13,"enemies":"Gremlin Nob","floor":13,"turns":5},{"damage":4,"enemies":"Blue Slaver","floor":14,"turns":2},{"damage":17,"enemies":"Slime Boss","floor":16,"turns":13},{"damage":9,"enemies":"2 Thieves","floor":18,"turns":4},{"damage":34,"enemies":"Masked Bandits","floor":19,"turns":6},{"damage":11,"enemies":"Shell Parasite","floor":21,"turns":6},{"damage":10,"enemies":"Snecko","floor":22,"turns":5},{"damage":17,"enemies":"Book of Stabbing","floor":23,"turns":3}],"relics_obtained":[{"floor":9,"key":"Ancient Tea Set"},{"floor":13,"key":"Dream Catcher"},{"floor":19,"key":"Red Mask"}],"event_choices":[{"event_name":"Golden Wing","player_choice":"Card Removal","floor":2,"damage_taken":0},{"event_name":"Scrap Ooze","player_choice":"success","floor":6,"damage_taken":3},{"event_name":"Upgrade Shrine","player_choice":"Upgraded","floor":8,"damage_taken":0},{"event_name":"Masked Bandits","player_choice":"Fought over 30 gold","floor":19,"damage_taken":0},{"event_name":"The Mausoleum","player_choice":"Yes","floor":20,"damage_taken":0}],"boss_relics":[{"not_picked":["Velvet Choker","Runic Dome"],"picked":"Eternal Feather"}],"items_purged_floors":[],"potions_floor_spawned":[1,3,13,16,19],"seed_played":"1435045159347402386","killed_by":"Book of Stabbing","ascension_level":0,"potions_obtained":[{"floor":1,"key":"Dexterity Potion"},{"floor":3,"key":"Fire Potion"},{"floor":13,"key":"Weak Potion"},{"floor":16,"key":"GamblersBrew"},{"floor":19,"key":"LiquidBronze"}],"is_trial":false}