{"gold_per_floor":[109,129,83,98,98,137,157,188,241,261,274,274,274,299,299,299],"floor_reached":16,"playtime":798,"items_purged":[],"score":143,"play_id":"70474651-2bed-4f52-b5ec-07316f67cca7","local_time":"20180803165324","is_ascension_mode":true,"campfire_choices":[{"floor":12,"key":"REST"},{"floor":15,"key":"REST"}],"neow_cost":"","seed_source_timestamp":603310228300433,"circlet_count":0,"master_deck":["Defend_G","Defend_G+1","Defend_G","Defend_G+1","Defend_G","Strike_G","Strike_G","Strike_G","Strike_G","Strike_G","Survivor","Neutralize","Quick Slash","Flying Knee","Cloak And Dagger","Cloak And Dagger","Injury","Skewer","Deadly Poison","Dagger Throw+1","Flying Knee+1","Poisoned Stab+1"],"relics":["Ring of the Snake","Golden Idol","Frozen Egg 2","Molten Egg 2","Bag of Marbles"],"potions_floor_usage":[7,8,8,8,11],"damage_taken":[{"damage":0,"enemies":"2 Louse","floor":1,"turns":4},{"damage":5,"enemies":"Jaw Worm","floor":2,"turns":5},{"damage":0,"enemies":"Cultist","floor":4,"turns":4},{"damage":18,"enemies":"3 Sentries","floor":6,"turns":9},{"damage":2,"enemies":"Gremlin Gang","floor":7,"turns":4},{"damage":17,"enemies":"Lagavulin","floor":8,"turns":6},{"damage":0,"enemies":"Large Slime","floor":10,"turns":4},{"damage":3,"enemies":"2 Fungi Beasts","floor":11,"turns":2},{"damage":3,"enemies":"Blue Slaver","floor":14,"turns":3},{"damage":51,"enemies":"The Guardian","floor":16,"turns":11}],"seed_played":"-2862828168619451647","potions_obtained":[{"floor":1,"key":"Poison Potion"},{"floor":2,"key":"Strength Potion"},{"floor":6,"key":"Strength Potion"},{"floor":7,"key":"Poison Potion"},{"floor":8,"key":"AttackPotion"}],"is_trial":false,"path_per_floor":["M","M","$","M","?","E","M","E","T","M","M","R","?","M","R"],"character_chosen":"THE_SILENT","items_purchased":["Cloak And Dagger"],"campfire_rested":2,"item_purchase_floors":[3],"current_hp_per_floor":[70,65,65,65,65,47,45,28,28,28,25,46,32,29,50,0],"gold":299,"neow_bonus":"","is_prod":false,"is_daily":false,"chose_seed":false,"campfire_upgraded":0,"win_rate":0,"timestamp":1533308004,"path_taken":["M","M","$","M","?","E","M","E","T","?","?","R","?","M","R","BOSS"],"build_version":"2018-08-02","purchased_purges":0,"victory":false,"max_hp_per_floor":[70,70,70,70,70,70,70,70,70,70,70,70,70,70,70,70],"card_choices":[{"not_picked":["Riddle With Holes","Accuracy"],"picked":"Quick Slash","floor":1},{"not_picked":["PiercingWail","Deadly Poison"],"picked":"Flying Knee","floor":2},{"not_picked":["Deadly Poison","Storm of Steel"],"picked":"Cloak And Dagger","floor":4},{"not_picked":["Heel Hook","Deflect"],"picked":"Skewer","floor":6},{"not_picked":["Flying Knee","Masterful Stab"],"picked":"Deadly Poison","floor":7},{"not_picked":["Flechettes","Slice"],"picked":"Dagger Throw","floor":8},{"not_picked":["Quick Slash+1","Wraith Form v2+1"],"picked":"Flying Knee+1","floor":10},{"not_picked":["Setup","Masterful Stab+1","Distraction"],"picked":"SKIP","floor":11},{"not_picked":["Terror","Predator+1"],"picked":"Poisoned Stab+1","floor":14}],"player_experience":222501,"relics_obtained":[{"floor":6,"key":"Frozen Egg 2"},{"floor":8,"key":"Molten Egg 2"},{"floor":9,"key":"Bag of Marbles"}],"event_choices":[{"event_name":"Golden Idol","player_choice":"Take Wound","floor":5,"damage_taken":0},{"event_name":"Shining Light","player_choice":"Entered Light","floor":13,"damage_taken":0}],"is_beta":false,"boss_relics":[],"items_purged_floors":[],"is_endless":false,"potions_floor_spawned":[1,2,6,7,8],"killed_by":"The Guardian","ascension_level":5}