{"gold_per_floor":[112,287,31,41,55,85,85,120,120,120],"floor_reached":10,"playtime":987,"items_purged":["Strike_B"],"score":103,"play_id":"4e2e6180-1f87-4a6c-9241-68ef71455944","local_time":"20181006185555","is_ascension_mode":true,"campfire_choices":[{"floor":7.0,"key":"REST"}],"neow_cost":"","seed_source_timestamp":0,"circlet_count":0,"master_deck":["Strike_B","Strike_B","Strike_B","Defend_B","Defend_B","Defend_B","Defend_B","Zap","Dualcast","Loop","Doubt","Magnetism","Capacitor","White Noise"],"special_seed":0,"relics":["Cracked Core","WingedGreaves","Frozen Egg 2","Bottled Flame"],"potions_floor_usage":[8],"damage_taken":[{"damage":2.0,"enemies":"2 Louse","floor":1.0,"turns":3.0},{"damage":1.0,"enemies":"Cultist","floor":4.0,"turns":3.0},{"damage":4.0,"enemies":"Small Slimes","floor":5.0,"turns":4.0},{"damage":31.0,"enemies":"Lagavulin","floor":6.0,"turns":8.0},{"damage":42,"enemies":"Gremlin Nob","floor":8,"turns":6},{"damage":11,"enemies":"The Mushroom Lair","floor":10,"turns":3}],"seed_played":"7845014915044263032","potions_obtained":[{"floor":4.0,"key":"FearPotion"},{"floor":5.0,"key":"Weak Potion"}],"is_trial":false,"path_per_floor":["M","?","$","M","M","E","R","E","T"],"character_chosen":"DEFECT","items_purchased":["Magnetism"],"campfire_rested":1,"item_purchase_floors":[3],"current_hp_per_floor":[66,66,66,65,61,30,52,10,10,0],"gold":120,"neow_bonus":"","is_prod":false,"is_daily":false,"chose_seed":false,"campfire_upgraded":0,"win_rate":0,"timestamp":1538877355,"path_taken":["M","?","$","M","M","E","R","E","T","?"],"build_version":"2018-10-04v2","purchased_purges":1,"victory":false,"max_hp_per_floor":[75,75,75,75,75,75,75,75,75,75],"card_choices":[{"not_picked":["Stack","Scrape"],"picked":"Loop","floor":1.0},{"not_picked":["Steam Power","Rebound","Sweeping Beam"],"picked":"SKIP","floor":4.0},{"not_picked":["Go for the Eyes","Gash","Stack"],"picked":"SKIP","floor":5.0},{"not_picked":["Cold Snap","Go for the Eyes"],"picked":"Capacitor","floor":6.0},{"not_picked":["Redo","Skim"],"picked":"White Noise","floor":8}],"player_experience":812872,"relics_obtained":[{"floor":6.0,"key":"WingedGreaves"},{"floor":8,"key":"Frozen Egg 2"},{"floor":9,"key":"Bottled Flame"}],"event_choices":[{"event_name":"Liars Game","player_choice":"agreed","floor":2.0,"damage_taken":0.0},{"event_name":"Mushrooms","player_choice":"Fought Mushrooms","floor":10,"damage_taken":0}],"is_beta":false,"boss_relics":[],"items_purged_floors":[3],"is_endless":false,"potions_floor_spawned":[4,5],"killed_by":"The Mushroom Lair","ascension_level":7}