{"gold_per_floor":[114,133,70,14,29,29,44,74,74,108,122,46,46,46,46,46],"floor_reached":16,"playtime":616,"items_purged":[],"score":220,"play_id":"2ceb8262-0270-4369-b546-b26db0abc087","local_time":"20190417134957","is_ascension_mode":true,"campfire_choices":[{"data":"Skewer","floor":6,"key":"SMITH"},{"floor":15,"key":"REST"}],"neow_cost":"NONE","seed_source_timestamp":173133896148077,"circlet_count":0,"master_deck":["AscendersBane","Defend_G","Defend_G","Defend_G","Defend_G","Defend_G","Strike_G","Strike_G","Strike_G","Strike_G","Strike_G","Survivor","Neutralize","Bouncing Flask","Escape Plan","Skewer+1","Footwork","PiercingWail","Well Laid Plans"],"relics":["Ring of the Snake","The Specimen","Mercury Hourglass","Ancient Tea Set","Pen Nib"],"potions_floor_usage":[8,16],"damage_taken":[{"damage":4,"enemies":"Cultist","floor":1,"turns":5},{"damage":4,"enemies":"Jaw Worm","floor":2,"turns":4},{"damage":5,"enemies":"Small Slimes","floor":5,"turns":5},{"damage":8,"enemies":"2 Fungi Beasts","floor":7,"turns":4},{"damage":8,"enemies":"Lagavulin","floor":8,"turns":5},{"damage":15,"enemies":"3 Sentries","floor":10,"turns":8},{"damage":10,"enemies":"Exordium Wildlife","floor":11,"turns":5},{"damage":34,"enemies":"Slime Boss","floor":16,"turns":9}],"seed_played":"-4948930081768308764","potions_obtained":[{"floor":5,"key":"Weak Potion"},{"floor":7,"key":"PowerPotion"},{"floor":10,"key":"LiquidBronze"}],"is_trial":false,"path_per_floor":["M","M","?","$","M","R","M","E","T","E","M","$","?","?","R","B"],"character_chosen":"THE_SILENT","items_purchased":["AttackPotion","Well Laid Plans"],"campfire_rested":1,"item_purchase_floors":[4,12],"current_hp_per_floor":[61,57,57,57,52,52,44,36,36,21,11,11,11,11,32,0],"gold":46,"neow_bonus":"TEN_PERCENT_HP_BONUS","is_prod":false,"is_daily":false,"chose_seed":false,"campfire_upgraded":1,"win_rate":0,"timestamp":1555501797,"path_taken":["M","?","?","$","M","R","M","E","T","E","?","$","?","?","R","BOSS"],"build_version":"2019-01-23","purchased_purges":0,"victory":false,"max_hp_per_floor":[72,72,72,72,72,72,72,72,72,72,72,72,72,72,72,72],"card_choices":[{"not_picked":["Quick Slash","Flying Knee"],"picked":"Bouncing Flask","floor":1},{"not_picked":["Underhanded Strike","Prepared"],"picked":"Escape Plan","floor":2},{"not_picked":["Calculated Gamble","Dodge and Roll"],"picked":"Skewer","floor":5},{"not_picked":["Catalyst","Poisoned Stab"],"picked":"Footwork","floor":7},{"not_picked":["Bane","Acrobatics","Storm of Steel"],"picked":"SKIP","floor":8},{"not_picked":["Escape Plan","Bouncing Flask"],"picked":"PiercingWail","floor":10},{"not_picked":["Accuracy","All Out Attack","Eviscerate"],"picked":"SKIP","floor":11}],"player_experience":1440507,"relics_obtained":[{"floor":8,"key":"Mercury Hourglass"},{"floor":10,"key":"Ancient Tea Set"}],"event_choices":[{"damage_healed":0,"gold_gain":0,"player_choice":"Paid Gold","damage_taken":0,"relics_obtained":["The Specimen"],"max_hp_gain":0,"max_hp_loss":0,"event_name":"WeMeetAgain","floor":3,"gold_loss":63},{"damage_healed":0,"gold_gain":0,"player_choice":"Searched \u00271\u0027 times","damage_taken":0,"relics_obtained":["Pen Nib"],"max_hp_gain":0,"max_hp_loss":0,"event_name":"Dead Adventurer","floor":13,"gold_loss":0},{"damage_healed":0,"gold_gain":0,"player_choice":"Ignored","damage_taken":0,"max_hp_gain":0,"max_hp_loss":0,"event_name":"Shining Light","floor":14,"gold_loss":0}],"is_beta":false,"boss_relics":[],"items_purged_floors":[],"is_endless":false,"potions_floor_spawned":[5,7,10,11],"killed_by":"Slime Boss","ascension_level":20}