{"gold_per_floor":[214,214,238,238,252,252,287,335,371,401,433,445,457,505,517,648,660,688,700,727,758,787,834,856,868,904,916,945,986,998,1043,1055,1163,1175,1197,1209,1232,598,598,633,126,146,146,158,158,33,61,79,79,79],"floor_reached":51,"playtime":4503,"items_purged":["Strike_R","Strike_R","Doubt"],"score":1027,"play_id":"252f1318-48e6-4a12-a5f4-8909ed88e4e8","local_time":"20190426022006","is_ascension_mode":true,"campfire_choices":[{"data":"Bash","floor":6,"key":"SMITH"},{"floor":12,"key":"REST"},{"floor":15,"key":"REST"},{"floor":25,"key":"REST"},{"data":"Barricade","floor":27,"key":"SMITH"},{"data":"Inflame","floor":30,"key":"SMITH"},{"data":"Whirlwind","floor":32,"key":"SMITH"},{"data":"Flame Barrier","floor":45,"key":"SMITH"},{"data":"Impervious","floor":49,"key":"SMITH"}],"neow_cost":"NONE","seed_source_timestamp":202542012353500,"circlet_count":0,"master_deck":["Strike_R","Strike_R","Defend_R","Defend_R","Defend_R","Defend_R","Bash+1","Carnage","Headbutt","True Grit","Rampage","True Grit","Ghostly Armor","Limit Break","Shrug It Off","Whirlwind+1","Armaments+1","Barricade+1","Clothesline","Inflame+1","Impervious+1","Flame Barrier+1","Inflame+1"],"relics":["Burning Blood","Bloody Idol","MawBank","Odd Mushroom","Bronze Scales","Mercury Hourglass","Cursed Key","PreservedInsect","Pen Nib","Lantern","Gambling Chip","Mark of Pain","Spirit Poop","Sling","Mango","FossilizedHelix","Vajra","Bottled Lightning","Kunai","Mummified Hand"],"potions_floor_usage":[7,8,16,24,28,31,50],"damage_taken":[{"damage":13,"enemies":"Cultist","floor":1,"turns":6},{"damage":0,"enemies":"2 Louse","floor":3,"turns":2},{"damage":0,"enemies":"Small Slimes","floor":5,"turns":3},{"damage":42,"enemies":"Lagavulin","floor":7,"turns":9},{"damage":21,"enemies":"The Mushroom Lair","floor":8,"turns":6},{"damage":10,"enemies":"Exordium Wildlife","floor":10,"turns":4},{"damage":6,"enemies":"Looter","floor":11,"turns":3},{"damage":16,"enemies":"Gremlin Nob","floor":14,"turns":4},{"damage":54,"enemies":"Hexaghost","floor":16,"turns":10},{"damage":17,"enemies":"Spheric Guardian","floor":18,"turns":3},{"damage":0,"enemies":"Chosen","floor":20,"turns":3},{"damage":39,"enemies":"Centurion and Healer","floor":21,"turns":6},{"damage":25,"enemies":"Snake Plant","floor":22,"turns":5},{"damage":43,"enemies":"Slavers","floor":23,"turns":7},{"damage":8,"enemies":"Cultist and Chosen","floor":24,"turns":6},{"damage":13,"enemies":"Centurion and Healer","floor":28,"turns":5},{"damage":31,"enemies":"Gremlin Leader","floor":29,"turns":4},{"damage":15,"enemies":"Book of Stabbing","floor":31,"turns":4},{"damage":68,"enemies":"Collector","floor":33,"turns":7},{"damage":2,"enemies":"Orb Walker","floor":35,"turns":2},{"damage":24,"enemies":"3 Shapes","floor":37,"turns":1},{"damage":18,"enemies":"Reptomancer","floor":40,"turns":5},{"damage":0,"enemies":"Maw","floor":42,"turns":8},{"damage":0,"enemies":"Jaw Worm Horde","floor":44,"turns":1},{"damage":0,"enemies":"Giant Head","floor":47,"turns":7},{"damage":20,"enemies":"4 Shapes","floor":48,"turns":3},{"damage":48,"enemies":"Time Eater","floor":50,"turns":11}],"seed_played":"9065880545459142115","potions_obtained":[{"floor":3,"key":"Weak Potion"},{"floor":5,"key":"GamblersBrew"},{"floor":7,"key":"Fruit Juice"},{"floor":11,"key":"BloodPotion"},{"floor":23,"key":"Block Potion"},{"floor":24,"key":"BloodPotion"},{"floor":28,"key":"AttackPotion"},{"floor":31,"key":"GamblersBrew"},{"floor":35,"key":"BloodPotion"}],"is_trial":false,"path_per_floor":["M","?","M","?","M","R","E","?","T","M","M","R","?","E","R","B",null,"M","?","M","M","M","E","M","R","T","R","M","E","R","E","R","B",null,"M","?","M","$","?","E","$","M","T","M","R","$","E","M","R","B",null],"character_chosen":"IRONCLAD","items_purchased":["Sling","Mango","EssenceOfSteel","Vajra","Bottled Lightning"],"campfire_rested":3,"item_purchase_floors":[38,38,38,41,41],"current_hp_per_floor":[65,45,51,56,62,62,26,16,16,12,12,39,39,29,56,17,72,61,61,77,54,45,18,26,58,68,73,76,61,66,67,72,20,74,88,90,77,96,96,89,89,100,100,104,104,104,104,95,95,53],"gold":79,"neow_bonus":"HUNDRED_GOLD","is_prod":false,"is_daily":false,"chose_seed":false,"campfire_upgraded":6,"win_rate":0,"timestamp":1556259606,"path_taken":["M","?","M","?","M","R","E","?","T","M","?","R","?","E","R","BOSS","M","?","M","M","M","E","M","R","T","R","M","E","R","E","R","BOSS","M","?","?","$","?","E","?","M","T","M","R","$","E","M","R","BOSS"],"build_version":"2019-01-23","purchased_purges":3,"victory":true,"max_hp_per_floor":[80,80,80,85,85,85,85,90,90,90,90,90,90,90,90,90,90,90,90,90,90,90,90,90,90,90,90,90,90,90,90,90,90,90,90,90,90,104,104,104,104,104,104,104,104,104,104,104,104,104],"card_choices":[{"not_picked":["Havoc","Blood for Blood"],"picked":"Carnage","floor":1},{"not_picked":["Iron Wave","Anger"],"picked":"Headbutt","floor":3},{"not_picked":["Cleave","Pummel"],"picked":"True Grit","floor":5},{"not_picked":["Cleave","Heavy Blade"],"picked":"Rampage","floor":7},{"not_picked":["Cleave","Perfected Strike"],"picked":"True Grit","floor":8},{"not_picked":["Heavy Blade","Headbutt"],"picked":"Ghostly Armor","floor":10},{"not_picked":["Cleave","Combust","Sword Boomerang"],"picked":"SKIP","floor":11},{"not_picked":["Corruption","Body Slam","Dropkick"],"picked":"SKIP","floor":14},{"not_picked":["Double Tap","Feed"],"picked":"Limit Break","floor":16},{"not_picked":["Reckless Charge+1","Sword Boomerang"],"picked":"Shrug It Off","floor":18},{"not_picked":["Body Slam+1","Sever Soul","Entrench"],"picked":"SKIP","floor":20},{"not_picked":["Flex+1","Hemokinesis+1"],"picked":"Whirlwind","floor":21},{"not_picked":["Sever Soul","Second Wind"],"picked":"Armaments+1","floor":22},{"not_picked":["Sword Boomerang+1","Headbutt"],"picked":"Barricade","floor":23},{"not_picked":["Body Slam","Armaments"],"picked":"Clothesline","floor":24},{"not_picked":["Twin Strike","Anger"],"picked":"Inflame","floor":28},{"not_picked":["Bloodletting","Perfected Strike","Exhume"],"picked":"SKIP","floor":29},{"not_picked":["Clash+1","Barricade","Sword Boomerang"],"picked":"SKIP","floor":31},{"not_picked":["Exhume","Berserk"],"picked":"Impervious","floor":33},{"not_picked":["Flex","True Grit","Clothesline"],"picked":"SKIP","floor":35},{"not_picked":["Whirlwind+1","Sentinel+1","Fire Breathing"],"picked":"SKIP","floor":37},{"not_picked":["Reckless Charge","Blood for Blood+1","Body Slam+1"],"picked":"SKIP","floor":40},{"not_picked":["Heavy Blade","Clothesline+1","True Grit+1"],"picked":"SKIP","floor":42},{"not_picked":["Iron Wave","Perfected Strike+1","Intimidate"],"picked":"SKIP","floor":44},{"not_picked":["Anger+1","Seeing Red+1"],"picked":"Inflame+1","floor":47},{"not_picked":["Flex","Perfected Strike+1","Seeing Red+1"],"picked":"SKIP","floor":48}],"player_experience":205357,"relics_obtained":[{"floor":7,"key":"MawBank"},{"floor":8,"key":"Odd Mushroom"},{"floor":9,"key":"Bronze Scales"},{"floor":14,"key":"Mercury Hourglass"},{"floor":23,"key":"PreservedInsect"},{"floor":26,"key":"Pen Nib"},{"floor":29,"key":"Lantern"},{"floor":31,"key":"Gambling Chip"},{"floor":40,"key":"FossilizedHelix"},{"floor":43,"key":"Kunai"},{"floor":47,"key":"Mummified Hand"}],"event_choices":[{"damage_healed":0,"gold_gain":0,"player_choice":"Take Damage","damage_taken":20,"relics_obtained":["Golden Idol"],"max_hp_gain":0,"max_hp_loss":0,"event_name":"Golden Idol","floor":2,"gold_loss":0},{"damage_healed":0,"gold_gain":0,"player_choice":"Donut","damage_taken":0,"max_hp_gain":5,"max_hp_loss":0,"event_name":"Big Fish","floor":4,"gold_loss":0},{"damage_healed":0,"gold_gain":0,"player_choice":"Fought Mushrooms","damage_taken":0,"max_hp_gain":0,"max_hp_loss":0,"event_name":"Mushrooms","floor":8,"gold_loss":0},{"damage_healed":0,"gold_gain":0,"player_choice":"Searched \u00270\u0027 times","damage_taken":0,"max_hp_gain":0,"max_hp_loss":0,"event_name":"Dead Adventurer","floor":13,"gold_loss":0},{"damage_healed":0,"gold_gain":0,"player_choice":"Gave Idol","damage_taken":0,"relics_obtained":["Bloody Idol"],"max_hp_gain":0,"max_hp_loss":0,"event_name":"Forgotten Altar","floor":19,"relics_lost":["Golden Idol"],"gold_loss":0},{"cards_removed":["Injury"],"damage_healed":0,"gold_gain":0,"player_choice":"Offered Curse","damage_taken":0,"relics_obtained":["Spirit Poop"],"max_hp_gain":0,"max_hp_loss":0,"event_name":"Bonfire Elementals","floor":36,"gold_loss":0},{"damage_healed":0,"gold_gain":0,"cards_transformed":["Strike_R"],"player_choice":"Transformed","damage_taken":0,"max_hp_gain":0,"max_hp_loss":0,"event_name":"Transmorgrifier","floor":39,"gold_loss":0,"cards_obtained":["Flame Barrier"]}],"is_beta":false,"boss_relics":[{"not_picked":["Astrolabe","Empty Cage"],"picked":"Cursed Key"},{"not_picked":["Philosopher\u0027s Stone","Lizard Tail"],"picked":"Mark of Pain"}],"items_purged_floors":[38,41,46],"is_endless":false,"potions_floor_spawned":[3,5,7,11,23,24,28,31,35,40],"ascension_level":6}