{"gold_per_floor":[360,360,373,448,148,148,161,161,206,206,225,225,237,248,248,350,350,366,4,14,14,14,39,39,39,39,39,51,67,81,96,96,197,197,216,28,28,128,102,102,112,145,226,0,19,19,34,60,60,60],"floor_reached":51,"playtime":2603,"items_purged":["Writhe","Strike_R"],"score":1109,"play_id":"27c8734f-722e-43b4-94db-8786c3adac85","local_time":"20190403005826","is_ascension_mode":true,"campfire_choices":[{"data":"Limit Break","floor":6,"key":"SMITH"},{"data":"Bash","floor":8,"key":"SMITH"},{"data":"Clothesline","floor":12,"key":"SMITH"},{"data":"Inflame","floor":15,"key":"SMITH"},{"data":"Dual Wield","floor":24,"key":"SMITH"},{"data":"Shockwave","floor":27,"key":"SMITH"},{"floor":32,"key":"RECALL"},{"data":"Carnage","floor":40,"key":"SMITH"},{"data":"Sword Boomerang","floor":46,"key":"SMITH"},{"data":"Immolate","floor":49,"key":"SMITH"}],"neow_cost":"CURSE","seed_source_timestamp":117301605085946,"circlet_count":0,"master_deck":["AscendersBane","Strike_R+1","Strike_R+1","Strike_R+1","Strike_R+1","Defend_R+1","Defend_R+1","Defend_R+1","Defend_R+1","Bash+1","Limit Break+1","Anger+1","Clothesline+1","Shockwave+1","Inflame+1","Reaper+1","Dual Wield+1","Reaper","Cleave+1","Carnage+1","Sword Boomerang+1","Shrug It Off","Headbutt","Sword Boomerang+1","Immolate+1","Ghostly Armor"],"relics":["Burning Blood","Vajra","Centennial Puzzle","Omamori","Sozu","Kunai","Ginger","Whetstone","Coffee Dripper","PreservedInsect","Gambling Chip","Self Forming Clay","Shuriken","Red Mask","Orichalcum"],"potions_floor_usage":[16,28],"damage_taken":[{"damage":6,"enemies":"Cultist","floor":1,"turns":5},{"damage":3,"enemies":"Jaw Worm","floor":3,"turns":5},{"damage":7,"enemies":"2 Louse","floor":7,"turns":3},{"damage":23,"enemies":"Lots of Slimes","floor":11,"turns":5},{"damage":26,"enemies":"Gremlin Gang","floor":13,"turns":5},{"damage":18,"enemies":"3 Louse","floor":14,"turns":4},{"damage":15,"enemies":"Hexaghost","floor":16,"turns":5},{"damage":12,"enemies":"Shell Parasite","floor":18,"turns":4},{"damage":13,"enemies":"3 Byrds","floor":20,"turns":6},{"damage":50,"enemies":"Slavers","floor":23,"turns":5},{"damage":24,"enemies":"Snake Plant","floor":28,"turns":2},{"damage":22,"enemies":"Centurion and Healer","floor":29,"turns":6},{"damage":6,"enemies":"Shelled Parasite and Fungi","floor":30,"turns":5},{"damage":18,"enemies":"Snake Plant","floor":31,"turns":3},{"damage":41,"enemies":"Champ","floor":33,"turns":10},{"damage":26,"enemies":"3 Shapes","floor":35,"turns":5},{"damage":0,"enemies":"Mind Bloom Boss Battle","floor":38,"turns":3},{"damage":9,"enemies":"3 Darklings","floor":41,"turns":2},{"damage":37,"enemies":"Reptomancer","floor":42,"turns":5},{"damage":46,"enemies":"4 Shapes","floor":45,"turns":7},{"damage":1,"enemies":"Transient","floor":47,"turns":5},{"damage":4,"enemies":"Giant Head","floor":48,"turns":4},{"damage":77,"enemies":"Awakened One","floor":50,"turns":10}],"seed_played":"1777164819435929351","potions_obtained":[{"floor":3,"key":"SteroidPotion"},{"floor":13,"key":"SteroidPotion"},{"floor":14,"key":"AttackPotion"}],"is_trial":false,"path_per_floor":["M","?","M","?","$","R","M","R","T","?","M","R","M","M","R","B",null,"M","$","M","?","?","E","R","$","T","R","M","M","M","M","R","B",null,"M","$","?","?","$","R","M","E","T","?","M","R","M","E","R","B",null],"character_chosen":"IRONCLAD","items_purchased":["Vajra","Limit Break","Kunai","PreservedInsect","Carnage","Shrug It Off"],"campfire_rested":0,"item_purchase_floors":[5,5,19,36,36,39],"current_hp_per_floor":[72,77,80,72,72,72,71,71,71,71,54,54,34,22,22,13,67,72,72,75,75,75,56,56,56,56,56,38,85,85,85,85,50,76,85,85,81,81,81,81,81,63,63,63,81,81,81,81,81,55],"gold":60,"neow_bonus":"TWO_FIFTY_GOLD","is_prod":false,"is_daily":false,"chose_seed":false,"campfire_upgraded":9,"win_rate":0,"timestamp":1554263906,"path_taken":["M","?","M","?","$","R","?","R","T","?","?","R","M","M","R","BOSS","M","$","?","?","?","E","R","?","T","R","M","M","M","M","R","BOSS","M","$","?","?","?","R","M","E","T","?","M","R","M","E","R","BOSS"],"build_version":"2019-01-23","purchased_purges":2,"victory":true,"max_hp_per_floor":[80,85,85,85,85,85,85,85,85,85,85,85,85,85,85,85,85,85,85,85,85,85,85,85,85,85,85,85,85,85,85,85,85,85,85,85,81,81,81,81,81,81,81,81,81,81,81,81,81,81],"card_choices":[{"not_picked":["Warcry","Clash","Blood for Blood"],"picked":"SKIP","floor":1},{"not_picked":["Bloodletting","Sentinel","Burning Pact"],"picked":"SKIP","floor":3},{"not_picked":["Rupture","Ghostly Armor"],"picked":"Anger","floor":7},{"not_picked":["Warcry","Wild Strike"],"picked":"Clothesline","floor":11},{"not_picked":["Clothesline","Cleave"],"picked":"Shockwave","floor":13},{"not_picked":["Heavy Blade","Body Slam"],"picked":"Inflame","floor":14},{"not_picked":["Barricade","Impervious"],"picked":"Reaper","floor":16},{"not_picked":["Heavy Blade","Iron Wave","Reckless Charge+1"],"picked":"SKIP","floor":18},{"not_picked":["Dropkick","Clash","Anger"],"picked":"SKIP","floor":20},{"not_picked":["Uppercut","Thunderclap"],"picked":"Dual Wield","floor":23},{"not_picked":["Clothesline","Iron Wave","Heavy Blade"],"picked":"SKIP","floor":28},{"not_picked":["Pommel Strike","Blood for Blood+1","Clash+1"],"picked":"SKIP","floor":29},{"not_picked":["Thunderclap","Twin Strike","Rampage"],"picked":"SKIP","floor":30},{"not_picked":["Heavy Blade","Warcry","Perfected Strike+1"],"picked":"SKIP","floor":31},{"not_picked":["Dark Embrace","Brutality"],"picked":"Reaper","floor":33},{"not_picked":["Wild Strike","Iron Wave"],"picked":"Cleave+1","floor":35},{"not_picked":["Heavy Blade","Combust+1"],"picked":"Sword Boomerang+1","floor":38},{"not_picked":["Carnage+1","Infernal Blade+1"],"picked":"Headbutt","floor":41},{"not_picked":["Wild Strike","Berserk"],"picked":"Sword Boomerang","floor":42},{"not_picked":["Flex+1","Thunderclap","Clothesline+1"],"picked":"SKIP","floor":45},{"not_picked":["Cleave","Thunderclap"],"picked":"Immolate","floor":47},{"not_picked":["Headbutt","Intimidate"],"picked":"Ghostly Armor","floor":48}],"player_experience":476139,"relics_obtained":[{"floor":9,"key":"Centennial Puzzle"},{"floor":23,"key":"Ginger"},{"floor":26,"key":"Whetstone"},{"floor":38,"key":"Gambling Chip"},{"floor":42,"key":"Self Forming Clay"},{"floor":43,"key":"Shuriken"},{"floor":48,"key":"Orichalcum"}],"event_choices":[{"damage_healed":0,"gold_gain":0,"player_choice":"Donut","damage_taken":0,"max_hp_gain":5,"max_hp_loss":0,"event_name":"Big Fish","floor":2,"gold_loss":0},{"damage_healed":0,"gold_gain":75,"player_choice":"Touch","damage_taken":8,"max_hp_gain":0,"max_hp_loss":0,"event_name":"FaceTrader","floor":4,"gold_loss":0},{"damage_healed":0,"gold_gain":0,"player_choice":"Gave Potion","damage_taken":0,"relics_obtained":["Omamori"],"max_hp_gain":0,"max_hp_loss":0,"event_name":"WeMeetAgain","floor":10,"gold_loss":0},{"damage_healed":0,"gold_gain":0,"player_choice":"Simplicity","damage_taken":0,"max_hp_gain":0,"max_hp_loss":0,"event_name":"Back to Basics","floor":21,"gold_loss":0,"cards_upgraded":["Strike_R","Strike_R","Strike_R","Strike_R","Defend_R","Defend_R","Defend_R","Defend_R"]},{"damage_healed":0,"gold_gain":0,"player_choice":"Max HP","damage_taken":0,"max_hp_gain":0,"max_hp_loss":4,"event_name":"Winding Halls","floor":37,"gold_loss":0},{"damage_healed":0,"gold_gain":0,"player_choice":"Fight","damage_taken":0,"max_hp_gain":0,"max_hp_loss":0,"event_name":"MindBloom","floor":38,"gold_loss":0},{"damage_healed":0,"gold_gain":0,"player_choice":"Paid","damage_taken":0,"relics_obtained":["Red Mask"],"max_hp_gain":0,"max_hp_loss":0,"event_name":"Tomb of Lord Red Mask","floor":44,"gold_loss":226}],"is_beta":false,"boss_relics":[{"not_picked":["Fusion Hammer","Runic Cube"],"picked":"Sozu"},{"not_picked":["Tiny House","Runic Pyramid"],"picked":"Coffee Dripper"}],"items_purged_floors":[5,19],"is_endless":false,"potions_floor_spawned":[3,13,14,28,29,30,31,35,38,48],"ascension_level":11}