{"gold_per_floor":[110,24,99,118,130,130,165,165,218,237,271,288,318,31,31,109,109,121,152,169,8,18,18,31,62,62,62,62,62,94,119,119,119],"floor_reached":33,"playtime":1035,"items_purged":[],"score":746,"play_id":"42575e6e-61a7-475f-9677-6fe8b5e56ba1","local_time":"20190404142701","is_ascension_mode":true,"campfire_choices":[{"data":"Heavy Blade","floor":6.0,"key":"SMITH"},{"data":"Armaments","floor":8.0,"key":"SMITH"},{"data":"Inflame","floor":15.0,"key":"SMITH"},{"data":"Immolate","floor":23.0,"key":"SMITH"},{"data":"True Grit","floor":29.0,"key":"SMITH"},{"data":"Flame Barrier","floor":32,"key":"SMITH"}],"neow_cost":"TEN_PERCENT_HP_LOSS","seed_source_timestamp":0,"circlet_count":0,"master_deck":["AscendersBane","Strike_R","Strike_R","Strike_R","Strike_R","Strike_R","Defend_R","Defend_R","Defend_R","Defend_R","Bash","Battle Trance","Spot Weakness","Heavy Blade+1","Armaments+1","Inflame+1","Immolate+1","Anger","Offering","True Grit+1","Shockwave","Flame Barrier+1"],"special_seed":0,"relics":["Burning Blood","FossilizedHelix","Omamori","Orichalcum","Incense Burner","Bronze Scales","Kunai","Coffee Dripper","Red Mask","Bag of Marbles","The Courier","Frozen Egg 2","WingedGreaves","Mummified Hand"],"potions_floor_usage":[30,33],"damage_taken":[{"damage":0.0,"enemies":"Cultist","floor":1.0,"turns":3.0},{"damage":6.0,"enemies":"2 Louse","floor":4.0,"turns":3.0},{"damage":0.0,"enemies":"Jaw Worm","floor":5.0,"turns":2.0},{"damage":36.0,"enemies":"Gremlin Nob","floor":7.0,"turns":5.0},{"damage":1.0,"enemies":"3 Louse","floor":10.0,"turns":3.0},{"damage":8.0,"enemies":"3 Sentries","floor":11.0,"turns":5.0},{"damage":0.0,"enemies":"Exordium Thugs","floor":12.0,"turns":4.0},{"damage":0.0,"enemies":"Gremlin Nob","floor":13.0,"turns":3.0},{"damage":26.0,"enemies":"The Guardian","floor":16.0,"turns":8.0},{"damage":6.0,"enemies":"Shell Parasite","floor":18.0,"turns":2.0},{"damage":11.0,"enemies":"Masked Bandits","floor":19.0,"turns":4.0},{"damage":0.0,"enemies":"Spheric Guardian","floor":20.0,"turns":4.0},{"damage":15.0,"enemies":"Shelled Parasite and Fungi","floor":22.0,"turns":3.0},{"damage":0.0,"enemies":"Chosen and Byrds","floor":24.0,"turns":2.0},{"damage":0.0,"enemies":"Slavers","floor":25.0,"turns":1.0},{"damage":20,"enemies":"Book of Stabbing","floor":30,"turns":3},{"damage":10,"enemies":"Slavers","floor":31,"turns":2},{"damage":48,"enemies":"Champ","floor":33,"turns":8}],"seed_played":"2671613329169395400","potions_obtained":[{"floor":5.0,"key":"Weak Potion"},{"floor":10.0,"key":"BloodPotion"},{"floor":11.0,"key":"BloodPotion"},{"floor":16.0,"key":"Fire Potion"},{"floor":24.0,"key":"PowerPotion"}],"is_trial":false,"path_per_floor":["M","$","?","M","M","R","E","R","T","M","E","M","E","$","R","B",null,"M","?","M","$","M","R","M","E","T","?","?","R","E","E","R","B"],"character_chosen":"IRONCLAD","items_purchased":["Spot Weakness","Kunai","Bag of Marbles"],"campfire_rested":0,"item_purchase_floors":[2,14,21],"current_hp_per_floor":[68,68,57,57,63,63,33,33,33,38,36,42,48,48,48,28,58,58,53,59,59,50,50,56,62,62,62,62,62,48,44,44,0],"gold":119,"neow_bonus":"ONE_RARE_RELIC","is_prod":false,"is_daily":false,"chose_seed":false,"campfire_upgraded":6,"win_rate":0,"timestamp":1554380821,"path_taken":["M","$","?","M","M","R","E","R","T","M","E","M","E","$","R","BOSS","M","?","M","$","M","R","M","E","T","?","?","R","E","E","R","BOSS"],"build_version":"2019-01-23","purchased_purges":0,"victory":false,"max_hp_per_floor":[68,68,68,68,68,68,68,68,68,68,68,68,68,68,68,68,68,68,68,68,68,68,68,68,68,68,68,68,68,68,68,68,68],"card_choices":[{"not_picked":["Pommel Strike","Flex"],"picked":"Battle Trance","floor":1.0},{"not_picked":["Warcry","Infernal Blade"],"picked":"Heavy Blade","floor":4.0},{"not_picked":["Wild Strike","Perfected Strike"],"picked":"Armaments","floor":5.0},{"not_picked":["Rampage","Sentinel"],"picked":"Inflame","floor":7.0},{"not_picked":["Searing Blow","Thunderclap"],"picked":"Immolate","floor":10.0},{"not_picked":["True Grit","Intimidate"],"picked":"Anger","floor":11.0},{"not_picked":["Pommel Strike","Havoc","Battle Trance"],"picked":"SKIP","floor":12.0},{"not_picked":["Evolve","Battle Trance","Clash"],"picked":"SKIP","floor":13.0},{"not_picked":["Berserk","Barricade"],"picked":"Offering","floor":16.0},{"not_picked":["Sever Soul","Whirlwind","Cleave"],"picked":"SKIP","floor":18.0},{"not_picked":["Spot Weakness","Rupture","Armaments"],"picked":"SKIP","floor":20.0},{"not_picked":["Anger","Perfected Strike","Power Through"],"picked":"SKIP","floor":22.0},{"not_picked":["Pommel Strike","Rupture","Clash"],"picked":"SKIP","floor":24.0},{"not_picked":["Brutality","True Grit","Perfected Strike+1"],"picked":"SKIP","floor":25.0},{"not_picked":["Brutality","Perfected Strike+1"],"picked":"True Grit","floor":25.0},{"not_picked":["Ghostly Armor","Clothesline"],"picked":"Shockwave","floor":30},{"not_picked":["Clothesline","Shrug It Off"],"picked":"Flame Barrier","floor":31}],"player_experience":1417537,"relics_obtained":[{"floor":7.0,"key":"Omamori"},{"floor":9.0,"key":"Orichalcum"},{"floor":11.0,"key":"Incense Burner"},{"floor":13.0,"key":"Bronze Scales"},{"floor":19.0,"key":"Red Mask"},{"floor":25.0,"key":"The Courier"},{"floor":26.0,"key":"Frozen Egg 2"},{"floor":30,"key":"WingedGreaves"},{"floor":31,"key":"Mummified Hand"}],"event_choices":[{"damage_healed":0.0,"max_hp_gain":0.0,"max_hp_loss":0.0,"gold_gain":75.0,"event_name":"World of Goop","player_choice":"Gather Gold","floor":3.0,"gold_loss":0.0,"damage_taken":11.0},{"damage_healed":0.0,"max_hp_gain":0.0,"max_hp_loss":0.0,"gold_gain":0.0,"event_name":"Masked Bandits","player_choice":"Fought Bandits","floor":19.0,"gold_loss":0.0,"damage_taken":0.0},{"damage_healed":0.0,"max_hp_gain":0.0,"max_hp_loss":0.0,"gold_gain":0.0,"event_name":"Beggar","player_choice":"Ignored","floor":27.0,"gold_loss":0.0,"damage_taken":0.0},{"damage_healed":0.0,"max_hp_gain":0.0,"max_hp_loss":0.0,"gold_gain":0.0,"event_name":"Vampires","player_choice":"Ignored","floor":28.0,"gold_loss":0.0,"damage_taken":0.0}],"is_beta":false,"boss_relics":[{"not_picked":["Ectoplasm","Sozu"],"picked":"Coffee Dripper"}],"items_purged_floors":[],"is_endless":false,"potions_floor_spawned":[5,10,11,16,18,19,24,25],"killed_by":"Champ","ascension_level":20}