{"gold_per_floor":[109,121,121,71,82,114,114,114,114,39,70,86,124,145,145,274,274,299,318,218,318,336,336,370,384,411,411,426,461,136,136],"floor_reached":31,"playtime":6101,"items_purged":["Strike_B","Strike_B","Strike_B"],"score":398,"play_id":"6a8e4cee-7122-4862-ac1a-bea264f0a603","local_time":"20190429175845","is_ascension_mode":true,"campfire_choices":[{"floor":8.0,"key":"REST"},{"floor":15.0,"key":"REST"},{"floor":23.0,"key":"RECALL"},{"floor":27.0,"key":"REST"}],"neow_cost":"NONE","seed_source_timestamp":1945994691694,"circlet_count":0,"master_deck":["Strike_B","Defend_B","Defend_B","Defend_B","Defend_B","Zap","Dualcast","Streamline","Hologram","Rebound","Self Repair","BootSequence","Turbo","Core Surge","Defragment","Creative AI","Core Surge","Heatsinks","Steam","BootSequence","Thunder Strike+1","Self Repair","Machine Learning"],"special_seed":0,"relics":["Cracked Core","NeowsBlessing","Symbiotic Virus","Blood Vial","Golden Idol","Mummified Hand","Gambling Chip","Question Card","Nuclear Battery","Molten Egg 2","The Courier"],"potions_floor_usage":[],"damage_taken":[{"damage":0.0,"enemies":"Jaw Worm","floor":1.0,"turns":1.0},{"damage":0.0,"enemies":"Small Slimes","floor":2.0,"turns":1.0},{"damage":0.0,"enemies":"2 Louse","floor":5.0,"turns":1.0},{"damage":35.0,"enemies":"3 Sentries","floor":6.0,"turns":6.0},{"damage":34.0,"enemies":"Gremlin Nob","floor":11.0,"turns":5.0},{"damage":16.0,"enemies":"Exordium Wildlife","floor":12.0,"turns":4.0},{"damage":19.0,"enemies":"Lagavulin","floor":13.0,"turns":5.0},{"damage":6.0,"enemies":"3 Louse","floor":14.0,"turns":2.0},{"damage":8.0,"enemies":"Slime Boss","floor":16.0,"turns":8.0},{"damage":3.0,"enemies":"Chosen","floor":18.0,"turns":5.0},{"damage":8.0,"enemies":"3 Byrds","floor":19.0,"turns":2.0},{"damage":14.0,"enemies":"Shelled Parasite and Fungi","floor":22.0,"turns":5.0},{"damage":49.0,"enemies":"Slavers","floor":24.0,"turns":6.0},{"damage":19.0,"enemies":"Snake Plant","floor":25.0,"turns":4.0},{"damage":4.0,"enemies":"Centurion and Healer","floor":28.0,"turns":5.0},{"damage":33.0,"enemies":"Book of Stabbing","floor":29.0,"turns":4.0},{"damage":30,"enemies":"Slavers","floor":31,"turns":2}],"seed_played":"-265957170634143983","potions_obtained":[{"floor":11.0,"key":"GamblersBrew"},{"floor":12.0,"key":"Dexterity Potion"},{"floor":13.0,"key":"Swift Potion"},{"floor":16.0,"key":"SpeedPotion"},{"floor":22.0,"key":"Regen Potion"},{"floor":24.0,"key":"SkillPotion"}],"is_trial":false,"path_per_floor":["M","M","?","?","M","E","?","R","T","$","E","M","E","M","R","B",null,"M","M","$","?","M","R","E","M","T","R","M","E","$","E"],"character_chosen":"DEFECT","items_purchased":["Self Repair","FairyPotion","Machine Learning"],"campfire_rested":3,"item_purchase_floors":[30,30,30],"current_hp_per_floor":[68,68,68,68,68,33,33,53,53,53,28,21,11,14,34,35,61,67,61,61,61,56,56,31,21,21,41,46,15,15,0],"gold":136,"neow_bonus":"THREE_ENEMY_KILL","is_prod":false,"is_daily":false,"chose_seed":false,"campfire_upgraded":0,"win_rate":0,"timestamp":1556585925,"path_taken":["M","M","?","?","M","E","?","R","T","$","E","?","E","M","R","BOSS","M","M","$","?","M","R","E","M","T","R","M","E","$","E"],"build_version":"2019-01-23","purchased_purges":3,"victory":false,"max_hp_per_floor":[75,75,75,75,75,75,69,69,69,69,69,69,69,69,69,69,69,69,69,69,69,69,69,69,69,69,69,69,69,69,69],"card_choices":[{"not_picked":["Stack","Leap"],"picked":"Streamline","floor":1.0},{"not_picked":["Stack","Coolheaded"],"picked":"Hologram","floor":2.0},{"not_picked":["Steam Power","Gash"],"picked":"Rebound","floor":5.0},{"not_picked":["Rebound","Static Discharge"],"picked":"Self Repair","floor":6.0},{"not_picked":["Coolheaded","Barrage"],"picked":"BootSequence","floor":11.0},{"not_picked":["Rebound","Beam Cell"],"picked":"Turbo","floor":12.0},{"not_picked":["Darkness","Steam"],"picked":"Core Surge","floor":13.0},{"not_picked":["Genetic Algorithm","FTL","Streamline"],"picked":"Defragment","floor":14.0},{"not_picked":["Hyperbeam","Multi-Cast","All For One"],"picked":"Creative AI","floor":16.0},{"not_picked":["Redo+1","Barrage+1","Sweeping Beam","Streamline"],"picked":"SKIP","floor":18.0},{"not_picked":["Cold Snap+1","Stack+1","Ball Lightning"],"picked":"Core Surge","floor":19.0},{"not_picked":["Barrage","Compile Driver","Ball Lightning"],"picked":"Heatsinks","floor":22.0},{"not_picked":["Meteor Strike","Sunder","Go for the Eyes","Redo"],"picked":"SKIP","floor":24.0},{"not_picked":["Stack","Cold Snap+1","Multi-Cast"],"picked":"Steam","floor":25.0},{"not_picked":["Steam Power+1","Melter+1","Steam"],"picked":"BootSequence","floor":28.0},{"not_picked":["Compile Driver+1","Genetic Algorithm+1","Darkness"],"picked":"Thunder Strike+1","floor":29.0}],"player_experience":1219049,"relics_obtained":[{"floor":6.0,"key":"Blood Vial"},{"floor":9.0,"key":"Mummified Hand"},{"floor":11.0,"key":"Gambling Chip"},{"floor":13.0,"key":"Question Card"},{"floor":24.0,"key":"Molten Egg 2"},{"floor":29.0,"key":"The Courier"}],"event_choices":[{"damage_healed":0.0,"max_hp_gain":0.0,"max_hp_loss":0.0,"gold_gain":0.0,"event_name":"Big Fish","player_choice":"Box","floor":3.0,"gold_loss":0.0,"damage_taken":0.0,"relics_obtained":["Symbiotic Virus"],"cards_obtained":["Regret"]},{"cards_removed":["Regret"],"damage_healed":0.0,"max_hp_gain":0.0,"max_hp_loss":0.0,"gold_gain":0.0,"event_name":"The Cleric","player_choice":"Card Removal","floor":4.0,"gold_loss":50.0,"damage_taken":0.0},{"damage_healed":0.0,"max_hp_gain":0.0,"max_hp_loss":6.0,"gold_gain":0.0,"event_name":"Golden Idol","player_choice":"Lose Max HP","floor":7.0,"gold_loss":0.0,"damage_taken":0.0,"relics_obtained":["Golden Idol"]},{"damage_healed":0.0,"max_hp_gain":0.0,"max_hp_loss":0.0,"gold_gain":100.0,"event_name":"Golden Shrine","player_choice":"Pray","floor":21.0,"gold_loss":0.0,"damage_taken":0.0}],"is_beta":false,"boss_relics":[{"not_picked":["Snecko Eye","Astrolabe"],"picked":"Nuclear Battery"}],"items_purged_floors":[10,20,30],"is_endless":false,"potions_floor_spawned":[11,12,13,16,22,24],"killed_by":"Slavers","ascension_level":7}