{"gold_per_floor":[114,114,139,46,60,104,117,117,117,156,156,196,209,228,228,228],"floor_reached":16,"playtime":557,"items_purged":[],"score":152,"play_id":"9dfad70c-5701-4854-84bf-61406ea33aa1","local_time":"20190331161804","is_ascension_mode":true,"campfire_choices":[{"data":"Backstab","floor":8,"key":"SMITH"},{"data":"After Image","floor":11,"key":"SMITH"},{"data":"Neutralize","floor":15,"key":"SMITH"}],"neow_cost":"NONE","seed_source_timestamp":13251130766899,"circlet_count":0,"master_deck":["Defend_G","Defend_G","Defend_G","Defend_G","Defend_G","Strike_G","Strike_G","Strike_G","Strike_G","Strike_G","Survivor","Neutralize+1","Backstab+1","Quick Slash","Dodge and Roll","Deflect","After Image+1","Predator","Cloak And Dagger","PiercingWail","Sucker Punch","Dagger Spray"],"relics":["Ring of the Snake","NeowsBlessing","Golden Idol","Bag of Preparation","Letter Opener","Tingsha","Art of War","Matryoshka"],"potions_floor_usage":[16],"damage_taken":[{"damage":0,"enemies":"2 Louse","floor":1,"turns":1},{"damage":0,"enemies":"Jaw Worm","floor":5,"turns":1},{"damage":0,"enemies":"Lagavulin","floor":6,"turns":1},{"damage":1,"enemies":"Cultist","floor":7,"turns":4},{"damage":13,"enemies":"Gremlin Nob","floor":10,"turns":4},{"damage":9,"enemies":"3 Sentries","floor":12,"turns":8},{"damage":0,"enemies":"Looter","floor":13,"turns":3},{"damage":2,"enemies":"Large Slime","floor":14,"turns":5},{"damage":40,"enemies":"Hexaghost","floor":16,"turns":15}],"seed_played":"4483144414646676294","potions_obtained":[{"floor":7,"key":"GamblersBrew"},{"floor":10,"key":"LiquidBronze"},{"floor":13,"key":"Swift Potion"}],"is_trial":false,"path_per_floor":["M","?","T","$","M","E","M","R","T","E","R","E","M","M","R","B"],"character_chosen":"THE_SILENT","items_purchased":["Quick Slash","Dodge and Roll"],"campfire_rested":0,"item_purchase_floors":[4,4],"current_hp_per_floor":[70,65,65,65,65,65,64,64,64,51,51,42,42,40,40,0],"gold":228,"neow_bonus":"THREE_ENEMY_KILL","is_prod":false,"is_daily":false,"chose_seed":false,"campfire_upgraded":3,"win_rate":0,"timestamp":1554059884,"path_taken":["M","?","?","$","?","E","M","R","T","E","R","E","M","M","R","BOSS"],"build_version":"2019-01-23","purchased_purges":0,"victory":false,"max_hp_per_floor":[70,65,65,65,65,65,65,65,65,65,65,65,65,65,65,65],"card_choices":[{"not_picked":["Outmaneuver","Predator"],"picked":"Backstab","floor":1},{"not_picked":["Dagger Spray","Poisoned Stab"],"picked":"Deflect","floor":5},{"not_picked":["Expertise","Underhanded Strike"],"picked":"After Image","floor":6},{"not_picked":["Dodge and Roll","Poisoned Stab"],"picked":"Predator","floor":7},{"not_picked":["Bane","Dodge and Roll"],"picked":"Cloak And Dagger","floor":10},{"not_picked":["Masterful Stab","Deadly Poison"],"picked":"PiercingWail","floor":12},{"not_picked":["Quick Slash","Concentrate"],"picked":"Sucker Punch","floor":13},{"not_picked":["Poisoned Stab","Storm of Steel"],"picked":"Dagger Spray","floor":14}],"player_experience":451969,"relics_obtained":[{"floor":3,"key":"Bag of Preparation"},{"floor":6,"key":"Letter Opener"},{"floor":9,"key":"Tingsha"},{"floor":10,"key":"Art of War"},{"floor":12,"key":"Matryoshka"}],"event_choices":[{"damage_healed":0,"gold_gain":0,"player_choice":"Lose Max HP","damage_taken":0,"relics_obtained":["Golden Idol"],"max_hp_gain":0,"max_hp_loss":5,"event_name":"Golden Idol","floor":2,"gold_loss":0}],"is_beta":false,"boss_relics":[],"items_purged_floors":[],"is_endless":false,"potions_floor_spawned":[7,10,13],"killed_by":"Hexaghost","ascension_level":1}