{"gold_per_floor":[112,125,50,61,81,81,81,93,120,120,137,156,9,9,9,113,113,129,44,44,63,78,104,104],"floor_reached":24,"playtime":882,"items_purged":["Decay"],"score":326,"play_id":"e2a0e4ac-35ad-4ffa-b09c-b3073e1a9e8b","local_time":"20190324231041","is_ascension_mode":true,"campfire_choices":[{"data":"Battle Trance","floor":6.0,"key":"SMITH"},{"data":"Juggernaut","floor":15.0,"key":"SMITH"}],"neow_cost":"CURSE","seed_source_timestamp":0,"circlet_count":0,"master_deck":["Strike_R","Strike_R","Strike_R","Defend_R","Defend_R","Defend_R","Bash","Battle Trance+1","Juggernaut+1","Decay"],"special_seed":0,"relics":["Burning Blood","Oddly Smooth Stone","Cursed Key","PreservedInsect","Turnip","Ancient Tea Set"],"potions_floor_usage":[23,23,23],"damage_taken":[{"damage":4.0,"enemies":"2 Louse","floor":1.0,"turns":3.0},{"damage":3.0,"enemies":"Cultist","floor":2.0,"turns":3.0},{"damage":17.0,"enemies":"Jaw Worm","floor":4.0,"turns":7.0},{"damage":8.0,"enemies":"Exordium Wildlife","floor":5.0,"turns":6.0},{"damage":4.0,"enemies":"Blue Slaver","floor":8.0,"turns":9.0},{"damage":24.0,"enemies":"Exordium Thugs","floor":11.0,"turns":8.0},{"damage":9.0,"enemies":"Red Slaver","floor":12.0,"turns":4.0},{"damage":67.0,"enemies":"Slime Boss","floor":16.0,"turns":16.0},{"damage":8,"enemies":"2 Thieves","floor":18,"turns":5},{"damage":10,"enemies":"Shell Parasite","floor":21,"turns":7},{"damage":48,"enemies":"Cultist and Chosen","floor":22,"turns":8},{"damage":41,"enemies":"Slavers","floor":23,"turns":5},{"damage":15,"enemies":"Snake Plant","floor":24,"turns":4}],"seed_played":"7666391969926097280","potions_obtained":[{"floor":8.0,"key":"SkillPotion"},{"floor":11.0,"key":"Regen Potion"},{"floor":12.0,"key":"SkillPotion"},{"floor":16,"key":"SteroidPotion"},{"floor":22,"key":"FearPotion"}],"is_trial":false,"path_per_floor":["M","M","$","M","M","R","?","M","T","?","M","M","$","?","R","B",null,"M","?","T","M","M","E","M"],"character_chosen":"IRONCLAD","items_purchased":["Juggernaut"],"campfire_rested":0,"item_purchase_floors":[13],"current_hp_per_floor":[80,80,80,69,67,67,67,69,69,69,51,48,48,74,74,13,80,78,78,78,74,32,11,0],"gold":104,"neow_bonus":"TRANSFORM_TWO_CARDS","is_prod":false,"is_daily":false,"chose_seed":false,"campfire_upgraded":2,"win_rate":0,"timestamp":1553494241,"path_taken":["M","M","$","M","M","R","?","?","T","?","M","M","$","?","R","BOSS","BOSS","M","?","?","?","M","E","M"],"build_version":"2019-01-23","purchased_purges":1,"victory":false,"max_hp_per_floor":[80,80,80,80,80,80,80,80,80,80,80,80,80,80,80,80,80,80,80,80,80,80,80,80],"card_choices":[{"not_picked":["True Grit","Reckless Charge"],"picked":"Battle Trance","floor":1.0},{"not_picked":["Rupture","Headbutt","Inflame"],"picked":"SKIP","floor":2.0},{"not_picked":["Disarm","Power Through","Cleave"],"picked":"SKIP","floor":4.0},{"not_picked":["Headbutt","True Grit","Shrug It Off"],"picked":"SKIP","floor":5.0},{"not_picked":["Blood for Blood","Disarm","Dark Embrace"],"picked":"SKIP","floor":8.0},{"not_picked":["Bloodletting","Anger","Shrug It Off"],"picked":"SKIP","floor":11.0},{"not_picked":["Cleave","Metallicize","Iron Wave"],"picked":"SKIP","floor":12.0},{"not_picked":["Perfected Strike","Anger","Clothesline"],"picked":"SKIP","floor":18},{"not_picked":["Flex+1","Heavy Blade","Armaments"],"picked":"SKIP","floor":21},{"not_picked":["Whirlwind","Heavy Blade","Intimidate"],"picked":"SKIP","floor":22},{"not_picked":["Cleave","Twin Strike","Carnage"],"picked":"SKIP","floor":23}],"player_experience":833012,"relics_obtained":[{"floor":9.0,"key":"Oddly Smooth Stone"},{"floor":20,"key":"Turnip"},{"floor":23,"key":"Ancient Tea Set"}],"event_choices":[{"cards_removed":["Defend_R"],"damage_healed":0.0,"max_hp_gain":0.0,"max_hp_loss":0.0,"gold_gain":0.0,"event_name":"Purifier","player_choice":"Purged","floor":7.0,"gold_loss":0.0,"damage_taken":0.0},{"damage_healed":0.0,"max_hp_gain":0.0,"max_hp_loss":0.0,"gold_gain":0.0,"event_name":"Dead Adventurer","player_choice":"Searched \u00271\u0027 times","floor":10.0,"gold_loss":0.0,"damage_taken":0.0},{"damage_healed":26.0,"max_hp_gain":0.0,"max_hp_loss":0.0,"gold_gain":0.0,"event_name":"Big Fish","player_choice":"Banana","floor":14.0,"gold_loss":0.0,"damage_taken":0.0},{"damage_healed":0,"gold_gain":0,"player_choice":"Obtained Relic","damage_taken":0,"relics_obtained":["PreservedInsect"],"max_hp_gain":0,"max_hp_loss":0,"event_name":"Addict","floor":19,"gold_loss":85}],"is_beta":false,"boss_relics":[{"not_picked":["Black Star","Calling Bell"],"picked":"Cursed Key"}],"items_purged_floors":[3],"is_endless":false,"potions_floor_spawned":[8,11,12,16,22],"killed_by":"Snake Plant","ascension_level":1}