{"gold_per_floor":[109,259,142,159,178,178,193,224,224,224,244,262,278,203,203,278,278,290,308,308,326,338,338,366,49,49,68,81,81,81,91,91,91],"floor_reached":33,"playtime":1353,"items_purged":["Doubt","Strike_R"],"score":546,"play_id":"df77a980-6fe0-4d0a-ab40-6ae6c8d588b8","local_time":"20190206133501","is_ascension_mode":true,"campfire_choices":[{"data":"Reckless Charge","floor":6,"key":"SMITH"},{"data":"True Grit","floor":10,"key":"SMITH"},{"data":"Shockwave","floor":15,"key":"SMITH"},{"data":"Disarm","floor":23,"key":"SMITH"},{"data":"Burning Pact","floor":29,"key":"SMITH"},{"floor":32,"key":"REST"}],"neow_cost":"PERCENT_DAMAGE","seed_source_timestamp":698455688525791,"circlet_count":0,"master_deck":["AscendersBane","Strike_R","Strike_R","Strike_R","Strike_R","Defend_R","Defend_R","Defend_R","Defend_R","Bash","Rampage","True Grit+1","Reckless Charge+1","Clothesline","Wild Strike","Warcry","Flame Barrier","Shockwave+1","Feed","True Grit","Infernal Blade","Burning Pact+1","Disarm+1","Power Through","Disarm+1","Headbutt+1","Reaper+1"],"relics":["Burning Blood","Ginger","Charon\u0027s Ashes","Mango","FossilizedHelix","Sozu","Letter Opener","DollysMirror","Molten Egg 2"],"potions_floor_usage":[12,16,16],"damage_taken":[{"damage":2,"enemies":"Cultist","floor":1,"turns":4},{"damage":8,"enemies":"2 Louse","floor":4,"turns":3},{"damage":10,"enemies":"Small Slimes","floor":5,"turns":3},{"damage":5,"enemies":"Gremlin Gang","floor":7,"turns":4},{"damage":25,"enemies":"Lagavulin","floor":8,"turns":6},{"damage":0,"enemies":"Red Slaver","floor":11,"turns":4},{"damage":15,"enemies":"Exordium Thugs","floor":12,"turns":4},{"damage":0,"enemies":"Looter","floor":13,"turns":3},{"damage":38,"enemies":"Hexaghost","floor":16,"turns":11},{"damage":7,"enemies":"2 Thieves","floor":18,"turns":4},{"damage":0,"enemies":"3 Byrds","floor":19,"turns":3},{"damage":27,"enemies":"Snake Plant","floor":21,"turns":4},{"damage":7,"enemies":"Chosen and Byrds","floor":22,"turns":4},{"damage":39,"enemies":"Slavers","floor":24,"turns":6},{"damage":11,"enemies":"Snecko","floor":27,"turns":6},{"damage":0,"enemies":"Centurion and Healer","floor":28,"turns":9},{"damage":6,"enemies":"Snake Plant","floor":31,"turns":5},{"damage":64,"enemies":"Automaton","floor":33,"turns":8}],"seed_played":"-8548799317398774193","potions_obtained":[{"floor":4,"key":"Swift Potion"},{"floor":8,"key":"BloodPotion"},{"floor":12,"key":"Strength Potion"}],"is_trial":false,"path_per_floor":["M","?","?","M","M","R","M","E","T","R","M","M","M","$","R","B",null,"M","M","?","M","M","R","E","$","T","M","M","R","$","M","R","B"],"character_chosen":"IRONCLAD","items_purchased":["DollysMirror"],"campfire_rested":1,"item_purchase_floors":[25],"current_hp_per_floor":[54,54,54,52,48,48,49,44,44,44,50,49,55,55,55,23,73,72,78,78,57,56,56,23,23,23,18,24,24,24,24,50,0],"gold":91,"neow_bonus":"ONE_RARE_RELIC","is_prod":false,"is_daily":false,"chose_seed":false,"campfire_upgraded":5,"win_rate":0,"timestamp":1549456501,"path_taken":["M","?","?","M","M","R","M","E","T","R","M","?","M","$","R","BOSS","M","M","?","M","M","R","E","$","T","?","M","R","?","M","R","BOSS"],"build_version":"2019-01-23","purchased_purges":2,"victory":false,"max_hp_per_floor":[75,75,75,75,75,75,75,89,89,89,89,89,89,89,89,89,89,89,89,89,89,89,89,89,89,89,89,89,89,89,89,89,89],"card_choices":[{"not_picked":["Flex","Heavy Blade"],"picked":"Rampage","floor":1},{"not_picked":["Clothesline","Clash"],"picked":"True Grit","floor":4},{"not_picked":["Havoc","Perfected Strike"],"picked":"Reckless Charge","floor":5},{"not_picked":["Exhume","Clash"],"picked":"Clothesline","floor":7},{"not_picked":["Second Wind","Heavy Blade"],"picked":"Wild Strike","floor":8},{"not_picked":["Armaments","Sword Boomerang"],"picked":"Warcry","floor":11},{"not_picked":["Rupture","Clothesline"],"picked":"Flame Barrier","floor":12},{"not_picked":["Battle Trance","Cleave"],"picked":"Shockwave","floor":13},{"not_picked":["Impervious","Juggernaut"],"picked":"Feed","floor":16},{"not_picked":["Thunderclap","Rage"],"picked":"True Grit","floor":18},{"not_picked":["Warcry","Reckless Charge"],"picked":"Infernal Blade","floor":19},{"not_picked":["Warcry","Clash"],"picked":"Burning Pact","floor":21},{"not_picked":["Armaments","Thunderclap"],"picked":"Disarm","floor":22},{"not_picked":["Anger","Body Slam"],"picked":"Power Through","floor":24},{"not_picked":["Flex","Armaments","Cleave+1"],"picked":"SKIP","floor":27},{"not_picked":["Dropkick+1","Heavy Blade+1"],"picked":"Headbutt+1","floor":28},{"not_picked":["Cleave+1","Heavy Blade+1"],"picked":"Reaper+1","floor":31}],"player_experience":1298343,"relics_obtained":[{"floor":8,"key":"Mango"},{"floor":9,"key":"FossilizedHelix"},{"floor":24,"key":"Letter Opener"},{"floor":26,"key":"Molten Egg 2"}],"event_choices":[{"damage_healed":0,"gold_gain":150,"player_choice":"AGREE","damage_taken":0,"max_hp_gain":0,"max_hp_loss":0,"event_name":"Liars Game","floor":2,"gold_loss":0,"cards_obtained":["Doubt"]},{"damage_healed":0,"gold_gain":0,"player_choice":"Paid Gold","damage_taken":0,"relics_obtained":["Charon\u0027s Ashes"],"max_hp_gain":0,"max_hp_loss":0,"event_name":"WeMeetAgain","floor":3,"gold_loss":117},{"damage_healed":0,"gold_gain":0,"player_choice":"Ignored","damage_taken":0,"max_hp_gain":0,"max_hp_loss":0,"event_name":"N\u0027loth","floor":20,"gold_loss":0}],"is_beta":false,"boss_relics":[{"not_picked":["Runic Dome","Black Blood"],"picked":"Sozu"}],"items_purged_floors":[14,25],"is_endless":false,"potions_floor_spawned":[4,8,11,12,13,18,21,27,28,31],"killed_by":"Automaton","ascension_level":20}