{"gold_per_floor":[119,219,234,234,234,234,259,259,305,349,361,373,420,460,472,484],"floor_reached":16,"playtime":476,"items_purged":[],"score":177,"play_id":"0ac4effa-7b21-4e6a-bcd5-006550b05655","local_time":"20190417233335","is_ascension_mode":true,"campfire_choices":[{"data":"Bash","floor":6,"key":"SMITH"},{"data":"Uppercut","floor":8,"key":"SMITH"},{"floor":11,"key":"REST"},{"data":"Brutality","floor":15,"key":"SMITH"}],"neow_cost":"CURSE","seed_source_timestamp":110919051308957,"circlet_count":0,"master_deck":["AscendersBane","Strike_R","Strike_R","Strike_R","Strike_R","Strike_R","Defend_R","Defend_R+1","Defend_R","Defend_R","Bash+1","Writhe","Perfected Strike","Shrug It Off+1","Uppercut+1","Brutality+1","Thunderclap"],"relics":["Burning Blood","Incense Burner","Question Card","MawBank","Pen Nib","Juzu Bracelet","Odd Mushroom"],"potions_floor_usage":[14,16,16],"damage_taken":[{"damage":6,"enemies":"Jaw Worm","floor":1,"turns":5},{"damage":11,"enemies":"Cultist","floor":3,"turns":4},{"damage":31,"enemies":"Lagavulin","floor":7,"turns":8},{"damage":24,"enemies":"Gremlin Nob","floor":10,"turns":4},{"damage":6,"enemies":"Lagavulin","floor":13,"turns":6},{"damage":15,"enemies":"The Mushroom Lair","floor":14,"turns":6},{"damage":29,"enemies":"Hexaghost","floor":16,"turns":7}],"seed_played":"-7779713873540265912","potions_obtained":[{"floor":10,"key":"SkillPotion"},{"floor":12,"key":"SteroidPotion"},{"floor":14,"key":"Explosive Potion"}],"is_trial":false,"path_per_floor":["?","M","?","?","?","?"],"character_chosen":"IRONCLAD","items_purchased":[],"campfire_rested":1,"item_purchase_floors":[],"current_hp_per_floor":[72,72,67,72,55,55,30,30,30,12,37,37,37,28,28,0],"gold":484,"neow_bonus":"ONE_RARE_RELIC","is_prod":false,"is_daily":false,"chose_seed":false,"campfire_upgraded":3,"win_rate":0,"timestamp":1555518815,"path_taken":["M","?","?","?","?","R","E","R","T","E","R","?","E","?","R","BOSS"],"build_version":"2019-01-23","purchased_purges":0,"victory":false,"max_hp_per_floor":[80,80,80,85,85,85,85,85,85,85,85,85,85,85,85,85],"card_choices":[{"not_picked":["Cleave","Armaments"],"picked":"Perfected Strike","floor":1},{"not_picked":["Thunderclap","Metallicize"],"picked":"Shrug It Off","floor":3},{"not_picked":["Thunderclap","Clash"],"picked":"Uppercut","floor":7},{"not_picked":["Dual Wield","Dark Embrace","Pummel","True Grit"],"picked":"SKIP","floor":10},{"not_picked":["Rage","Armaments","Dropkick"],"picked":"Brutality","floor":13},{"not_picked":["Reckless Charge","Havoc","Clash"],"picked":"Thunderclap","floor":14}],"player_experience":253264,"relics_obtained":[{"floor":7,"key":"Question Card"},{"floor":9,"key":"MawBank"},{"floor":10,"key":"Pen Nib"},{"floor":13,"key":"Juzu Bracelet"},{"floor":14,"key":"Odd Mushroom"}],"event_choices":[{"damage_healed":0,"gold_gain":100,"player_choice":"Pray","damage_taken":0,"max_hp_gain":0,"max_hp_loss":0,"event_name":"Golden Shrine","floor":2,"gold_loss":0},{"damage_healed":0,"gold_gain":0,"player_choice":"Donut","damage_taken":0,"max_hp_gain":5,"max_hp_loss":0,"event_name":"Big Fish","floor":4,"gold_loss":0},{"damage_healed":0,"gold_gain":0,"player_choice":"Entered Light","damage_taken":17,"max_hp_gain":0,"max_hp_loss":0,"event_name":"Shining Light","floor":5,"gold_loss":0,"cards_upgraded":["Defend_R","Shrug It Off"]},{"damage_healed":0,"gold_gain":0,"player_choice":"Got Potions","damage_taken":0,"max_hp_gain":0,"max_hp_loss":0,"event_name":"Lab","floor":12,"gold_loss":0},{"damage_healed":0,"gold_gain":0,"player_choice":"Fought Mushrooms","damage_taken":0,"max_hp_gain":0,"max_hp_loss":0,"event_name":"Mushrooms","floor":14,"gold_loss":0}],"is_beta":false,"boss_relics":[],"items_purged_floors":[],"is_endless":false,"potions_floor_spawned":[10,14],"killed_by":"Hexaghost","ascension_level":11}