{"path_per_floor":["M","?","$","M","?","M","?","M","T","E","M","E","?","?","R","B",null,"M","M","M","?","$","E"],"character_chosen":"DEFECT","items_purchased":["Mind Blast","Capacitor","Cables"],"gold_per_floor":[109,109,3,16,16,35,35,60,60,91,114,158,158,158,158,282,282,298,311,331,331,17,56,56],"floor_reached":24,"campfire_rested":0,"playtime":1402,"item_purchase_floors":[3,22,22],"current_hp_per_floor":[72,57,57,57,57,57,57,55,55,53,51,33,33,33,33,33,75,67,36,28,12,12,8,0],"items_purged":[],"gold":56,"score":276,"play_id":"56e44368-8338-483d-87ee-82277d005397","local_time":"20180624233010","is_prod":false,"is_daily":false,"chose_seed":false,"is_ascension_mode":false,"campfire_upgraded":1,"win_rate":0,"timestamp":1529908210,"campfire_choices":[{"data":"Tempest","floor":15,"key":"SMITH"}],"path_taken":["M","?","$","M","?","?","?","M","T","E","M","E","?","?","R","BOSS","M","M","M","?","$","E","M"],"build_version":"2018-06-21","seed_source_timestamp":829436687192822,"purchased_purges":0,"circlet_count":0,"victory":false,"master_deck":["Strike_B+1","Strike_B","Strike_B","Defend_B","Defend_B","Defend_B+1","Defend_B","Zap+1","Dualcast","Conserve Battery","Mind Blast","Tempest+1","Hello World","Conserve Battery","Steam","Sweeping Beam","Force Field","Buffer","Hologram","Conserve Battery+1","Capacitor","BootSequence"],"max_hp_per_floor":[75,75,75,75,75,75,75,75,75,75,75,75,75,75,75,75,75,75,75,75,75,75,75,75],"relics":["Coffee Dripper","Golden Idol","Potion Belt","Smiling Mask","Regal Pillow","White Beast Statue","Nilry\u0027s Codex","Cables","Bottled Flame"],"card_choices":[{"not_picked":["Chill","Auto Shields"],"picked":"Conserve Battery","floor":1},{"not_picked":["Cold Snap","Heatsinks"],"picked":"Tempest","floor":4},{"not_picked":["Redo","Streamline","Turbo"],"picked":"SKIP","floor":6},{"not_picked":["Steam","Reinforced Body"],"picked":"Hello World","floor":8},{"not_picked":["Beam Cell","Loop"],"picked":"Conserve Battery","floor":10},{"not_picked":["Streamline","Barrage"],"picked":"Steam","floor":11},{"not_picked":["Fusion","Streamline"],"picked":"Sweeping Beam","floor":12},{"not_picked":["Thunder Strike","Core Surge"],"picked":"Buffer","floor":16},{"not_picked":["Gash","Go for the Eyes"],"picked":"Hologram","floor":18},{"not_picked":["Barrage","Steam+1"],"picked":"Conserve Battery+1","floor":19},{"not_picked":["Lockon","Fusion","Barrage"],"picked":"SKIP","floor":20},{"not_picked":["Blizzard","Lockon+1"],"picked":"BootSequence","floor":23}],"player_experience":195842,"potions_floor_usage":[10,12,20,23,23,23,24],"damage_taken":[{"damage":3,"enemies":"2 Louse","floor":1,"turns":2},{"damage":0,"enemies":"Small Slimes","floor":4,"turns":4},{"damage":0,"enemies":"Cultist","floor":6,"turns":3},{"damage":2,"enemies":"Large Slime","floor":8,"turns":5},{"damage":2,"enemies":"Lagavulin","floor":10,"turns":6},{"damage":2,"enemies":"Red Slaver","floor":11,"turns":3},{"damage":18,"enemies":"Gremlin Nob","floor":12,"turns":4},{"damage":0,"enemies":"Hexaghost","floor":16,"turns":9},{"damage":8,"enemies":"2 Thieves","floor":18,"turns":4},{"damage":31,"enemies":"3 Byrds","floor":19,"turns":5},{"damage":8,"enemies":"Centurion and Healer","floor":20,"turns":8},{"damage":4,"enemies":"Gremlin Leader","floor":23,"turns":10},{"damage":8,"enemies":"Slaver and Parasite","floor":24,"turns":2}],"relics_obtained":[{"floor":9,"key":"Potion Belt"},{"floor":10,"key":"Smiling Mask"},{"floor":12,"key":"Regal Pillow"},{"floor":21,"key":"Nilry\u0027s Codex"},{"floor":23,"key":"Bottled Flame"}],"event_choices":[{"event_name":"Shining Light","player_choice":"Entered Light","floor":2,"damage_taken":0},{"event_name":"Golden Idol","player_choice":"Take Wound","floor":5,"damage_taken":0},{"event_name":"Purifier","player_choice":"One Purge","floor":7,"damage_taken":0},{"event_name":"Transmorgrifier","player_choice":"Transform","floor":13,"damage_taken":0},{"event_name":"Living Wall","player_choice":"Grow","floor":14,"damage_taken":0},{"event_name":"Cursed Tome","player_choice":"Obtained Book","floor":21,"damage_taken":0}],"boss_relics":[{"not_picked":["Black Star","Lizard Tail"],"picked":"White Beast Statue"}],"items_purged_floors":[],"is_endless":true,"potions_floor_spawned":[1,6,8,18,19,20,23],"seed_played":"-2130604220010901471","killed_by":"Slaver and Parasite","ascension_level":0,"potions_obtained":[{"floor":1,"key":"SteroidPotion"},{"floor":6,"key":"Ancient Potion"},{"floor":8,"key":"SpeedPotion"},{"floor":18,"key":"GamblersBrew"},{"floor":19,"key":"Energy Potion"},{"floor":20,"key":"SkillPotion"},{"floor":23,"key":"SkillPotion"}],"is_trial":false}