{"gold_per_floor":[118,129,129,2,52,52,80,91,117,143,143,159,159,175,175,246,246,265,215,232,232,249,249,263,289,289,316,316],"floor_reached":28,"playtime":1042,"items_purged":[],"score":546,"play_id":"54a2470c-4ffa-4b0b-b248-177e3b336d45","local_time":"20190208172117","is_ascension_mode":true,"campfire_choices":[{"data":"Rainbow","floor":6,"key":"SMITH"},{"data":"Zap","floor":11,"key":"SMITH"},{"data":"Ball Lightning","floor":13,"key":"SMITH"},{"floor":15,"key":"REST"},{"data":"Defragment","floor":23,"key":"SMITH"}],"neow_cost":"NONE","seed_source_timestamp":885157712237072,"circlet_count":0,"master_deck":["AscendersBane","Strike_B+1","Defend_B","Defend_B+1","Defend_B","Defend_B","Zap+1","Dualcast","Sweeping Beam","Rainbow+1","Ball Lightning+1","Self Repair","White Noise","Defragment+1","Electrodynamics","Double Energy+1","Machine Learning+1","Reinforced Body+1","Static Discharge","Consume","Cold Snap","Compile Driver","Buffer+1","Compile Driver+1"],"relics":["Cracked Core","Art of War","Potion Belt","Bag of Preparation","WingedGreaves","Astrolabe","Frozen Egg 2","Toxic Egg 2","Red Mask"],"potions_floor_usage":[10,22,25,27,28],"damage_taken":[{"damage":1,"enemies":"Cultist","floor":1,"turns":3},{"damage":2,"enemies":"Jaw Worm","floor":2,"turns":3},{"damage":35,"enemies":"Gremlin Nob","floor":7,"turns":4},{"damage":6,"enemies":"2 Louse","floor":8,"turns":3},{"damage":0,"enemies":"3 Sentries","floor":10,"turns":2},{"damage":12,"enemies":"2 Fungi Beasts","floor":12,"turns":3},{"damage":7,"enemies":"Large Slime","floor":14,"turns":5},{"damage":9,"enemies":"The Guardian","floor":16,"turns":11},{"damage":4,"enemies":"Spheric Guardian","floor":18,"turns":4},{"damage":6,"enemies":"3 Byrds","floor":20,"turns":2},{"damage":13,"enemies":"Snecko","floor":22,"turns":4},{"damage":4,"enemies":"Sentry and Sphere","floor":24,"turns":4},{"damage":25,"enemies":"Gremlin Leader","floor":25,"turns":7},{"damage":11,"enemies":"Masked Bandits","floor":27,"turns":4},{"damage":18,"enemies":"3 Cultists","floor":28,"turns":2}],"seed_played":"-7728287874886301933","potions_obtained":[{"floor":0,"key":"SteroidPotion"},{"floor":0,"key":"SpeedPotion"},{"floor":7,"key":"Strength Potion"},{"floor":8,"key":"PowerPotion"},{"floor":12,"key":"Swift Potion"},{"floor":20,"key":"Energy Potion"},{"floor":25,"key":"Dexterity Potion"},{"floor":27,"key":"SpeedPotion"}],"is_trial":false,"path_per_floor":["M","M","?","$","?","R","E","M","T","E","R","M","R","M","R","B",null,"M","?","M","?","M","R","M","E","T","?","M"],"character_chosen":"DEFECT","items_purchased":["Ball Lightning","Self Repair"],"campfire_rested":1,"item_purchase_floors":[4,4],"current_hp_per_floor":[63,61,56,56,56,56,28,22,22,29,29,24,24,24,45,43,64,60,60,54,54,41,41,37,19,19,15,0],"gold":316,"neow_bonus":"THREE_SMALL_POTIONS","is_prod":false,"is_daily":false,"chose_seed":false,"campfire_upgraded":4,"win_rate":0,"timestamp":1549642877,"path_taken":["M","M","?","$","?","R","E","M","T","E","R","?","R","M","R","BOSS","M","?","?","?","M","R","M","E","T","?","M"],"build_version":"2019-01-23","purchased_purges":0,"victory":false,"max_hp_per_floor":[71,71,71,71,71,71,71,71,71,71,71,71,71,71,71,71,71,71,71,71,71,71,71,71,71,71,71,71],"card_choices":[{"not_picked":["Conserve Battery","Gash"],"picked":"Sweeping Beam","floor":1},{"not_picked":["Double Energy","Coolheaded"],"picked":"Rainbow","floor":2},{"not_picked":["Barrage","Turbo","Multi-Cast"],"picked":"SKIP","floor":7},{"not_picked":["Skim","Hologram"],"picked":"White Noise","floor":8},{"not_picked":["Beam Cell","Streamline","Barrage"],"picked":"SKIP","floor":10},{"not_picked":["Compile Driver","Recycle","Gash"],"picked":"SKIP","floor":12},{"not_picked":["Barrage","Go for the Eyes"],"picked":"Defragment","floor":14},{"not_picked":["Echo Form","Core Surge"],"picked":"Electrodynamics","floor":16},{"not_picked":["Turbo","Lockon"],"picked":"Static Discharge","floor":18},{"not_picked":["Sweeping Beam","White Noise","Rebound+1"],"picked":"SKIP","floor":20},{"not_picked":["Redo","Rip and Tear"],"picked":"Cold Snap","floor":22},{"not_picked":["Streamline+1","Storm","Compile Driver"],"picked":"SKIP","floor":24},{"not_picked":["Streamline+1","Storm"],"picked":"Compile Driver","floor":24},{"not_picked":["Barrage","Ball Lightning"],"picked":"Buffer","floor":25},{"not_picked":["Redo+1","Steam+1"],"picked":"Compile Driver+1","floor":27}],"player_experience":1320809,"relics_obtained":[{"floor":7,"key":"Potion Belt"},{"floor":9,"key":"Bag of Preparation"},{"floor":10,"key":"WingedGreaves"},{"floor":25,"key":"Frozen Egg 2"},{"floor":26,"key":"Toxic Egg 2"},{"floor":27,"key":"Red Mask"}],"event_choices":[{"damage_healed":0,"gold_gain":0,"player_choice":"Success","damage_taken":5,"relics_obtained":["Art of War"],"max_hp_gain":0,"max_hp_loss":0,"event_name":"Scrap Ooze","floor":3,"gold_loss":0},{"damage_healed":0,"gold_gain":50,"player_choice":"Pray","damage_taken":0,"max_hp_gain":0,"max_hp_loss":0,"event_name":"Golden Shrine","floor":5,"gold_loss":0},{"damage_healed":0,"gold_gain":0,"player_choice":"Upgraded Two","damage_taken":0,"max_hp_gain":0,"max_hp_loss":0,"event_name":"Designer","floor":19,"gold_loss":50,"cards_upgraded":["Strike_B","Defend_B"]},{"damage_healed":0,"gold_gain":0,"player_choice":"Read","damage_taken":0,"max_hp_gain":0,"max_hp_loss":0,"event_name":"The Library","floor":21,"gold_loss":0,"cards_obtained":["Consume"]},{"damage_healed":0,"gold_gain":0,"player_choice":"Fought Bandits","damage_taken":0,"max_hp_gain":0,"max_hp_loss":0,"event_name":"Masked Bandits","floor":27,"gold_loss":0}],"is_beta":false,"boss_relics":[{"not_picked":["Tiny House","Sozu"],"picked":"Astrolabe"}],"items_purged_floors":[],"is_endless":false,"potions_floor_spawned":[1,7,8,12,16,20,25,27],"killed_by":"3 Cultists","ascension_level":20}