{"gold_per_floor":[115,14,14,27,27,27,57,73,98,159,175,187,187,207,207,308,308,322,332,64,64,64,64,83,83,138,151,151,162,162,179,179,281,281,296,316,329,340,340],"floor_reached":39,"playtime":1109,"items_purged":["Strike_R","Strike_R"],"score":422,"play_id":"9540d4aa-1c96-4d61-9228-e209c175ef8b","local_time":"20190417201828","is_ascension_mode":false,"campfire_choices":[{"data":"Pommel Strike","floor":6,"key":"SMITH"},{"data":"Immolate","floor":13,"key":"SMITH"},{"data":"Sword Boomerang","floor":15,"key":"SMITH"},{"data":"Limit Break","floor":23,"key":"SMITH"},{"data":"Inflame","floor":25,"key":"SMITH"},{"data":"Spot Weakness","floor":28,"key":"SMITH"},{"floor":30,"key":"REST"},{"data":"Flame Barrier","floor":32,"key":"SMITH"}],"neow_cost":"NONE","seed_source_timestamp":525791554075800,"circlet_count":0,"master_deck":["Strike_R","Strike_R","Strike_R","Defend_R","Defend_R","Defend_R","Defend_R","Bash+1","Pommel Strike+1","Pommel Strike","Headbutt","Headbutt","Sword Boomerang+1","Immolate+1","Limit Break+1","Second Wind","Reaper","Inflame+1","Spot Weakness+1","Flame Barrier+1","Fiend Fire","Disarm+1","Flex+1"],"relics":["Burning Blood","NeowsBlessing","Dream Catcher","Bag of Preparation","Smiling Mask","Tiny Chest","Velvet Choker","Lantern","Philosopher\u0027s Stone"],"potions_floor_usage":[35],"damage_taken":[{"damage":0,"enemies":"2 Louse","floor":1,"turns":1},{"damage":0,"enemies":"Cultist","floor":4,"turns":1},{"damage":0,"enemies":"Lagavulin","floor":7,"turns":1},{"damage":0,"enemies":"Small Slimes","floor":8,"turns":2},{"damage":31,"enemies":"3 Sentries","floor":10,"turns":7},{"damage":9,"enemies":"Blue Slaver","floor":11,"turns":3},{"damage":5,"enemies":"Looter","floor":12,"turns":3},{"damage":8,"enemies":"Exordium Wildlife","floor":14,"turns":3},{"damage":50,"enemies":"The Guardian","floor":16,"turns":9},{"damage":31,"enemies":"2 Thieves","floor":18,"turns":4},{"damage":7,"enemies":"Shell Parasite","floor":19,"turns":4},{"damage":37,"enemies":"Snake Plant","floor":24,"turns":4},{"damage":31,"enemies":"Shelled Parasite and Fungi","floor":27,"turns":4},{"damage":10,"enemies":"Snecko","floor":29,"turns":3},{"damage":15,"enemies":"Snake Plant","floor":31,"turns":3},{"damage":23,"enemies":"Automaton","floor":33,"turns":6},{"damage":60,"enemies":"Orb Walker","floor":35,"turns":6},{"damage":0,"enemies":"3 Darklings","floor":36,"turns":2},{"damage":19,"enemies":"Spire Growth","floor":37,"turns":4},{"damage":11,"enemies":"Sphere and 2 Shapes","floor":38,"turns":2}],"seed_played":"8062674373938545490","potions_obtained":[{"floor":7,"key":"SmokeBomb"},{"floor":10,"key":"SkillPotion"},{"floor":11,"key":"FearPotion"},{"floor":12,"key":"EssenceOfSteel"},{"floor":35,"key":"Fire Potion"}],"is_trial":false,"path_per_floor":["M","$","?","M","?","R","E","M","T","E","M","M","R","M","R","B",null,"M","M","$","?","?","R","M","R","T","M","R","M","R","M","R","B",null,"M","M","M","M","M"],"character_chosen":"IRONCLAD","items_purchased":["Shrug It Off","Reaper","Inflame"],"campfire_rested":1,"item_purchase_floors":[2,20,20],"current_hp_per_floor":[80,80,80,80,80,80,80,80,80,55,52,53,53,51,51,7,80,55,54,54,54,80,80,58,58,58,33,33,44,68,59,59,65,80,26,32,19,14,0],"gold":340,"neow_bonus":"THREE_ENEMY_KILL","is_prod":false,"is_daily":false,"chose_seed":false,"campfire_upgraded":7,"win_rate":0,"timestamp":1555525108,"path_taken":["M","$","?","?","?","R","E","M","T","E","M","M","R","M","R","BOSS","M","M","$","?","?","R","M","R","T","M","R","M","R","M","R","BOSS","M","M","M","M","M"],"build_version":"2019-01-23","purchased_purges":2,"victory":false,"max_hp_per_floor":[80,80,80,80,80,80,80,80,80,80,80,80,80,80,80,80,80,80,80,80,80,80,80,80,80,80,80,80,80,80,80,80,80,80,80,80,80,80,80],"card_choices":[{"not_picked":["Heavy Blade","Warcry"],"picked":"Pommel Strike","floor":1},{"not_picked":["Flex","Power Through"],"picked":"Pommel Strike","floor":4},{"not_picked":["Thunderclap","Sentinel"],"picked":"Headbutt","floor":7},{"not_picked":["Power Through","Iron Wave","Rampage"],"picked":"SKIP","floor":8},{"not_picked":["Twin Strike","Clothesline"],"picked":"Headbutt","floor":10},{"not_picked":["Flex","Entrench"],"picked":"Sword Boomerang","floor":11},{"not_picked":["Bloodletting","Perfected Strike"],"picked":"Immolate","floor":12},{"not_picked":["Twin Strike","Body Slam","Fire Breathing"],"picked":"SKIP","floor":14},{"not_picked":["Berserk","Bludgeon"],"picked":"Limit Break","floor":16},{"not_picked":["Hemokinesis","Headbutt","Sword Boomerang"],"picked":"SKIP","floor":18},{"not_picked":["Pommel Strike","Thunderclap"],"picked":"Second Wind","floor":19},{"not_picked":["Infernal Blade","Entrench","Blood for Blood+1"],"picked":"SKIP","floor":24},{"not_picked":["Armaments","Whirlwind"],"picked":"Spot Weakness","floor":27},{"not_picked":["Armaments","Reckless Charge"],"picked":"Flame Barrier","floor":29},{"not_picked":["Intimidate","Uppercut","Headbutt"],"picked":"SKIP","floor":31},{"not_picked":["Double Tap","Limit Break"],"picked":"Fiend Fire","floor":33},{"not_picked":["Clothesline+1","Armaments","Clash+1"],"picked":"SKIP","floor":35},{"not_picked":["Clothesline+1","Armaments","Clash+1"],"picked":"SKIP","floor":35},{"not_picked":["Fire Breathing+1","Ghostly Armor"],"picked":"Disarm+1","floor":36},{"not_picked":["Inflame","True Grit+1"],"picked":"Flex+1","floor":37},{"not_picked":["Perfected Strike","Seeing Red+1","Whirlwind"],"picked":"SKIP","floor":38}],"player_experience":595961,"relics_obtained":[{"floor":7,"key":"Bag of Preparation"},{"floor":9,"key":"Smiling Mask"},{"floor":10,"key":"Tiny Chest"},{"floor":26,"key":"Lantern"}],"event_choices":[{"cards_removed":["Shrug It Off"],"damage_healed":0,"gold_gain":0,"player_choice":"Gave Card","damage_taken":0,"relics_obtained":["Dream Catcher"],"max_hp_gain":0,"max_hp_loss":0,"event_name":"WeMeetAgain","floor":3,"gold_loss":0},{"damage_healed":0,"gold_gain":0,"player_choice":"Grow","damage_taken":0,"max_hp_gain":0,"max_hp_loss":0,"event_name":"Living Wall","floor":5,"gold_loss":0,"cards_upgraded":["Bash"]},{"damage_healed":0,"gold_gain":0,"player_choice":"Ignored","damage_taken":0,"max_hp_gain":0,"max_hp_loss":0,"event_name":"The Mausoleum","floor":21,"gold_loss":0},{"damage_healed":26,"gold_gain":0,"player_choice":"Heal","damage_taken":0,"max_hp_gain":0,"max_hp_loss":0,"event_name":"The Library","floor":22,"gold_loss":0}],"is_beta":false,"boss_relics":[{"not_picked":["Pandora\u0027s Box","Calling Bell"],"picked":"Velvet Choker"},{"not_picked":["White Beast Statue","Tiny House"],"picked":"Philosopher\u0027s Stone"}],"items_purged_floors":[2,20],"is_endless":false,"potions_floor_spawned":[7,10,11,12,19,24,33,35,37,38],"killed_by":"4 Shapes","ascension_level":0}