{"path_per_floor":["M","M","?","?","M","R","E","R","T","E","$","M","M","E","R"],"character_chosen":"THE_SILENT","items_purchased":["Infinite Blades","Distraction","Backflip","Sucker Punch"],"gold_per_floor":[119,139,139,139,157,157,182,182,182,216,4,20,38,72,72,72],"floor_reached":16,"campfire_rested":0,"playtime":951,"current_hp_per_floor":[70,70,56,56,56,56,42,42,42,24,24,24,20,18,18,0],"items_purged":[],"gold":72,"score":126,"play_id":"8b0efd98-c516-4a4b-adf3-983e1b0f58e7","local_time":"20180518001651","is_prod":false,"is_daily":false,"chose_seed":false,"is_ascension_mode":true,"campfire_upgraded":3,"timestamp":1526627811,"campfire_choices":[{"data":"Dash","floor":6,"key":"SMITH"},{"data":"Survivor","floor":8,"key":"SMITH"},{"data":"Infinite Blades","floor":15,"key":"SMITH"}],"path_taken":["M","M","?","?","M","R","E","R","T","E","$","?","M","E","R","BOSS"],"build_version":"2018-05-17","seed_source_timestamp":1921297498450587,"purchased_purges":0,"victory":false,"master_deck":["Defend_G","Defend_G","Defend_G","Defend_G+1","Defend_G","Strike_G","Strike_G","Strike_G","Strike_G","Strike_G","Survivor+1","Neutralize+1","Dash+1","Escape Plan","Heel Hook","Night Terror+1","Noxious Fumes","Infinite Blades+1","Distraction+1","Backflip+1","Sucker Punch","Outmaneuver+1","Leg Sweep+1","Adrenaline+1"],"max_hp_per_floor":[70,70,70,70,70,70,70,70,70,70,70,70,70,70,70,70],"relics":["Sozu","Toxic Egg 2","Mummified Hand","Oddly Smooth Stone","Anchor"],"card_choices":[{"not_picked":["Prepared","Acrobatics"],"picked":"Dash","floor":1},{"not_picked":["Dagger Spray","Flying Knee"],"picked":"Escape Plan","floor":2},{"not_picked":["Sucker Punch","PiercingWail"],"picked":"Heel Hook","floor":5},{"not_picked":["Quick Slash","Blade Dance"],"picked":"Night Terror","floor":7},{"not_picked":["Die Die Die","Distraction+1"],"picked":"Noxious Fumes","floor":10},{"not_picked":["Deadly Poison+1","Deflect+1"],"picked":"Outmaneuver+1","floor":12},{"not_picked":["Catalyst+1","Flying Knee"],"picked":"Leg Sweep+1","floor":13},{"not_picked":["Sucker Punch","Reflex+1"],"picked":"Adrenaline+1","floor":14}],"player_experience":78269,"potions_floor_usage":[],"damage_taken":[{"damage":0,"enemies":"Jaw Worm","floor":1,"turns":4},{"damage":0,"enemies":"Small Slimes","floor":2,"turns":3},{"damage":0,"enemies":"Cultist","floor":5,"turns":3},{"damage":14,"enemies":"3 Sentries","floor":7,"turns":9},{"damage":18,"enemies":"Gremlin Nob","floor":10,"turns":5},{"damage":0,"enemies":"Exordium Wildlife","floor":12,"turns":3},{"damage":4,"enemies":"Gremlin Gang","floor":13,"turns":4},{"damage":2,"enemies":"3 Sentries","floor":14,"turns":7},{"damage":29,"enemies":"Slime Boss","floor":16,"turns":3}],"relics_obtained":[{"floor":7,"key":"Toxic Egg 2"},{"floor":9,"key":"Mummified Hand"},{"floor":10,"key":"Oddly Smooth Stone"},{"floor":14,"key":"Anchor"}],"event_choices":[{"event_name":"Shining Light","player_choice":"Entered Light","floor":3,"damage_taken":0},{"event_name":"The Woman in Blue","player_choice":"Bought 0 Potions","floor":4,"damage_taken":0}],"boss_relics":[],"potions_floor_spawned":[2,7,12,14],"seed_played":"-6479459463371451578","killed_by":"Slime Boss","ascension_level":1,"potions_obtained":[],"is_trial":false}