{"path_per_floor":["M","?","?","M","$","R","M","$","T","E","R","E","M","E","R","B",null,"M","$","?","M","$","E","R","E","T","?","?","E","M","M","R","B",null,"M","?","T","?","$","R","E","R","T","M","M","M","M","E","R","B"],"character_chosen":"IRONCLAD","items_purchased":["Rupture","Shrug It Off","Heavy Blade","Pummel","Sword Boomerang","Battle Trance","Flex","Sadistic Nature","Trip","True Grit"],"gold_per_floor":[114,114,289,302,18,18,32,8,8,40,40,71,82,114,114,214,214,231,30,30,45,45,75,75,106,106,133,133,158,168,179,179,283,283,300,650,650,650,211,211,241,241,241,261,281,300,319,350,350,350],"floor_reached":51,"campfire_rested":0,"playtime":4936,"item_purchase_floors":[5,5,5,5,8,19,19,39,39,39],"current_hp_per_floor":[96,96,96,96,96,96,96,96,96,85,85,63,63,58,58,57,96,99,99,99,99,99,74,74,65,65,73,73,84,92,85,85,100,111,104,106,106,96,96,96,114,114,114,117,117,117,121,121,121,37],"items_purged":["Doubt","Writhe","Normality"],"gold":350,"score":1106,"play_id":"be980c12-f49a-4b42-b07d-198d5ff00c80","local_time":"20180605232340","is_prod":false,"is_daily":false,"chose_seed":false,"is_ascension_mode":false,"campfire_upgraded":4,"win_rate":0,"timestamp":1528266220,"campfire_choices":[{"data":"Rupture","floor":6,"key":"SMITH"},{"data":"Twin Strike","floor":11,"key":"SMITH"},{"data":"Fiend Fire","floor":15,"key":"SMITH"},{"data":"Battle Trance","floor":24,"key":"SMITH"},{"floor":32,"key":"DIG"},{"floor":40,"key":"DIG"},{"floor":42,"key":"DIG"},{"floor":49,"key":"DIG"}],"path_taken":["M","?","?","M","?","R","M","$","T","E","R","E","M","E","R","BOSS","M","$","?","M","$","E","R","E","T","?","?","E","M","M","R","BOSS","M","?","?","?","$","R","E","R","T","?","M","M","M","E","R","BOSS"],"build_version":"2018-05-31","seed_source_timestamp":480882209977149,"purchased_purges":3,"victory":true,"master_deck":["Strike_R","Strike_R","Strike_R","Strike_R","Strike_R","Defend_R","Defend_R","Defend_R+1","Defend_R","Bash+1","Twin Strike+1","Rage+1","Rupture+1","Shrug It Off","Heavy Blade","Pummel","Thunderclap","Sword Boomerang","Fiend Fire+1","Shrug It Off","Feed","True Grit","Battle Trance+1","Flex","Metallicize","Fire Breathing+1","Exhume","Corruption+1","Writhe","Havoc","Second Wind+1","Sentinel","Impervious","Regret","Normality","Sentinel+1","Jack Of All Trades","Bandage Up","Madness","Sadistic Nature","Trip","True Grit","Limit Break","Disarm+1","Warcry","Warcry+1"],"max_hp_per_floor":[96,96,96,96,96,96,96,96,96,96,96,96,96,96,96,96,96,99,99,99,99,99,102,102,105,105,105,105,108,108,108,108,111,111,111,111,111,111,111,111,114,114,114,117,117,117,121,121,121,121],"relics":["Burning Blood","Gremlin Horn","Dead Branch","Toolbox","Oddly Smooth Stone","Runic Cube","Gambling Chip","Blood Vial","Unceasing Top","Red Mask","Dodecahedron","Shovel","Centennial Puzzle","Calling Bell","War Paint","Self Forming Clay","Bird Faced Urn","Old Coin","Letter Opener","Girya","Magic Flower","Vajra","Frozen Egg 2","Blue Candle","Shuriken"],"card_choices":[{"not_picked":["Sever Soul","Sword Boomerang"],"picked":"Twin Strike","floor":1},{"not_picked":["Havoc","Body Slam"],"picked":"Rage","floor":4},{"not_picked":["Shrug It Off","Warcry"],"picked":"Thunderclap","floor":7},{"not_picked":["Power Through","Sword Boomerang","Twin Strike"],"picked":"SKIP","floor":10},{"not_picked":["Perfected Strike","Body Slam"],"picked":"Fiend Fire","floor":12},{"not_picked":["Cleave","Power Through"],"picked":"Shrug It Off","floor":13},{"not_picked":["Rage","Armaments","Entrench"],"picked":"SKIP","floor":14},{"not_picked":["Berserk","Juggernaut"],"picked":"Feed","floor":16},{"not_picked":["Thunderclap","Dual Wield"],"picked":"True Grit","floor":18},{"not_picked":["Heavy Blade","Sword Boomerang"],"picked":"Metallicize","floor":21},{"not_picked":["Dropkick","Headbutt"],"picked":"Fire Breathing+1","floor":23},{"not_picked":["Combust","Fire Breathing"],"picked":"Exhume","floor":25},{"not_picked":["Havoc","Iron Wave"],"picked":"Corruption+1","floor":27},{"not_picked":["Twin Strike","Wild Strike+1"],"picked":"Havoc","floor":29},{"not_picked":["Sword Boomerang","Shrug It Off"],"picked":"Second Wind+1","floor":30},{"not_picked":["Perfected Strike","Iron Wave"],"picked":"Sentinel","floor":31},{"not_picked":["Double Tap","Feed"],"picked":"Impervious","floor":33},{"not_picked":["Ghostly Armor","Flame Barrier"],"picked":"Sentinel+1","floor":35},{"not_picked":["Flash of Steel","Dark Shackles"],"picked":"Jack Of All Trades","floor":38},{"not_picked":["Purity","Madness"],"picked":"Bandage Up","floor":38},{"not_picked":["Mind Blast","Flash of Steel"],"picked":"Madness","floor":38},{"not_picked":["Perfected Strike+1","Dual Wield"],"picked":"Limit Break","floor":41},{"not_picked":["Body Slam+1","Perfected Strike"],"picked":"Disarm+1","floor":44},{"not_picked":["Armaments","Heavy Blade","Flex"],"picked":"SKIP","floor":45},{"not_picked":["Heavy Blade+1","Havoc+1"],"picked":"Warcry","floor":46},{"not_picked":["Dual Wield","Burning Pact"],"picked":"Warcry+1","floor":47},{"not_picked":["Clash+1","Cleave","Armaments"],"picked":"SKIP","floor":48}],"player_experience":470652,"potions_floor_usage":[14,14,23,27,27,50],"damage_taken":[{"damage":6,"enemies":"Cultist","floor":1,"turns":3},{"damage":0,"enemies":"Small Slimes","floor":4,"turns":3},{"damage":0,"enemies":"2 Louse","floor":7,"turns":3},{"damage":17,"enemies":"3 Sentries","floor":10,"turns":8},{"damage":28,"enemies":"Gremlin Nob","floor":12,"turns":4},{"damage":6,"enemies":"2 Fungi Beasts","floor":13,"turns":3},{"damage":11,"enemies":"Lagavulin","floor":14,"turns":5},{"damage":7,"enemies":"Slime Boss","floor":16,"turns":5},{"damage":0,"enemies":"2 Thieves","floor":18,"turns":3},{"damage":0,"enemies":"Chosen","floor":21,"turns":3},{"damage":34,"enemies":"Book of Stabbing","floor":23,"turns":6},{"damage":18,"enemies":"Slavers","floor":25,"turns":4},{"damage":0,"enemies":"Masked Bandits","floor":27,"turns":2},{"damage":0,"enemies":"Book of Stabbing","floor":29,"turns":2},{"damage":0,"enemies":"Sentry and Sphere","floor":30,"turns":2},{"damage":15,"enemies":"Cultist and Chosen","floor":31,"turns":4},{"damage":0,"enemies":"Collector","floor":33,"turns":7},{"damage":19,"enemies":"3 Darklings","floor":35,"turns":4},{"damage":16,"enemies":"Mysterious Sphere","floor":36,"turns":5},{"damage":3,"enemies":"2 Orb Walkers","floor":41,"turns":3},{"damage":3,"enemies":"3 Shapes","floor":44,"turns":2},{"damage":16,"enemies":"Maw","floor":45,"turns":6},{"damage":13,"enemies":"3 Darklings","floor":46,"turns":8},{"damage":2,"enemies":"Sphere and 2 Shapes","floor":47,"turns":3},{"damage":12,"enemies":"Giant Head","floor":48,"turns":5},{"damage":111,"enemies":"Time Eater","floor":50,"turns":10}],"relics_obtained":[{"floor":9,"key":"Gremlin Horn"},{"floor":10,"key":"Dead Branch"},{"floor":12,"key":"Toolbox"},{"floor":14,"key":"Oddly Smooth Stone"},{"floor":23,"key":"Gambling Chip"},{"floor":25,"key":"Blood Vial"},{"floor":26,"key":"Unceasing Top"},{"floor":27,"key":"Red Mask"},{"floor":29,"key":"Shovel"},{"floor":32,"key":"Centennial Puzzle"},{"floor":34,"key":"War Paint"},{"floor":34,"key":"Self Forming Clay"},{"floor":34,"key":"Bird Faced Urn"},{"floor":36,"key":"Old Coin"},{"floor":37,"key":"Letter Opener"},{"floor":40,"key":"Girya"},{"floor":41,"key":"Magic Flower"},{"floor":42,"key":"Vajra"},{"floor":43,"key":"Frozen Egg 2"},{"floor":48,"key":"Blue Candle"},{"floor":49,"key":"Shuriken"}],"event_choices":[{"event_name":"Upgrade Shrine","player_choice":"Upgraded","floor":2,"damage_taken":0},{"event_name":"Liars Game","player_choice":"agreed","floor":3,"damage_taken":0},{"event_name":"Ghosts","player_choice":"Ignored","floor":20,"damage_taken":0},{"event_name":"Masked Bandits","player_choice":"Fought over 106 gold","floor":27,"damage_taken":0},{"event_name":"The Mausoleum","player_choice":"Yes","floor":28,"damage_taken":0},{"event_name":"Mysterious Sphere","player_choice":"Fight","floor":36,"damage_taken":0},{"event_name":"SensoryStone","player_choice":"Memory 3","floor":38,"damage_taken":0}],"boss_relics":[{"not_picked":["Black Blood","Eternal Feather"],"picked":"Runic Cube"},{"not_picked":["Orrery","White Beast Statue"],"picked":"Calling Bell"}],"items_purged_floors":[5,19,39],"potions_floor_spawned":[12,13,16,23,25,29,44,46],"seed_played":"5802336691651500564","ascension_level":0,"potions_obtained":[{"floor":12,"key":"Weak Potion"},{"floor":13,"key":"Block Potion"},{"floor":16,"key":"Energy Potion"},{"floor":23,"key":"Ancient Potion"},{"floor":25,"key":"Explosive Potion"},{"floor":29,"key":"LiquidBronze"},{"floor":44,"key":"Explosive Potion"},{"floor":46,"key":"Explosive Potion"}],"is_trial":false}