{"gold_per_floor":[114,132,82,82,102,102,117,117,198,273,292,292],"floor_reached":12,"playtime":1518,"items_purged":[],"score":81,"play_id":"3364b4e7-d573-4903-b453-c24d08d0e0e8","local_time":"20180822233055","is_ascension_mode":true,"campfire_choices":[{"data":"Neutralize","floor":6,"key":"SMITH"}],"neow_cost":"","seed_source_timestamp":307619201712327,"circlet_count":0,"master_deck":["Defend_G","Defend_G","Defend_G","Defend_G","Defend_G","Strike_G","Strike_G","Strike_G","Survivor","Neutralize+1","Well Laid Plans","Concentrate","Poisoned Stab","Caltrops"],"relics":["Ring of the Snake","Question Card"],"potions_floor_usage":[],"damage_taken":[{"damage":1,"enemies":"Small Slimes","floor":1,"turns":3},{"damage":0,"enemies":"2 Louse","floor":2,"turns":3},{"damage":1,"enemies":"Jaw Worm","floor":5,"turns":3},{"damage":14,"enemies":"3 Louse","floor":7,"turns":4},{"damage":31,"enemies":"Lots of Slimes","floor":11,"turns":6},{"damage":7,"enemies":"Lagavulin","floor":12,"turns":3}],"seed_played":"8242106812999241603","potions_obtained":[{"floor":1,"key":"Poison Potion"},{"floor":7,"key":"Ancient Potion"}],"is_trial":false,"path_per_floor":["M","M","?","?","M","R","M","?","T","?","M"],"character_chosen":"THE_SILENT","items_purchased":[],"campfire_rested":0,"item_purchase_floors":[],"current_hp_per_floor":[69,69,69,70,69,69,55,48,48,37,6,0],"gold":292,"neow_bonus":"","is_prod":false,"is_daily":false,"chose_seed":false,"campfire_upgraded":1,"win_rate":0,"timestamp":1535005855,"path_taken":["M","M","?","?","M","R","M","?","T","?","M","E"],"build_version":"2018-08-16","purchased_purges":0,"victory":false,"max_hp_per_floor":[70,70,70,70,70,70,70,70,70,70,70,70],"card_choices":[{"not_picked":["Acrobatics","Blade Dance"],"picked":"Setup","floor":1},{"not_picked":["Eviscerate","Underhanded Strike"],"picked":"Well Laid Plans","floor":2},{"not_picked":["Prepared","Endless Agony"],"picked":"Concentrate","floor":5},{"not_picked":["Endless Agony","Heel Hook"],"picked":"Poisoned Stab","floor":7},{"not_picked":["Sucker Punch","Flechettes","Quick Slash"],"picked":"Caltrops","floor":11}],"player_experience":706836,"relics_obtained":[{"floor":9,"key":"Question Card"}],"event_choices":[{"event_name":"The Cleric","player_choice":"Card Removal","floor":3,"damage_taken":0},{"event_name":"Bonfire Elementals","player_choice":"UNCOMMON","floor":4,"damage_taken":0},{"event_name":"Golden Wing","player_choice":"Card Removal","floor":8,"damage_taken":0},{"event_name":"World of Goop","player_choice":"Gather Gold","floor":10,"damage_taken":0}],"is_beta":false,"boss_relics":[],"items_purged_floors":[],"is_endless":false,"potions_floor_spawned":[1,7],"killed_by":"Lagavulin","ascension_level":3}