{"gold_per_floor":[112,112,129,129,129,129,157,176,248,279,299,299,224,234,234,337,337,349,359,359,68,68,93,16,16,16,44,62,62,77,26,26,124,124,135,135,55,155,202,202,235,262,338,338,338,349,349,365,365,365],"floor_reached":51,"playtime":3572,"items_purged":["Strike_R"],"score":1043,"play_id":"7e9fa148-3c38-416e-bd00-b49e352b0f51","local_time":"20190328021848","is_ascension_mode":true,"campfire_choices":[{"data":"Bash","floor":6.0,"key":"SMITH"},{"data":"Fiend Fire","floor":15.0,"key":"SMITH"},{"data":"Offering","floor":25.0,"key":"SMITH"},{"data":"Uppercut","floor":29.0,"key":"SMITH"},{"data":"Feel No Pain","floor":32.0,"key":"SMITH"},{"floor":40,"key":"DIG"},{"floor":44,"key":"DIG"},{"floor":45,"key":"DIG"},{"floor":47,"key":"DIG"},{"floor":49,"key":"DIG"}],"neow_cost":"NONE","seed_source_timestamp":0,"circlet_count":0,"master_deck":["Strike_R","Strike_R","Strike_R","Strike_R","Defend_R","Defend_R+1","Defend_R","Defend_R","Bash+1","Uppercut+1","Anger","Pommel Strike","Fiend Fire+1","Shrug It Off+1","Offering+1","Reaper","Shrug It Off","Iron Wave","Iron Wave","Uppercut+1","Corruption","Havoc","Feel No Pain+1","Headbutt","Power Through","Headbutt","Dark Embrace","Clothesline+1","Disarm","Inflame+1","Spot Weakness+1","Sword Boomerang+1","Pommel Strike+1","Sword Boomerang+1","Power Through+1"],"special_seed":0,"relics":["Burning Blood","Oddly Smooth Stone","Pen Nib","Charon\u0027s Ashes","Orrery","Bottled Lightning","Matryoshka","Shuriken","War Paint","Sundial","Gambling Chip","Snecko Eye","WingedGreaves","Shovel","Letter Opener","Peace Pipe","Molten Egg 2","Frozen Egg 2","Pear","Pantograph","Regal Pillow","Bag of Preparation","Bottled Tornado"],"potions_floor_usage":[42,50,50,50],"damage_taken":[{"damage":10.0,"enemies":"Jaw Worm","floor":1.0,"turns":6.0},{"damage":0.0,"enemies":"Small Slimes","floor":3.0,"turns":3.0},{"damage":12.0,"enemies":"Gremlin Nob","floor":7.0,"turns":3.0},{"damage":0.0,"enemies":"Cultist","floor":8.0,"turns":2.0},{"damage":28.0,"enemies":"Lagavulin","floor":10.0,"turns":6.0},{"damage":4.0,"enemies":"Exordium Thugs","floor":11.0,"turns":3.0},{"damage":26.0,"enemies":"Gremlin Gang","floor":14.0,"turns":5.0},{"damage":6.0,"enemies":"Slime Boss","floor":16.0,"turns":4.0},{"damage":0.0,"enemies":"Spheric Guardian","floor":18.0,"turns":1.0},{"damage":18.0,"enemies":"3 Byrds","floor":19.0,"turns":5.0},{"damage":14.0,"enemies":"Book of Stabbing","floor":23.0,"turns":4.0},{"damage":19.0,"enemies":"Slavers","floor":27.0,"turns":4.0},{"damage":6.0,"enemies":"Snecko","floor":28.0,"turns":3.0},{"damage":6.0,"enemies":"Cultist and Chosen","floor":30.0,"turns":3.0},{"damage":69.0,"enemies":"Collector","floor":33.0,"turns":9.0},{"damage":19,"enemies":"3 Darklings","floor":35,"turns":4},{"damage":6,"enemies":"Mind Bloom Boss Battle","floor":38,"turns":3},{"damage":6,"enemies":"2 Orb Walkers","floor":39,"turns":4},{"damage":6,"enemies":"Reptomancer","floor":41,"turns":2},{"damage":43,"enemies":"Nemesis","floor":42,"turns":3},{"damage":6,"enemies":"Orb Walker","floor":46,"turns":1},{"damage":6,"enemies":"Writhing Mass","floor":48,"turns":1},{"damage":31,"enemies":"Donu and Deca","floor":50,"turns":9}],"seed_played":"6246780657344837531","potions_obtained":[{"floor":1.0,"key":"Swift Potion"},{"floor":5.0,"key":"EssenceOfSteel"},{"floor":5.0,"key":"Explosive Potion"},{"floor":19.0,"key":"Energy Potion"},{"floor":23.0,"key":"AttackPotion"},{"floor":30.0,"key":"AttackPotion"},{"floor":33.0,"key":"Dexterity Potion"},{"floor":38,"key":"BloodPotion"},{"floor":41,"key":"Explosive Potion"},{"floor":42,"key":"Swift Potion"}],"is_trial":false,"path_per_floor":["M","?","M","?","?","R","E","M","T","E","M","T","$","M","R","B",null,"M","M","?","$","T","E","$","R","T","E","M","R","M","$","R","B",null,"M","?","$","?","?","R","E","E","T","R","R","M","R","M","R","B",null],"character_chosen":"IRONCLAD","items_purchased":["Bottled Lightning","Corruption","Feel No Pain","Headbutt","Disarm"],"campfire_rested":0,"item_purchase_floors":[21,21,24,31,37],"current_hp_per_floor":[84,84,88,88,88,88,82,88,88,66,68,68,68,48,48,48,78,84,72,72,72,72,70,70,70,70,57,63,63,67,67,67,16,70,70,60,60,60,70,70,70,41,51,51,51,51,51,51,51,51],"gold":365,"neow_bonus":"TEN_PERCENT_HP_BONUS","is_prod":false,"is_daily":false,"chose_seed":false,"campfire_upgraded":5,"win_rate":0,"timestamp":1553750328,"path_taken":["M","?","M","?","?","R","E","M","T","E","?","?","$","M","R","BOSS","M","?","?","$","?","E","$","R","T","E","M","R","?","$","R","BOSS","M","?","$","?","?","R","E","E","T","R","R","M","R","M","R","BOSS"],"build_version":"2019-01-23","purchased_purges":1,"victory":true,"max_hp_per_floor":[88,88,88,88,88,88,88,88,88,88,88,88,88,88,88,88,88,88,88,88,88,88,88,88,88,88,88,88,88,88,88,88,88,88,88,88,88,88,88,88,88,88,98,98,98,98,98,98,98,98],"card_choices":[{"not_picked":["Twin Strike","Warcry"],"picked":"Uppercut","floor":1.0},{"not_picked":["Twin Strike","Headbutt"],"picked":"Anger","floor":3.0},{"not_picked":["Inflame","Rupture"],"picked":"Pommel Strike","floor":7.0},{"not_picked":["Warcry","Dual Wield","Heavy Blade"],"picked":"SKIP","floor":8.0},{"not_picked":["Havoc","Heavy Blade"],"picked":"Fiend Fire","floor":10.0},{"not_picked":["Warcry","Body Slam"],"picked":"Shrug It Off","floor":11.0},{"not_picked":["Wild Strike","Heavy Blade"],"picked":"Offering","floor":14.0},{"not_picked":["Barricade","Limit Break"],"picked":"Reaper","floor":16.0},{"not_picked":["Corruption","Metallicize"],"picked":"Shrug It Off","floor":17.0},{"not_picked":["Flex","Havoc"],"picked":"Iron Wave","floor":17.0},{"not_picked":["Perfected Strike","Clash"],"picked":"Iron Wave","floor":17.0},{"not_picked":["Thunderclap","Perfected Strike+1"],"picked":"Uppercut","floor":18.0},{"not_picked":["Reckless Charge","Warcry","Perfected Strike"],"picked":"SKIP","floor":19.0},{"not_picked":["Brutality","Perfected Strike"],"picked":"Havoc","floor":23.0},{"not_picked":["Thunderclap+1","Dual Wield+1"],"picked":"Headbutt","floor":27.0},{"not_picked":["Rage","Perfected Strike","Second Wind"],"picked":"SKIP","floor":28.0},{"not_picked":["Shrug It Off","Carnage"],"picked":"Power Through","floor":30.0},{"not_picked":["Impervious","Feed"],"picked":"Dark Embrace","floor":33.0},{"not_picked":["Wild Strike+1","Headbutt"],"picked":"Clothesline+1","floor":35},{"not_picked":["Wild Strike","Havoc+1"],"picked":"Inflame+1","floor":38},{"not_picked":["Carnage+1","Sentinel+1"],"picked":"Spot Weakness+1","floor":39},{"not_picked":["Wild Strike","Shrug It Off"],"picked":"Sword Boomerang+1","floor":41},{"not_picked":["Warcry+1","Heavy Blade"],"picked":"Pommel Strike+1","floor":42},{"not_picked":["Fire Breathing+1","Warcry+1"],"picked":"Sword Boomerang+1","floor":46},{"not_picked":["Thunderclap+1","Clash+1"],"picked":"Power Through+1","floor":48}],"player_experience":415878,"relics_obtained":[{"floor":7.0,"key":"Oddly Smooth Stone"},{"floor":10.0,"key":"Pen Nib"},{"floor":12.0,"key":"Charon\u0027s Ashes"},{"floor":22.0,"key":"Matryoshka"},{"floor":23.0,"key":"Shuriken"},{"floor":26.0,"key":"War Paint"},{"floor":26.0,"key":"Sundial"},{"floor":27.0,"key":"Gambling Chip"},{"floor":38,"key":"WingedGreaves"},{"floor":39,"key":"Shovel"},{"floor":40,"key":"Letter Opener"},{"floor":41,"key":"Peace Pipe"},{"floor":42,"key":"Molten Egg 2"},{"floor":43,"key":"Frozen Egg 2"},{"floor":43,"key":"Pear"},{"floor":44,"key":"Pantograph"},{"floor":45,"key":"Regal Pillow"},{"floor":47,"key":"Bag of Preparation"},{"floor":49,"key":"Bottled Tornado"}],"event_choices":[{"damage_healed":0.0,"max_hp_gain":0.0,"max_hp_loss":0.0,"gold_gain":0.0,"event_name":"Living Wall","player_choice":"Grow","floor":2.0,"gold_loss":0.0,"damage_taken":0.0,"cards_upgraded":["Uppercut"]},{"damage_healed":0.0,"max_hp_gain":0.0,"max_hp_loss":0.0,"gold_gain":0.0,"event_name":"Shining Light","player_choice":"Ignored","floor":4.0,"gold_loss":0.0,"damage_taken":0.0},{"damage_healed":0.0,"max_hp_gain":0.0,"max_hp_loss":0.0,"gold_gain":0.0,"event_name":"Lab","player_choice":"Got Potions","floor":5.0,"gold_loss":0.0,"damage_taken":0.0},{"damage_healed":0.0,"max_hp_gain":0.0,"max_hp_loss":0.0,"gold_gain":0.0,"event_name":"N\u0027loth","player_choice":"Ignored","floor":20.0,"gold_loss":0.0,"damage_taken":0.0},{"damage_healed":0,"gold_gain":0,"player_choice":"Memory 3","damage_taken":10,"max_hp_gain":0,"max_hp_loss":0,"event_name":"SensoryStone","floor":36,"gold_loss":0},{"damage_healed":0,"gold_gain":0,"player_choice":"Fight","damage_taken":0,"max_hp_gain":0,"max_hp_loss":0,"event_name":"MindBloom","floor":38,"gold_loss":0},{"damage_healed":0,"gold_gain":0,"player_choice":"Fight","damage_taken":0,"max_hp_gain":0,"max_hp_loss":0,"event_name":"Mysterious Sphere","floor":39,"gold_loss":0}],"is_beta":false,"boss_relics":[{"not_picked":["White Beast Statue","Runic Pyramid"],"picked":"Orrery"},{"not_picked":["Lizard Tail","Black Blood"],"picked":"Snecko Eye"}],"items_purged_floors":[13],"is_endless":false,"potions_floor_spawned":[1,14,16,19,23,30,33,38,41,42,46],"ascension_level":5}