{"gold_per_floor":[110,127,127,144,144,171,171,203,203,51,126,126,126,142,142,237,237,256,267,182,57,57,57,87,87,87,87,100,127,127,140,140,244,244,263,263,280,290,308,341,341,367,367,367,378,411,411,13,13,13,13,13,13,38,38],"floor_reached":56,"playtime":1507,"items_purged":["Strike_R"],"score":1668,"play_id":"232ef5ba-e4d7-450d-9e9b-a363cc06a444","local_time":"20190324235357","is_ascension_mode":true,"campfire_choices":[{"data":"Body Slam","floor":7,"key":"SMITH"},{"data":"Body Slam","floor":13,"key":"SMITH"},{"data":"Bludgeon","floor":15,"key":"SMITH"},{"data":"Defend_R","floor":23,"key":"PURGE"},{"data":"Defend_R","floor":25,"key":"PURGE"},{"data":"Defend_R","floor":27,"key":"PURGE"},{"data":"Bash","floor":32,"key":"PURGE"},{"data":"Bludgeon+1","floor":41,"key":"PURGE"},{"data":"Defend_R+1","floor":44,"key":"PURGE"},{"data":"Impervious+1","floor":47,"key":"PURGE"},{"floor":49,"key":"RECALL"},{"data":"1","floor":52,"key":"LIFT"}],"neow_cost":"TEN_PERCENT_HP_LOSS","seed_source_timestamp":526205310661199,"circlet_count":0,"master_deck":["Body Slam+1","Body Slam+1","Shrug It Off+1","Shrug It Off+1","Battle Trance+1"],"relics":["Burning Blood","Happy Flower","Peace Pipe","Singing Bowl","PreservedInsect","Toxic Egg 2","Pocketwatch","Orrery","Smiling Mask","Ancient Tea Set","Girya","Sozu","WingedGreaves","The Courier","Letter Opener","Pen Nib","Sundial","Paper Frog","Oddly Smooth Stone"],"potions_floor_usage":[8,8,16,16,33,33,55,55],"damage_taken":[{"damage":5,"enemies":"2 Louse","floor":1,"turns":3},{"damage":6,"enemies":"Cultist","floor":2,"turns":3},{"damage":1,"enemies":"Jaw Worm","floor":4,"turns":4},{"damage":26,"enemies":"Lagavulin","floor":6,"turns":5},{"damage":13,"enemies":"3 Sentries","floor":8,"turns":7},{"damage":1,"enemies":"Large Slime","floor":14,"turns":3},{"damage":23,"enemies":"Slime Boss","floor":16,"turns":7},{"damage":0,"enemies":"Chosen","floor":18,"turns":2},{"damage":2,"enemies":"Shell Parasite","floor":19,"turns":3},{"damage":0,"enemies":"Gremlin Leader","floor":24,"turns":3},{"damage":0,"enemies":"Snake Plant","floor":28,"turns":1},{"damage":0,"enemies":"Slavers","floor":29,"turns":4},{"damage":0,"enemies":"Cultist and Chosen","floor":31,"turns":3},{"damage":0,"enemies":"Champ","floor":33,"turns":4},{"damage":0,"enemies":"3 Shapes","floor":35,"turns":2},{"damage":0,"enemies":"Orb Walker","floor":37,"turns":1},{"damage":0,"enemies":"Sphere and 2 Shapes","floor":38,"turns":2},{"damage":0,"enemies":"Maw","floor":39,"turns":4},{"damage":0,"enemies":"Reptomancer","floor":40,"turns":2},{"damage":0,"enemies":"Nemesis","floor":42,"turns":1},{"damage":0,"enemies":"Transient","floor":45,"turns":5},{"damage":0,"enemies":"Reptomancer","floor":46,"turns":1},{"damage":0,"enemies":"Awakened One","floor":50,"turns":3},{"damage":0,"enemies":"Shield and Spear","floor":54,"turns":1},{"damage":70,"enemies":"The Heart","floor":55,"turns":7}],"seed_played":"5694601978042436074","potions_obtained":[{"floor":1,"key":"Dexterity Potion"},{"floor":2,"key":"Strength Potion"},{"floor":6,"key":"Fire Potion"},{"floor":14,"key":"Poison Potion"},{"floor":24,"key":"SkillPotion"},{"floor":28,"key":"GamblersBrew"},{"floor":29,"key":"Poison Potion"},{"floor":33,"key":"SpeedPotion"}],"is_trial":false,"path_per_floor":["M","M","?","M","?","E","R","E","T","$","T","?","R","M","R","B",null,"M","M","?","$","?","R","E","R","T","R","M","E","?","M","R","B",null,"M","?","M","M","M","E","R","E","T","R","M","E","R","$","R","B",null,"R","$","E","B",null],"character_chosen":"IRONCLAD","items_purchased":["PreservedInsect","Battle Trance+1","Sundial","Paper Frog"],"campfire_rested":0,"item_purchase_floors":[10,21,48,48],"current_hp_per_floor":[72,72,72,72,65,45,45,38,38,38,38,38,38,45,45,30,82,84,86,86,86,86,86,88,88,88,88,90,92,92,94,94,94,94,96,91,93,95,97,99,99,101,101,101,103,105,105,105,105,105,105,105,105,107,43],"gold":38,"neow_bonus":"TRANSFORM_TWO_CARDS","is_prod":false,"is_daily":false,"chose_seed":false,"campfire_upgraded":3,"win_rate":0,"timestamp":1553496837,"path_taken":["M","M","?","?","?","E","R","E","T","$","?","?","R","M","R","BOSS","M","M","?","$","?","R","E","R","T","R","M","E","?","?","R","BOSS","M","?","M","M","M","E","R","E","T","R","M","E","R","$","R","BOSS","R","$","E","BOSS"],"build_version":"2019-01-23","purchased_purges":1,"victory":true,"max_hp_per_floor":[72,72,72,72,72,72,72,72,72,72,72,72,72,74,74,76,82,84,86,86,86,86,86,88,88,88,88,90,92,92,94,94,94,94,96,91,93,95,97,99,99,101,101,101,103,105,105,105,105,105,105,105,105,107,107],"card_choices":[{"not_picked":["Whirlwind","Reckless Charge"],"picked":"Body Slam","floor":1},{"not_picked":["Second Wind","Cleave","Sever Soul"],"picked":"SKIP","floor":2},{"not_picked":["Iron Wave","Rupture","Shockwave"],"picked":"SKIP","floor":4},{"not_picked":["Searing Blow","Havoc","Shockwave"],"picked":"SKIP","floor":6},{"not_picked":["Iron Wave","Ghostly Armor","Burning Pact"],"picked":"SKIP","floor":8},{"not_picked":["Clash","Heavy Blade","Flex+1"],"picked":"Singing Bowl","floor":14},{"not_picked":["Reaper","Immolate","Limit Break+1"],"picked":"Singing Bowl","floor":16},{"not_picked":["Cleave","Metallicize"],"picked":"Shrug It Off+1","floor":17},{"not_picked":["Anger","Headbutt"],"picked":"Shrug It Off+1","floor":17},{"not_picked":["Power Through+1","Flex+1","Whirlwind"],"picked":"Singing Bowl","floor":17},{"not_picked":["Wild Strike","Cleave","Pommel Strike"],"picked":"Singing Bowl","floor":17},{"not_picked":["Havoc+1","Iron Wave","Headbutt"],"picked":"Singing Bowl","floor":17},{"not_picked":["Perfected Strike+1","Sword Boomerang","Carnage"],"picked":"Singing Bowl","floor":18},{"not_picked":["Hemokinesis","Demon Form","Wild Strike"],"picked":"Singing Bowl","floor":19},{"not_picked":["Warcry+1","Iron Wave","Headbutt+1"],"picked":"Singing Bowl","floor":24},{"not_picked":["Sever Soul","Pommel Strike","Wild Strike+1"],"picked":"Singing Bowl","floor":28},{"not_picked":["Combust","Pummel","Twin Strike"],"picked":"Singing Bowl","floor":29},{"not_picked":["Pummel","Wild Strike+1","Perfected Strike"],"picked":"Singing Bowl","floor":31},{"not_picked":["Exhume+1","Feed"],"picked":"Impervious+1","floor":33},{"not_picked":["True Grit+1","Body Slam+1","Intimidate+1"],"picked":"Singing Bowl","floor":35},{"not_picked":["Warcry+1","Iron Wave+1","Body Slam"],"picked":"Singing Bowl","floor":37},{"not_picked":["Havoc+1","Headbutt","Heavy Blade+1"],"picked":"Singing Bowl","floor":38},{"not_picked":["Body Slam","Rage+1","Burning Pact+1"],"picked":"Singing Bowl","floor":39},{"not_picked":["Rage+1","Armaments+1","Brutality"],"picked":"Singing Bowl","floor":40},{"not_picked":["Body Slam+1","Burning Pact+1","Disarm+1"],"picked":"Singing Bowl","floor":42},{"not_picked":["Fire Breathing","Wild Strike+1","Twin Strike+1"],"picked":"Singing Bowl","floor":45},{"not_picked":["Wild Strike","Flex+1","Pommel Strike"],"picked":"Singing Bowl","floor":46},{"not_picked":["Inflame","Havoc+1","Iron Wave"],"picked":"Singing Bowl","floor":54}],"player_experience":834948,"relics_obtained":[{"floor":6,"key":"Happy Flower"},{"floor":8,"key":"Peace Pipe"},{"floor":9,"key":"Singing Bowl"},{"floor":11,"key":"Toxic Egg 2"},{"floor":24,"key":"Ancient Tea Set"},{"floor":29,"key":"Girya"},{"floor":40,"key":"WingedGreaves"},{"floor":42,"key":"The Courier"},{"floor":43,"key":"Letter Opener"},{"floor":46,"key":"Pen Nib"},{"floor":54,"key":"Oddly Smooth Stone"}],"event_choices":[{"damage_healed":0,"gold_gain":0,"cards_transformed":["Strike_R"],"player_choice":"Transformed","damage_taken":0,"max_hp_gain":0,"max_hp_loss":0,"event_name":"Transmorgrifier","floor":3,"gold_loss":0,"cards_obtained":["Intimidate"]},{"cards_removed":["Strike_R"],"damage_healed":0,"gold_gain":0,"player_choice":"Card Removal","damage_taken":7,"max_hp_gain":0,"max_hp_loss":0,"event_name":"Golden Wing","floor":5,"gold_loss":0},{"cards_removed":["Intimidate"],"damage_healed":0,"gold_gain":0,"player_choice":"Gave Card","damage_taken":0,"relics_obtained":["Pocketwatch"],"max_hp_gain":0,"max_hp_loss":0,"event_name":"WeMeetAgain","floor":12,"gold_loss":0},{"damage_healed":0,"gold_gain":0,"player_choice":"Obtained Relic","damage_taken":0,"relics_obtained":["Smiling Mask"],"max_hp_gain":0,"max_hp_loss":0,"event_name":"Addict","floor":20,"gold_loss":85},{"damage_healed":0,"gold_gain":0,"player_choice":"Ignored","damage_taken":0,"max_hp_gain":0,"max_hp_loss":0,"event_name":"The Mausoleum","floor":22,"gold_loss":0},{"damage_healed":0,"gold_gain":0,"player_choice":"Forge","damage_taken":0,"max_hp_gain":0,"max_hp_loss":0,"event_name":"Accursed Blacksmith","floor":30,"gold_loss":0,"cards_upgraded":["Defend_R"]},{"damage_healed":0,"gold_gain":0,"player_choice":"Max HP","damage_taken":0,"max_hp_gain":0,"max_hp_loss":5,"event_name":"Winding Halls","floor":36,"gold_loss":0}],"is_beta":false,"boss_relics":[{"not_picked":["Fusion Hammer","Black Star"],"picked":"Orrery"},{"not_picked":["Empty Cage","Busted Crown"],"picked":"Sozu"}],"items_purged_floors":[21],"is_endless":false,"potions_floor_spawned":[1,2,6,14,24,28,29,31,33,38,45],"ascension_level":1}