{"gold_per_floor":[110,60,73,90,109,109,134,151,178,190,212,254,31,48,48,147,147,167,178,277,277,202,202,117,117,140,49,75,101,112,123,123,123],"floor_reached":33,"playtime":1300,"items_purged":["Writhe"],"score":347,"play_id":"9a83df49-87b7-46a8-a360-f1887baaf43a","local_time":"20180814114817","is_ascension_mode":true,"campfire_choices":[{"data":"Iron Wave","floor":6,"key":"SMITH"},{"data":"Flex","floor":10,"key":"SMITH"},{"floor":15,"key":"REST"},{"floor":23,"key":"REST"},{"data":"Limit Break","floor":25,"key":"SMITH"},{"floor":32,"key":"REST"}],"neow_cost":"","seed_source_timestamp":425439544875679,"circlet_count":0,"master_deck":["Strike_R","Strike_R","Strike_R","Strike_R","Defend_R","Defend_R","Defend_R","Defend_R","Bash","Cleave","Bloodletting+1","Iron Wave+1","Twin Strike","Flex+1","Flex","Inflame","Shrug It Off","Limit Break+1","True Grit+1","Iron Wave+1","Panacea","Cleave","Infernal Blade+1"],"relics":["Burning Blood","Anchor","MawBank","Bag of Preparation","Sling","Black Star","War Paint","Smiling Mask","Bronze Scales","Dream Catcher","Orichalcum","Potion Belt"],"potions_floor_usage":[16,16,16,18,29,31],"damage_taken":[{"damage":0,"enemies":"Small Slimes","floor":1,"turns":4},{"damage":1,"enemies":"Cultist","floor":3,"turns":4},{"damage":0,"enemies":"2 Louse","floor":4,"turns":3},{"damage":8,"enemies":"2 Fungi Beasts","floor":5,"turns":4},{"damage":46,"enemies":"Lagavulin","floor":7,"turns":8},{"damage":11,"enemies":"Large Slime","floor":8,"turns":7},{"damage":3,"enemies":"Red Slaver","floor":11,"turns":4},{"damage":5,"enemies":"Exordium Thugs","floor":14,"turns":4},{"damage":63,"enemies":"Hexaghost","floor":16,"turns":11},{"damage":11,"enemies":"2 Thieves","floor":18,"turns":4},{"damage":30,"enemies":"Shell Parasite","floor":19,"turns":5},{"damage":34,"enemies":"Slavers","floor":29,"turns":4},{"damage":3,"enemies":"Chosen and Byrds","floor":30,"turns":5},{"damage":26,"enemies":"Cultist and Chosen","floor":31,"turns":6},{"damage":39,"enemies":"Champ","floor":33,"turns":7}],"seed_played":"3200144886192084124","potions_obtained":[{"floor":1,"key":"Regen Potion"},{"floor":4,"key":"Energy Potion"},{"floor":8,"key":"PowerPotion"},{"floor":16,"key":"Poison Potion"},{"floor":19,"key":"PowerPotion"},{"floor":29,"key":"Swift Potion"}],"is_trial":false,"path_per_floor":["M","?","M","M","M","R","E","M","T","R","M","?","$","M","R","B",null,"M","M","?","?","$","R","?","R","T","$","T","E","M","M","R"],"character_chosen":"IRONCLAD","items_purchased":["Sling","Inflame","Panacea"],"campfire_rested":3,"item_purchase_floors":[13,13,27],"current_hp_per_floor":[78,78,80,80,78,78,38,33,33,33,36,36,36,37,61,19,65,60,36,36,36,36,60,60,60,60,60,60,32,35,15,39,0],"gold":123,"neow_bonus":"","is_prod":false,"is_daily":false,"chose_seed":false,"campfire_upgraded":3,"win_rate":0,"timestamp":1534240097,"path_taken":["M","?","M","M","M","R","E","M","T","R","M","?","$","?","R","BOSS","M","M","?","?","$","R","?","R","T","?","?","E","?","M","R","BOSS"],"build_version":"2018-08-09","purchased_purges":1,"victory":false,"max_hp_per_floor":[80,80,80,80,80,80,80,80,80,80,80,80,80,80,80,80,80,80,80,80,80,80,80,80,80,80,80,80,80,80,80,80,80],"card_choices":[{"not_picked":["Rage","Havoc"],"picked":"Cleave","floor":1},{"not_picked":["Evolve","Fire Breathing","Havoc"],"picked":"SKIP","floor":3},{"not_picked":["Searing Blow","Shrug It Off"],"picked":"Bloodletting","floor":4},{"not_picked":["Hemokinesis","Fire Breathing"],"picked":"Iron Wave","floor":5},{"not_picked":["Second Wind","Metallicize"],"picked":"Twin Strike","floor":7},{"not_picked":["Body Slam","Sword Boomerang"],"picked":"Flex","floor":8},{"not_picked":["Sever Soul","Warcry"],"picked":"Flex","floor":11},{"not_picked":["Flex","Uppercut"],"picked":"Shrug It Off","floor":14},{"not_picked":["Immolate","Double Tap"],"picked":"Limit Break","floor":16},{"not_picked":["Sword Boomerang","Pommel Strike"],"picked":"True Grit","floor":18},{"not_picked":["Blood for Blood+1","Twin Strike"],"picked":"Iron Wave+1","floor":19},{"not_picked":["Shrug It Off","Iron Wave"],"picked":"Cleave","floor":29},{"not_picked":["Perfected Strike+1","Twin Strike","Pommel Strike"],"picked":"SKIP","floor":30},{"not_picked":["Warcry","Iron Wave","Perfected Strike"],"picked":"SKIP","floor":31},{"not_picked":["Entrench","True Grit"],"picked":"Infernal Blade+1","floor":32}],"player_experience":264145,"relics_obtained":[{"floor":7,"key":"Anchor"},{"floor":9,"key":"MawBank"},{"floor":26,"key":"Bronze Scales"},{"floor":28,"key":"Dream Catcher"},{"floor":29,"key":"Orichalcum"},{"floor":29,"key":"Potion Belt"}],"event_choices":[{"event_name":"The Cleric","player_choice":"Card Removal","floor":2,"damage_taken":0},{"event_name":"Dead Adventurer","player_choice":"Searched \u00272\u0027 times","floor":12,"damage_taken":0},{"event_name":"Nest","player_choice":"Stole From Cult","floor":20,"damage_taken":0},{"event_name":"The Mausoleum","player_choice":"Yes","floor":21,"damage_taken":0},{"event_name":"Addict","player_choice":"Obtained Relic","floor":24,"damage_taken":0}],"is_beta":false,"boss_relics":[{"not_picked":["White Beast Statue","Eternal Feather"],"picked":"Black Star"}],"items_purged_floors":[22],"is_endless":false,"potions_floor_spawned":[1,4,8,16,19,29],"killed_by":"Champ","ascension_level":6}