{"gold_per_floor":[13,13,13,13,28,28,53,53,53,83,99,127,145,145,145,249,249,262,99,99,109,126,155,155,186,186,186,40,40,53,53,53,156,156,174,174,174,189,37,71,100,131,131,141,161,161,172,0,0,0,0,0,0,26,26],"floor_reached":55,"playtime":1671,"items_purged":[],"score":903,"play_id":"7a7680c2-00ec-4b28-900e-72fa575df31d","local_time":"20190322004105","is_ascension_mode":true,"campfire_choices":[{"data":"Pommel Strike","floor":6.0,"key":"SMITH"},{"data":"Clothesline","floor":8.0,"key":"SMITH"},{"data":"Perfected Strike","floor":15.0,"key":"SMITH"},{"data":"Apotheosis","floor":24.0,"key":"SMITH"},{"floor":27.0,"key":"RECALL"},{"data":"Bash","floor":32.0,"key":"SMITH"},{"data":"1","floor":49,"key":"LIFT"},{"data":"2","floor":52,"key":"LIFT"}],"neow_cost":"NO_GOLD","seed_source_timestamp":0,"circlet_count":0,"master_deck":["Strike_R","Strike_R","Strike_R+1","Strike_R","Strike_R","Defend_R+1","Defend_R","Defend_R","Bash+1","Perfected Strike+1","Pommel Strike+1","Clothesline+1","Shrug It Off","Perfected Strike+1","Perfected Strike","Apotheosis+1","Perfected Strike+1","Pommel Strike+1","Clothesline+1"],"special_seed":0,"relics":["Burning Blood","WingedGreaves","Orichalcum","Dodecahedron","Dream Catcher","Ginger","Snecko Eye","Unceasing Top","Bag of Marbles","Kunai","Bag of Preparation","Philosopher\u0027s Stone","Pen Nib","Gremlin Horn","Girya","Darkstone Periapt","Red Mask","Anchor"],"potions_floor_usage":[50,50],"damage_taken":[{"damage":5.0,"enemies":"Small Slimes","floor":1.0,"turns":4.0},{"damage":4.0,"enemies":"2 Louse","floor":5.0,"turns":2.0},{"damage":18.0,"enemies":"3 Sentries","floor":7.0,"turns":6.0},{"damage":23.0,"enemies":"Lagavulin","floor":10.0,"turns":7.0},{"damage":0.0,"enemies":"Jaw Worm","floor":11.0,"turns":2.0},{"damage":3.0,"enemies":"3 Sentries","floor":12.0,"turns":3.0},{"damage":1.0,"enemies":"Blue Slaver","floor":13.0,"turns":2.0},{"damage":16.0,"enemies":"Hexaghost","floor":16.0,"turns":8.0},{"damage":0.0,"enemies":"3 Byrds","floor":18.0,"turns":3.0},{"damage":0.0,"enemies":"Chosen","floor":21.0,"turns":2.0},{"damage":0.0,"enemies":"Snake Plant","floor":22.0,"turns":2.0},{"damage":4.0,"enemies":"Book of Stabbing","floor":23.0,"turns":4.0},{"damage":3.0,"enemies":"Slavers","floor":25.0,"turns":3.0},{"damage":7.0,"enemies":"Shelled Parasite and Fungi","floor":30.0,"turns":2.0},{"damage":52.0,"enemies":"Automaton","floor":33.0,"turns":8.0},{"damage":0.0,"enemies":"Orb Walker","floor":35.0,"turns":1.0},{"damage":0.0,"enemies":"3 Shapes","floor":38.0,"turns":2.0},{"damage":0.0,"enemies":"Giant Head","floor":40.0,"turns":4.0},{"damage":0.0,"enemies":"Reptomancer","floor":41.0,"turns":2.0},{"damage":4.0,"enemies":"Giant Head","floor":42.0,"turns":5.0},{"damage":0,"enemies":"Maw","floor":44,"turns":3},{"damage":0,"enemies":"Transient","floor":45,"turns":5},{"damage":0,"enemies":"Spire Growth","floor":47,"turns":1},{"damage":56,"enemies":"Time Eater","floor":50,"turns":6},{"damage":16,"enemies":"Shield and Spear","floor":54,"turns":3},{"damage":76,"enemies":"The Heart","floor":55,"turns":3}],"seed_played":"-79940263408702178","potions_obtained":[{"floor":11.0,"key":"SkillPotion"},{"floor":16.0,"key":"FairyPotion"},{"floor":21.0,"key":"Block Potion"},{"floor":22.0,"key":"LiquidBronze"},{"floor":25.0,"key":"Ancient Potion"},{"floor":38.0,"key":"Strength Potion"}],"is_trial":false,"path_per_floor":["M","?","?","?","M","R","E","R","T","E","M","E","M","$","R","B",null,"M","$","?","M","M","E","R","E","T","R","$","?","M","$","R","B",null,"M","?","?","M","$","E","E","E","T","M","M","$","M","?","R","B",null,"R","$","E","B"],"character_chosen":"IRONCLAD","items_purchased":["Apotheosis","Bag of Preparation","Pen Nib"],"campfire_rested":0,"item_purchase_floors":[19,28,39],"current_hp_per_floor":[80,80,64,57,59,59,47,47,47,30,36,39,44,44,44,34,80,80,80,80,80,80,80,80,80,80,80,80,80,79,79,79,33,80,80,80,76,76,76,76,76,76,76,76,76,76,76,76,76,26,76,76,76,66,0],"gold":26,"neow_bonus":"ONE_RARE_RELIC","is_prod":false,"is_daily":false,"chose_seed":false,"campfire_upgraded":5,"win_rate":0,"timestamp":1553240465,"path_taken":["M","?","?","?","M","R","E","R","T","E","M","E","M","$","R","BOSS","M","$","?","M","M","E","R","E","T","R","$","?","?","$","R","BOSS","M","?","?","M","$","E","E","E","T","M","M","$","M","?","R","BOSS","R","$","E","BOSS"],"build_version":"2019-01-23","purchased_purges":0,"victory":false,"max_hp_per_floor":[80,80,80,80,80,80,80,80,80,80,80,80,80,80,80,80,80,80,80,80,80,80,80,80,80,80,80,80,80,80,80,80,80,80,80,80,76,76,76,76,76,76,76,76,76,76,76,76,76,76,76,76,76,76,76],"card_choices":[{"not_picked":["Armaments","Sword Boomerang"],"picked":"Perfected Strike","floor":1.0},{"not_picked":["Twin Strike","Pommel Strike","Anger"],"picked":"SKIP","floor":5.0},{"not_picked":["Twin Strike","Anger"],"picked":"Pommel Strike","floor":5.0},{"not_picked":["Armaments","Clothesline","Disarm"],"picked":"SKIP","floor":7.0},{"not_picked":["Armaments","Disarm"],"picked":"Clothesline","floor":7.0},{"not_picked":["Iron Wave","Demon Form"],"picked":"Shrug It Off","floor":10.0},{"not_picked":["Intimidate","Evolve"],"picked":"Perfected Strike","floor":11.0},{"not_picked":["Shrug It Off","Barricade"],"picked":"Perfected Strike","floor":12.0},{"not_picked":["Shrug It Off","Clothesline","True Grit"],"picked":"SKIP","floor":13.0},{"not_picked":["True Grit+1","Blood for Blood","Headbutt+1"],"picked":"SKIP","floor":18.0},{"not_picked":["Armaments","Rupture","Shrug It Off+1"],"picked":"SKIP","floor":21.0},{"not_picked":["Wild Strike+1","True Grit+1","Clothesline"],"picked":"SKIP","floor":22.0},{"not_picked":["Dropkick","Clothesline","Reckless Charge"],"picked":"SKIP","floor":23.0},{"not_picked":["Sword Boomerang","Shrug It Off","Rupture+1"],"picked":"SKIP","floor":25.0},{"not_picked":["Cleave","Shrug It Off"],"picked":"Perfected Strike+1","floor":30.0},{"not_picked":["Iron Wave","Pummel+1"],"picked":"Dual Wield","floor":35.0},{"not_picked":["Flex","Power Through","Sword Boomerang"],"picked":"SKIP","floor":38.0},{"not_picked":["Flex+1","Inflame","Anger+1"],"picked":"SKIP","floor":40.0},{"not_picked":["Flex","Fire Breathing+1","Cleave+1"],"picked":"SKIP","floor":41.0},{"not_picked":["Uppercut","Corruption","Exhume"],"picked":"SKIP","floor":42.0},{"not_picked":["Uppercut","Corruption","Exhume"],"picked":"SKIP","floor":42.0},{"not_picked":["Clothesline","Corruption+1"],"picked":"Pommel Strike+1","floor":44},{"not_picked":["Fire Breathing","Sword Boomerang","Warcry"],"picked":"SKIP","floor":45},{"not_picked":["Havoc+1","Rupture","Sword Boomerang"],"picked":"SKIP","floor":47},{"not_picked":["Clash+1","Bludgeon"],"picked":"Clothesline+1","floor":54}],"player_experience":817414,"relics_obtained":[{"floor":7.0,"key":"Orichalcum"},{"floor":9.0,"key":"Dodecahedron"},{"floor":10.0,"key":"Dream Catcher"},{"floor":12.0,"key":"Ginger"},{"floor":23.0,"key":"Unceasing Top"},{"floor":25.0,"key":"Bag of Marbles"},{"floor":26.0,"key":"Kunai"},{"floor":40.0,"key":"Gremlin Horn"},{"floor":41.0,"key":"Girya"},{"floor":42.0,"key":"Darkstone Periapt"},{"floor":54,"key":"Anchor"}],"event_choices":[{"damage_healed":0.0,"max_hp_gain":0.0,"max_hp_loss":0.0,"gold_gain":0.0,"event_name":"Living Wall","player_choice":"Grow","floor":2.0,"gold_loss":0.0,"damage_taken":0.0,"cards_upgraded":["Perfected Strike"]},{"damage_healed":0.0,"max_hp_gain":0.0,"max_hp_loss":0.0,"gold_gain":0.0,"event_name":"Shining Light","player_choice":"Entered Light","floor":3.0,"gold_loss":0.0,"damage_taken":16.0,"cards_upgraded":["Defend_R","Strike_R"]},{"cards_removed":["Defend_R"],"damage_healed":0.0,"max_hp_gain":0.0,"max_hp_loss":0.0,"gold_gain":0.0,"event_name":"Golden Wing","player_choice":"Card Removal","floor":4.0,"gold_loss":0.0,"damage_taken":7.0},{"damage_healed":0.0,"max_hp_gain":0.0,"max_hp_loss":0.0,"gold_gain":0.0,"event_name":"The Mausoleum","player_choice":"Ignored","floor":20.0,"gold_loss":0.0,"damage_taken":0.0},{"damage_healed":0.0,"max_hp_gain":0.0,"max_hp_loss":0.0,"gold_gain":0.0,"event_name":"Vampires","player_choice":"Ignored","floor":29.0,"gold_loss":0.0,"damage_taken":0.0},{"cards_removed":["Dual Wield"],"damage_healed":0.0,"max_hp_gain":0.0,"max_hp_loss":0.0,"gold_gain":0.0,"event_name":"Falling","player_choice":"Removed Skill","floor":36.0,"gold_loss":0.0,"damage_taken":0.0},{"damage_healed":0.0,"max_hp_gain":0.0,"max_hp_loss":4.0,"gold_gain":0.0,"event_name":"Winding Halls","player_choice":"Max HP","floor":37.0,"gold_loss":0.0,"damage_taken":0.0},{"damage_healed":0,"gold_gain":0,"player_choice":"Paid","damage_taken":0,"relics_obtained":["Red Mask"],"max_hp_gain":0,"max_hp_loss":0,"event_name":"Tomb of Lord Red Mask","floor":48,"gold_loss":172}],"is_beta":false,"boss_relics":[{"not_picked":["Ectoplasm","Black Blood"],"picked":"Snecko Eye"},{"not_picked":["Black Star","Astrolabe"],"picked":"Philosopher\u0027s Stone"}],"items_purged_floors":[],"is_endless":false,"potions_floor_spawned":[11,16,21,22,25,38,41,45],"killed_by":"The Heart","ascension_level":1}