{"gold_per_floor":[115,190,12,12,12,12],"floor_reached":6,"playtime":150,"items_purged":[],"score":82,"play_id":"f8cb1493-59f7-431f-9be1-2f6cb983e74e","local_time":"20180628213608","daily_mods":["Draft"],"is_ascension_mode":false,"campfire_choices":[],"neow_cost":"","seed_source_timestamp":0,"circlet_count":0,"master_deck":["Sunder","Barrage","Rebound","Rip and Tear","Genetic Algorithm","Storm","Loop","Undo","Leap","Ball Lightning","Undo","Hologram","Steam","Glacier","Barrage","Turbo","Conserve Battery","Undo","Blind"],"relics":["Cracked Core"],"potions_floor_usage":[],"damage_taken":[{"damage":7,"enemies":"Small Slimes","floor":1,"turns":2},{"damage":0,"enemies":"Lagavulin","floor":6,"turns":2}],"seed_played":"983847990353936869","potions_obtained":[{"floor":4,"key":"FearPotion"},{"floor":4,"key":"Explosive Potion"},{"floor":4,"key":"Explosive Potion"}],"is_trial":true,"path_per_floor":["M","?","$","?","$"],"character_chosen":"DEFECT","items_purchased":["Conserve Battery","Undo","Blind"],"campfire_rested":0,"item_purchase_floors":[3,3,3],"current_hp_per_floor":[68,57,57,57,57,57],"gold":12,"neow_bonus":"","is_prod":false,"is_daily":false,"chose_seed":false,"campfire_upgraded":0,"win_rate":0,"timestamp":1530246968,"path_taken":["M","?","$","?","$","E"],"build_version":"2018-06-28","purchased_purges":0,"victory":false,"max_hp_per_floor":[75,75,75,75,75,75],"card_choices":[{"not_picked":["Sweeping Beam","Gash"],"picked":"Sunder","floor":0},{"not_picked":["Beam Cell","Sunder"],"picked":"Barrage","floor":0},{"not_picked":["Rip and Tear","Streamline"],"picked":"Rebound","floor":0},{"not_picked":["Beam Cell","Scrape"],"picked":"Rip and Tear","floor":0},{"not_picked":["Barrage","Redo"],"picked":"Genetic Algorithm","floor":0},{"not_picked":["Redo","Blizzard"],"picked":"Storm","floor":0},{"not_picked":["Heatsinks","Stack"],"picked":"Loop","floor":0},{"not_picked":["Chaos","Cold Snap"],"picked":"Undo","floor":0},{"not_picked":["Barrage","Steam"],"picked":"Leap","floor":0},{"not_picked":["Loop","Coolheaded"],"picked":"Ball Lightning","floor":0},{"not_picked":["Blizzard","Rebound"],"picked":"Undo","floor":0},{"not_picked":["Turbo","Gash"],"picked":"Hologram","floor":0},{"not_picked":["Rebound","FTL"],"picked":"Steam","floor":0},{"not_picked":["Gash","Loop"],"picked":"Glacier","floor":0},{"not_picked":["Steam","Turbo"],"picked":"Barrage","floor":0},{"not_picked":["Gash","Rip and Tear"],"picked":"Turbo","floor":1}],"player_experience":232334,"relics_obtained":[],"event_choices":[{"event_name":"World of Goop","player_choice":"Gather Gold","floor":2,"damage_taken":0},{"event_name":"The Lab","player_choice":"Got Potions","floor":4,"damage_taken":0}],"boss_relics":[],"items_purged_floors":[],"is_endless":true,"potions_floor_spawned":[],"killed_by":"Lagavulin","ascension_level":0}