{"gold_per_floor":[111,131,131,149,149,192,207,207,207,207,226,226,241,48,48,178,178,191,207,1,1],"floor_reached":21,"playtime":3435,"items_purged":[],"score":181,"play_id":"b482d608-21fd-41fa-b4b8-59051ffac49b","local_time":"20190306005412","is_ascension_mode":false,"campfire_choices":[{"floor":8.0,"key":"REST"},{"floor":10.0,"key":"REST"},{"data":"Envenom","floor":12.0,"key":"SMITH"},{"floor":15.0,"key":"REST"}],"neow_cost":"NONE","seed_source_timestamp":0,"circlet_count":0,"master_deck":["Defend_G","Defend_G","Defend_G","Defend_G","Defend_G","Strike_G","Strike_G","Strike_G","Strike_G","Strike_G","Survivor","Neutralize","Glass Knife","Distraction","Sucker Punch","Injury","Poisoned Stab","Normality","Prepared","Envenom+1","Escape Plan","Underhanded Strike","Envenom","Backflip","Dagger Spray+1"],"special_seed":0,"relics":["Ring of the Snake","Golden Idol","Pear","Sundial","OrangePellets","White Beast Statue","TwistedFunnel"],"potions_floor_usage":[21],"damage_taken":[{"damage":0.0,"enemies":"Small Slimes","floor":1.0,"turns":3.0},{"damage":0.0,"enemies":"Cultist","floor":2.0,"turns":3.0},{"damage":0.0,"enemies":"Jaw Worm","floor":4.0,"turns":3.0},{"damage":31.0,"enemies":"Lagavulin","floor":6.0,"turns":6.0},{"damage":33.0,"enemies":"Gremlin Gang","floor":7.0,"turns":7.0},{"damage":0.0,"enemies":"3 Louse","floor":11.0,"turns":5.0},{"damage":7.0,"enemies":"Exordium Thugs","floor":13.0,"turns":4.0},{"damage":56.0,"enemies":"Slime Boss","floor":16.0,"turns":14.0},{"damage":61,"enemies":"Spheric Guardian","floor":18,"turns":8},{"damage":14,"enemies":"3 Byrds","floor":19,"turns":6},{"damage":8,"enemies":"Centurion and Healer","floor":21,"turns":4}],"seed_played":"563603804006349012","potions_obtained":[{"floor":1.0,"key":"FearPotion"},{"floor":6.0,"key":"Dexterity Potion"},{"floor":7.0,"key":"Dexterity Potion"},{"floor":13.0,"key":"Ancient Potion"},{"floor":18,"key":"Dexterity Potion"},{"floor":19,"key":"Ancient Potion"}],"is_trial":false,"path_per_floor":["?","?","M"],"character_chosen":"THE_SILENT","items_purchased":["OrangePellets","TwistedFunnel"],"campfire_rested":3,"item_purchase_floors":[14,20],"current_hp_per_floor":[70,70,70,70,70,49,16,40,40,64,64,64,57,57,80,24,80,19,5,5,0],"gold":1,"neow_bonus":"ONE_RANDOM_RARE_CARD","is_prod":false,"is_daily":false,"chose_seed":false,"campfire_upgraded":1,"win_rate":0.0,"timestamp":1551808452,"path_taken":["M","M","?","M","?","E","?","R","T","R","M","R","M","$","R","BOSS","M","M","$","M"],"build_version":"2019-01-23","purchased_purges":0,"victory":false,"max_hp_per_floor":[70,70,70,70,70,80,80,80,80,80,80,80,80,80,80,80,80,80,80,80,80],"card_choices":[{"not_picked":["Outmaneuver","Acrobatics"],"picked":"Distraction","floor":1.0},{"not_picked":["Deflect","Flying Knee"],"picked":"Sucker Punch","floor":2.0},{"not_picked":["Quick Slash","Expertise"],"picked":"Poisoned Stab","floor":4.0},{"not_picked":["Acrobatics","Bane"],"picked":"Prepared","floor":6.0},{"not_picked":["Backstab","Escape Plan"],"picked":"Envenom","floor":7.0},{"not_picked":["Bouncing Flask","Distraction"],"picked":"Escape Plan","floor":11.0},{"not_picked":["Dagger Throw","Predator"],"picked":"Underhanded Strike","floor":13.0},{"not_picked":["Tools of the Trade","After Image"],"picked":"Envenom","floor":16.0},{"not_picked":["Cloak And Dagger+1","Underhanded Strike"],"picked":"Backflip","floor":18},{"not_picked":["Expertise+1","Distraction"],"picked":"Dagger Spray+1","floor":19}],"player_experience":47355,"relics_obtained":[{"floor":6.0,"key":"Pear"},{"floor":9.0,"key":"Sundial"}],"event_choices":[{"damage_healed":0.0,"max_hp_gain":0.0,"max_hp_loss":0.0,"gold_gain":0.0,"event_name":"Golden Idol","player_choice":"Take Wound","floor":3.0,"gold_loss":0.0,"damage_taken":0.0,"relics_obtained":["Golden Idol"],"cards_obtained":["Injury"]},{"damage_healed":0.0,"max_hp_gain":0.0,"max_hp_loss":0.0,"gold_gain":0.0,"event_name":"Match and Keep!","player_choice":"1 cards matched","floor":5.0,"gold_loss":0.0,"damage_taken":0.0,"cards_obtained":["Normality"]}],"is_beta":false,"boss_relics":[{"not_picked":["WristBlade","Runic Dome"],"picked":"White Beast Statue"}],"items_purged_floors":[],"is_endless":false,"potions_floor_spawned":[1,6,7,13,18,19],"killed_by":"Centurion and Healer","ascension_level":0}