{"gold_per_floor":[119,119,136,149,224,224,250,231,231,231,248,278,278,293,293,293],"floor_reached":16,"playtime":606,"items_purged":[],"score":196,"play_id":"2cda5320-913b-47b9-a54e-74eb02045131","local_time":"20181129132326","is_ascension_mode":true,"campfire_choices":[{"data":"Clothesline","floor":6,"key":"SMITH"},{"data":"Pommel Strike","floor":10,"key":"SMITH"},{"data":"Thunderclap","floor":15,"key":"SMITH"}],"neow_cost":"NONE","seed_source_timestamp":268242769720404,"circlet_count":0,"master_deck":["AscendersBane","Strike_R","Strike_R","Strike_R","Strike_R","Strike_R","Defend_R","Defend_R","Defend_R","Defend_R","Bash","Thunderclap+1","Pommel Strike+1","Clothesline+1","Feed+1","Shrug It Off","Warcry+1","Warcry+1","True Grit+1"],"relics":["Burning Blood","NeowsBlessing","FossilizedHelix","Toxic Egg 2","Ornamental Fan"],"potions_floor_usage":[16,16],"damage_taken":[{"damage":0,"enemies":"2 Louse","floor":1,"turns":1},{"damage":0,"enemies":"Jaw Worm","floor":3,"turns":1},{"damage":0,"enemies":"Small Slimes","floor":4,"turns":1},{"damage":35,"enemies":"Lagavulin","floor":7,"turns":6},{"damage":6,"enemies":"Exordium Thugs","floor":8,"turns":4},{"damage":1,"enemies":"Red Slaver","floor":11,"turns":3},{"damage":19,"enemies":"3 Sentries","floor":12,"turns":14},{"damage":0,"enemies":"Looter","floor":14,"turns":4},{"damage":56,"enemies":"Slime Boss","floor":16,"turns":9}],"seed_played":"7068411018317114156","potions_obtained":[{"floor":3,"key":"PowerPotion"},{"floor":11,"key":"BloodPotion"}],"is_trial":false,"path_per_floor":["M","?","M","M","?","R","E","M","T","R","M","E","?","M","R","B"],"character_chosen":"IRONCLAD","items_purchased":[],"campfire_rested":0,"item_purchase_floors":[],"current_hp_per_floor":[74,74,75,75,64,64,35,35,35,35,40,30,30,40,40,0],"gold":293,"neow_bonus":"THREE_ENEMY_KILL","is_prod":false,"is_daily":false,"chose_seed":false,"campfire_upgraded":3,"win_rate":0,"timestamp":1543494206,"path_taken":["M","?","M","M","?","R","E","M","T","R","M","E","?","M","R","BOSS"],"build_version":"2018-11-15","purchased_purges":0,"victory":false,"max_hp_per_floor":[75,75,75,75,75,75,75,75,75,75,75,78,78,82,82,86],"card_choices":[{"not_picked":["Clash","Sword Boomerang"],"picked":"Thunderclap","floor":1},{"not_picked":["Thunderclap","Fire Breathing"],"picked":"Pommel Strike","floor":3},{"not_picked":["Intimidate","Twin Strike"],"picked":"Clothesline","floor":4},{"not_picked":["Sword Boomerang","Brutality"],"picked":"Feed","floor":7},{"not_picked":["Heavy Blade","Wild Strike"],"picked":"Shrug It Off","floor":8},{"not_picked":["Rampage","Thunderclap"],"picked":"Warcry+1","floor":11},{"not_picked":["Hemokinesis","Pummel"],"picked":"Warcry+1","floor":12},{"not_picked":["Whirlwind","Dropkick"],"picked":"True Grit+1","floor":14}],"player_experience":871887,"relics_obtained":[{"floor":7,"key":"FossilizedHelix"},{"floor":9,"key":"Toxic Egg 2"},{"floor":12,"key":"Ornamental Fan"}],"event_choices":[{"damage_healed":0,"gold_gain":0,"player_choice":"Ignored","damage_taken":0,"max_hp_gain":0,"max_hp_loss":0,"event_name":"Golden Idol","floor":2,"gold_loss":0},{"damage_healed":0,"gold_gain":75,"player_choice":"Gather Gold","damage_taken":11,"max_hp_gain":0,"max_hp_loss":0,"event_name":"World of Goop","floor":5,"gold_loss":0},{"damage_healed":0,"gold_gain":0,"player_choice":"Grow","damage_taken":0,"max_hp_gain":0,"max_hp_loss":0,"event_name":"Living Wall","floor":13,"gold_loss":0,"cards_upgraded":["Feed"]}],"is_beta":false,"boss_relics":[],"items_purged_floors":[],"is_endless":false,"potions_floor_spawned":[3,11,12,14],"killed_by":"Slime Boss","ascension_level":15}