{"gold_per_floor":[117,117,136,154,164,191,203,203,229,229,240,95,95,106,106,208,208,225,250,268,287,21,49,64,83,106,0,0,0,32,44,44,142,142,160,213,313,313,238,238,255,255,255,267,285,285,298,318,318,318,318,318,13,38,38],"floor_reached":55,"playtime":3778,"items_purged":["Strike_R","Pain"],"score":818,"play_id":"ab6db960-e95b-448a-b322-5083e1b0fe4a","local_time":"20181215205924","is_ascension_mode":false,"campfire_choices":[{"floor":10,"key":"RECALL"},{"floor":13,"key":"REST"},{"data":"Body Slam","floor":15,"key":"SMITH"},{"data":"Barricade","floor":32,"key":"SMITH"},{"data":"Impervious","floor":40,"key":"SMITH"},{"data":"Shockwave","floor":42,"key":"SMITH"},{"data":"Exhume","floor":46,"key":"SMITH"},{"data":"Infernal Blade","floor":49,"key":"SMITH"},{"data":"Inflame","floor":52,"key":"SMITH"}],"neow_cost":"NONE","seed_source_timestamp":23120698433190,"circlet_count":0,"master_deck":["Strike_R+1","Strike_R+1","Strike_R+1","Defend_R+1","Defend_R+1","Defend_R+1","Defend_R+1","Bash+1","Shrug It Off","Barricade+1","Iron Wave","Shrug It Off","Body Slam+1","Anger","Exhume+1","Whirlwind+1","Shockwave+1","Dropkick","Disarm","Impervious+1","Havoc+1","Cleave+1","Seeing Red+1","Corruption","Finesse","Havoc+1","Iron Wave","Inflame+1","Infernal Blade+1","Exhume","Havoc+1","Clothesline+1","Dramatic Entrance","Flash of Steel","Purity","Ghostly Armor","Armaments+1","Iron Wave","Dropkick","Body Slam","Heavy Blade+1"],"relics":["Burning Blood","Bag of Marbles","WarpedTongs","Busted Crown","Red Mask","Oddly Smooth Stone","Whetstone","Anchor","Coffee Dripper","Calipers","Bird Faced Urn","Frozen Egg 2","Paper Frog","Lantern"],"potions_floor_usage":[5,6,7,19,24,30,31,41,45,48,48,50,50,54],"damage_taken":[{"damage":1,"enemies":"2 Louse","floor":1,"turns":3},{"damage":1,"enemies":"Cultist","floor":3,"turns":3},{"damage":3,"enemies":"Jaw Worm","floor":4,"turns":5},{"damage":0,"enemies":"Lots of Slimes","floor":5,"turns":6},{"damage":26,"enemies":"Lagavulin","floor":6,"turns":6},{"damage":4,"enemies":"Gremlin Gang","floor":7,"turns":5},{"damage":21,"enemies":"Exordium Thugs","floor":11,"turns":4},{"damage":3,"enemies":"Looter","floor":14,"turns":3},{"damage":13,"enemies":"The Guardian","floor":16,"turns":14},{"damage":4,"enemies":"2 Thieves","floor":18,"turns":4},{"damage":11,"enemies":"Masked Bandits","floor":19,"turns":6},{"damage":1,"enemies":"Spheric Guardian","floor":20,"turns":4},{"damage":1,"enemies":"Cultist and Chosen","floor":21,"turns":6},{"damage":7,"enemies":"Slavers","floor":23,"turns":4},{"damage":11,"enemies":"3 Cultists","floor":24,"turns":4},{"damage":8,"enemies":"Centurion and Healer","floor":25,"turns":5},{"damage":0,"enemies":"Book of Stabbing","floor":30,"turns":5},{"damage":0,"enemies":"Shelled Parasite and Fungi","floor":31,"turns":4},{"damage":0,"enemies":"Automaton","floor":33,"turns":9},{"damage":0,"enemies":"3 Darklings","floor":35,"turns":4},{"damage":16,"enemies":"2 Orb Walkers","floor":36,"turns":5},{"damage":0,"enemies":"Mind Bloom Boss Battle","floor":37,"turns":6},{"damage":0,"enemies":"3 Shapes","floor":41,"turns":5},{"damage":3,"enemies":"Writhing Mass","floor":44,"turns":6},{"damage":0,"enemies":"Jaw Worm Horde","floor":45,"turns":1},{"damage":1,"enemies":"Spire Growth","floor":47,"turns":5},{"damage":9,"enemies":"4 Shapes","floor":48,"turns":2},{"damage":2,"enemies":"Donu and Deca","floor":50,"turns":13},{"damage":21,"enemies":"Shield and Spear","floor":54,"turns":5},{"damage":80,"enemies":"The Heart","floor":55,"turns":8}],"seed_played":"-5734312706318221949","potions_obtained":[{"floor":3,"key":"Block Potion"},{"floor":4,"key":"Poison Potion"},{"floor":6,"key":"SteroidPotion"},{"floor":14,"key":"Block Potion"},{"floor":23,"key":"Energy Potion"},{"floor":25,"key":"Block Potion"},{"floor":30,"key":"PowerPotion"},{"floor":33,"key":"SteroidPotion"},{"floor":36,"key":"EntropicBrew"},{"floor":37,"key":"Block Potion"},{"floor":41,"key":"Explosive Potion"},{"floor":48,"key":"Ancient Potion"}],"is_trial":false,"path_per_floor":["M","?","M","M","M","E","M","?","T","R","M","$","R","M","R","B",null,"M","?","M","M","$","E","M","M","T","$","?","?","E","M","R","B",null,"M","?","?","?","$","R","M","R","T","M","M","R","M","M","R","B",null,"R","$","E","B"],"character_chosen":"IRONCLAD","items_purchased":["Dropkick","Corruption","Finesse","Inflame","Infernal Blade","Ghostly Armor","Paper Frog","Body Slam"],"campfire_rested":1,"item_purchase_floors":[12,22,22,27,27,39,53,53],"current_hp_per_floor":[80,80,80,80,80,60,62,62,62,62,47,47,71,74,74,67,80,80,75,80,80,80,79,74,72,72,72,57,57,63,69,69,75,85,85,75,81,71,71,71,83,83,83,85,85,85,85,82,82,85,85,85,85,70,0],"gold":38,"neow_bonus":"REMOVE_CARD","is_prod":false,"is_daily":false,"chose_seed":false,"campfire_upgraded":7,"win_rate":0,"timestamp":1544932764,"path_taken":["M","?","M","?","M","E","M","?","T","R","?","$","R","?","R","BOSS","M","?","M","M","$","E","M","M","T","?","?","?","E","M","R","BOSS","M","?","?","?","$","R","M","R","T","M","M","R","M","M","R","BOSS","R","$","E","BOSS"],"build_version":"2018-12-13","purchased_purges":2,"victory":false,"max_hp_per_floor":[80,80,80,80,80,80,80,80,80,80,80,80,80,80,80,80,80,80,80,80,80,80,80,80,80,80,80,85,85,85,85,85,85,85,85,85,85,85,85,85,85,85,85,85,85,85,85,85,85,85,85,85,85,85,85],"card_choices":[{"not_picked":["Body Slam","True Grit"],"picked":"Shrug It Off","floor":1},{"not_picked":["Sword Boomerang","Berserk"],"picked":"Shrug It Off","floor":3},{"not_picked":["Thunderclap","Flex"],"picked":"Body Slam","floor":4},{"not_picked":["Twin Strike","Perfected Strike"],"picked":"Anger","floor":5},{"not_picked":["Flex","True Grit"],"picked":"Exhume","floor":6},{"not_picked":["Burning Pact","Metallicize"],"picked":"Whirlwind","floor":7},{"not_picked":["Fire Breathing","Clothesline"],"picked":"Shockwave","floor":11},{"not_picked":["Flex","Inflame"],"picked":"Disarm","floor":14},{"not_picked":["Double Tap","Fiend Fire"],"picked":"Impervious","floor":16},{"not_picked":[],"picked":"Havoc+1","floor":18},{"not_picked":[],"picked":"Cleave+1","floor":19},{"not_picked":["Bloodletting"],"picked":"SKIP","floor":20},{"not_picked":[],"picked":"Seeing Red+1","floor":21},{"not_picked":[],"picked":"Havoc+1","floor":23},{"not_picked":[],"picked":"Iron Wave","floor":24},{"not_picked":["Cleave"],"picked":"SKIP","floor":25},{"not_picked":["Clash"],"picked":"SKIP","floor":30},{"not_picked":["Evolve"],"picked":"SKIP","floor":31},{"not_picked":[],"picked":"Exhume","floor":33},{"not_picked":[],"picked":"Havoc+1","floor":35},{"not_picked":[],"picked":"Clothesline+1","floor":37},{"not_picked":[],"picked":"Dramatic Entrance","floor":38},{"not_picked":[],"picked":"Flash of Steel","floor":38},{"not_picked":[],"picked":"Purity","floor":38},{"not_picked":[],"picked":"Armaments+1","floor":41},{"not_picked":["Sever Soul+1"],"picked":"SKIP","floor":44},{"not_picked":[],"picked":"Iron Wave","floor":45},{"not_picked":["Reckless Charge"],"picked":"SKIP","floor":47},{"not_picked":[],"picked":"Dropkick","floor":48},{"not_picked":[],"picked":"Heavy Blade+1","floor":54}],"player_experience":262789,"relics_obtained":[{"floor":6,"key":"Bag of Marbles"},{"floor":19,"key":"Red Mask"},{"floor":23,"key":"Oddly Smooth Stone"},{"floor":26,"key":"Whetstone"},{"floor":30,"key":"Anchor"},{"floor":36,"key":"Calipers"},{"floor":37,"key":"Bird Faced Urn"},{"floor":43,"key":"Frozen Egg 2"},{"floor":54,"key":"Lantern"}],"event_choices":[{"damage_healed":0,"gold_gain":0,"player_choice":"2 cards matched","damage_taken":0,"max_hp_gain":0,"max_hp_loss":0,"event_name":"Match and Keep!","floor":2,"gold_loss":0,"cards_obtained":["Barricade","Iron Wave"]},{"damage_healed":0,"gold_gain":0,"player_choice":"Rummage","damage_taken":0,"relics_obtained":["WarpedTongs"],"max_hp_gain":0,"max_hp_loss":0,"event_name":"Accursed Blacksmith","floor":8,"gold_loss":0,"cards_obtained":["Pain"]},{"damage_healed":0,"gold_gain":0,"player_choice":"Fought Bandits","damage_taken":0,"max_hp_gain":0,"max_hp_loss":0,"event_name":"Masked Bandits","floor":19,"gold_loss":0},{"damage_healed":0,"gold_gain":0,"player_choice":"Shed Blood","damage_taken":20,"max_hp_gain":5,"max_hp_loss":0,"event_name":"Forgotten Altar","floor":28,"gold_loss":0},{"damage_healed":0,"gold_gain":0,"player_choice":"Simplicity","damage_taken":0,"max_hp_gain":0,"max_hp_loss":0,"event_name":"Back to Basics","floor":29,"gold_loss":0,"cards_upgraded":["Strike_R","Strike_R","Strike_R","Defend_R","Defend_R","Defend_R","Defend_R"]},{"damage_healed":0,"gold_gain":0,"player_choice":"Fight","damage_taken":0,"max_hp_gain":0,"max_hp_loss":0,"event_name":"Mysterious Sphere","floor":36,"gold_loss":0},{"damage_healed":0,"gold_gain":0,"player_choice":"Fight","damage_taken":0,"max_hp_gain":0,"max_hp_loss":0,"event_name":"MindBloom","floor":37,"gold_loss":0},{"damage_healed":0,"gold_gain":0,"player_choice":"Memory 3","damage_taken":10,"max_hp_gain":0,"max_hp_loss":0,"event_name":"SensoryStone","floor":38,"gold_loss":0}],"is_beta":true,"boss_relics":[{"not_picked":["Calling Bell","Orrery"],"picked":"Busted Crown"},{"not_picked":["Runic Pyramid","Runic Cube"],"picked":"Coffee Dripper"}],"items_purged_floors":[12,22],"is_endless":false,"potions_floor_spawned":[3,4,6,14,23,25,30,33,36,37,41,44,48],"killed_by":"The Heart","ascension_level":0}