{"path_per_floor":["M","?","?","M","?","R","?","E","T","?","$","E","M","M","R"],"character_chosen":"DEFECT","items_purchased":["Bottled Lightning"],"gold_per_floor":[112,112,112,127,92,92,167,206,206,277,18,57,78,98,98,98],"floor_reached":16,"campfire_rested":0,"playtime":855,"current_hp_per_floor":[70,70,52,52,70,70,59,50,50,39,39,23,23,11,11,0],"items_purged":[],"gold":98,"score":108,"play_id":"c6fed427-5260-4583-b5d4-9c0dfe73baf5","local_time":"20180506110527","is_prod":false,"is_daily":false,"chose_seed":false,"is_ascension_mode":false,"campfire_upgraded":2,"timestamp":1525629927,"path_taken":["M","?","?","M","?","R","?","E","T","?","$","E","?","M","R","BOSS"],"build_version":"2018-05-03","seed_source_timestamp":923489908615212,"purchased_purges":0,"victory":false,"master_deck":["Strike_B","Strike_B","Defend_B","Defend_B","Defend_B","Defend_B","Zap+1","Dualcast","Barrage","Conserve Battery","Leap","Capacitor+1","FTL","Sunder","Melter","White Noise"],"max_hp_per_floor":[75,75,75,75,75,75,75,89,89,89,89,89,89,89,89,89],"relics":["Cracked Core","Golden Idol","Mango","Ornamental Fan","Bag of Marbles","Bottled Lightning","Emotion Chip"],"card_choices":[{"not_picked":["Reprogram","Hologram"],"picked":"Conserve Battery","floor":1},{"not_picked":["Cold Snap","Heatsinks"],"picked":"Capacitor","floor":4},{"not_picked":["Tempest","Capacitor"],"picked":"FTL","floor":8},{"not_picked":["Ball Lightning","Glacier"],"picked":"Sunder","floor":10},{"not_picked":["Axe Kick","Steam Power"],"picked":"Melter","floor":12},{"not_picked":["Go for the Eyes","Sweeping Beam"],"picked":"White Noise","floor":13}],"player_experience":47950,"potions_floor_usage":[8,10,16],"damage_taken":[{"damage":5,"enemies":"Jaw Worm","floor":1,"turns":4},{"damage":0,"enemies":"2 Louse","floor":4,"turns":4},{"damage":23,"enemies":"Gremlin Nob","floor":8,"turns":5},{"damage":11,"enemies":"3 Sentries","floor":10,"turns":7},{"damage":16,"enemies":"3 Sentries","floor":12,"turns":6},{"damage":0,"enemies":"Small Slimes","floor":13,"turns":2},{"damage":12,"enemies":"Blue Slaver","floor":14,"turns":3},{"damage":16,"enemies":"The Guardian","floor":16,"turns":8}],"event_choices":[{"event_name":"Living Wall","player_choice":"Change","floor":2,"damage_taken":0},{"event_name":"Golden Idol","player_choice":"Take Damage","floor":3,"damage_taken":0},{"event_name":"The Cleric","player_choice":"Healed","floor":5,"damage_taken":0},{"event_name":"World of Goop","player_choice":"Gather Gold","floor":7,"damage_taken":0},{"event_name":"Dead Adventurer","player_choice":"Searched \u00273\u0027 times","floor":10,"damage_taken":0}],"boss_relics":[],"potions_floor_spawned":[1,4,14],"seed_played":"-8422727493524167686","killed_by":"The Guardian","ascension_level":0,"is_trial":false}