{"gold_per_floor":[119,131,143,163,173,207,223,256,302,302,302,318,318,348,348,447,447,467,467,467,478,478,508,508,542,566,586,118,148,148,165,165,262,262,281,293,311,311,311,311,45,62,130,163,163,178,205,224,224,224],"floor_reached":51,"playtime":2358,"items_purged":["Strike_R"],"score":839,"play_id":"7e37312a-a7a0-4722-9bba-6f6214dbf8f5","local_time":"20190429120635","is_ascension_mode":false,"campfire_choices":[{"data":"Bash","floor":10,"key":"SMITH"},{"data":"Double Tap","floor":15,"key":"SMITH"},{"data":"Shockwave","floor":24,"key":"SMITH"},{"data":"Heavy Blade","floor":30,"key":"SMITH"},{"data":"Inflame","floor":32,"key":"SMITH"},{"data":"Immolate","floor":40,"key":"SMITH"},{"data":"Limit Break","floor":49,"key":"SMITH"}],"neow_cost":"NONE","seed_source_timestamp":1472005327868000,"circlet_count":0,"master_deck":["Strike_R","Strike_R+1","Strike_R","Strike_R","Defend_R","Defend_R","Defend_R","Defend_R","Bash+1","Carnage+1","Anger","Double Tap+1","Power Through","Intimidate","Shrug It Off","Reaper","Juggernaut","Clothesline+1","Shockwave+1","Power Through","Immolate+1","Sentinel+1","True Grit+1","Shrug It Off","Heavy Blade+1","Inflame+1","Exhume","Clothesline+1","Headbutt","Corruption","Limit Break+1","Impervious","Madness","Madness","Ghostly Armor+1","Limit Break","Metallicize+1"],"relics":["Burning Blood","Juzu Bracelet","Pantograph","Bronze Scales","Peace Pipe","Velvet Choker","Shuriken","Art of War","Ancient Tea Set","Orichalcum","Anchor","The Courier","Snecko Eye","Centennial Puzzle","Mercury Hourglass","Dream Catcher","Happy Flower"],"potions_floor_usage":[6,6,8,23,25,33,33,47,50],"damage_taken":[{"damage":0,"enemies":"2 Louse","floor":1,"turns":3},{"damage":1,"enemies":"Cultist","floor":2,"turns":4},{"damage":1,"enemies":"Jaw Worm","floor":3,"turns":3},{"damage":5,"enemies":"Looter","floor":4,"turns":3},{"damage":0,"enemies":"2 Fungi Beasts","floor":5,"turns":2},{"damage":14,"enemies":"Lagavulin","floor":6,"turns":7},{"damage":8,"enemies":"Large Slime","floor":7,"turns":7},{"damage":8,"enemies":"3 Sentries","floor":8,"turns":7},{"damage":0,"enemies":"Exordium Thugs","floor":12,"turns":5},{"damage":9,"enemies":"Gremlin Nob","floor":14,"turns":4},{"damage":48,"enemies":"The Guardian","floor":16,"turns":11},{"damage":2,"enemies":"Spheric Guardian","floor":18,"turns":3},{"damage":6,"enemies":"Shell Parasite","floor":21,"turns":6},{"damage":11,"enemies":"Gremlin Leader","floor":23,"turns":7},{"damage":9,"enemies":"Slavers","floor":25,"turns":3},{"damage":15,"enemies":"Centurion and Healer","floor":27,"turns":5},{"damage":13,"enemies":"Gremlin Leader","floor":29,"turns":5},{"damage":15,"enemies":"Snake Plant","floor":31,"turns":4},{"damage":55,"enemies":"Champ","floor":33,"turns":9},{"damage":2,"enemies":"3 Darklings","floor":35,"turns":6},{"damage":0,"enemies":"Orb Walker","floor":36,"turns":2},{"damage":8,"enemies":"Jaw Worm Horde","floor":37,"turns":4},{"damage":0,"enemies":"Transient","floor":42,"turns":5},{"damage":4,"enemies":"Giant Head","floor":44,"turns":5},{"damage":12,"enemies":"Maw","floor":46,"turns":6},{"damage":11,"enemies":"Nemesis","floor":47,"turns":3},{"damage":1,"enemies":"3 Darklings","floor":48,"turns":3},{"damage":25,"enemies":"Donu and Deca","floor":50,"turns":8}],"seed_played":"-5649400984413238107","potions_obtained":[{"floor":0,"key":"Block Potion"},{"floor":0,"key":"FearPotion"},{"floor":0,"key":"LiquidBronze"},{"floor":3,"key":"Energy Potion"},{"floor":6,"key":"SteroidPotion"},{"floor":7,"key":"Block Potion"},{"floor":16,"key":"SteroidPotion"},{"floor":21,"key":"FearPotion"},{"floor":29,"key":"AttackPotion"},{"floor":44,"key":"SpeedPotion"},{"floor":46,"key":"BloodPotion"},{"floor":48,"key":"BloodPotion"}],"is_trial":false,"path_per_floor":["M","M","M","M","M","E","M","E","T","R","?","M","?","E","R","B",null,"M","?","?","M","?","E","R","E","T","M","$","E","R","M","R","B",null,"M","M","M","?","?","R","$","M","T","E","?","M","E","M","R","B",null],"character_chosen":"IRONCLAD","items_purchased":["Orichalcum","Shrug It Off","SteroidPotion","Anchor","Corruption","Limit Break","Centennial Puzzle"],"campfire_rested":0,"item_purchase_floors":[28,28,28,28,41,41,41],"current_hp_per_floor":[80,80,80,80,80,72,70,68,68,68,60,66,50,47,47,30,80,80,80,80,80,65,74,74,71,71,64,64,85,85,79,79,38,85,85,85,85,85,85,85,85,85,85,85,74,68,71,85,85,66],"gold":224,"neow_bonus":"THREE_SMALL_POTIONS","is_prod":false,"is_daily":false,"chose_seed":false,"campfire_upgraded":7,"win_rate":1,"timestamp":1556564795,"path_taken":["M","M","M","M","M","E","M","E","T","R","?","M","?","E","R","BOSS","M","?","?","M","?","E","R","E","T","M","$","E","R","M","R","BOSS","M","M","M","?","?","R","$","M","T","E","?","M","E","M","R","BOSS"],"build_version":"2019-01-23","purchased_purges":1,"victory":true,"max_hp_per_floor":[80,80,80,80,80,80,80,80,80,80,80,80,80,80,80,80,80,80,80,80,80,85,85,85,85,85,85,85,85,85,85,85,85,85,85,85,85,85,85,85,85,85,85,85,85,85,85,85,85,85],"card_choices":[{"not_picked":["Corruption","Dual Wield","Whirlwind"],"picked":"SKIP","floor":1},{"not_picked":["Body Slam","Pommel Strike"],"picked":"Carnage","floor":2},{"not_picked":["Sever Soul","Clash"],"picked":"Iron Wave","floor":3},{"not_picked":["Havoc","Cleave"],"picked":"Anger","floor":4},{"not_picked":["Wild Strike","Rupture"],"picked":"Double Tap","floor":5},{"not_picked":["Wild Strike","Clash"],"picked":"Power Through","floor":6},{"not_picked":["Sword Boomerang","Clash"],"picked":"Intimidate","floor":7},{"not_picked":["True Grit","Twin Strike"],"picked":"Shrug It Off","floor":8},{"not_picked":["Sword Boomerang","Clash","Thunderclap"],"picked":"SKIP","floor":12},{"not_picked":["Sword Boomerang","Clash","Thunderclap"],"picked":"SKIP","floor":12},{"not_picked":["Sword Boomerang","Clash","Thunderclap"],"picked":"SKIP","floor":12},{"not_picked":["Dark Embrace","Ghostly Armor"],"picked":"Reaper","floor":14},{"not_picked":["Berserk","Barricade"],"picked":"Juggernaut","floor":16},{"not_picked":["Armaments","Twin Strike+1"],"picked":"Clothesline+1","floor":18},{"not_picked":["Bloodletting+1","Pummel"],"picked":"Power Through","floor":21},{"not_picked":["Cleave+1","Perfected Strike+1"],"picked":"Immolate","floor":23},{"not_picked":["Power Through","Body Slam"],"picked":"Sentinel+1","floor":25},{"not_picked":["Carnage","Wild Strike+1"],"picked":"True Grit+1","floor":27},{"not_picked":["Wild Strike","Sever Soul"],"picked":"Heavy Blade","floor":29},{"not_picked":["Hemokinesis+1","Sever Soul"],"picked":"Inflame","floor":31},{"not_picked":["Berserk","Immolate"],"picked":"Exhume","floor":33},{"not_picked":["Body Slam+1","Thunderclap+1","Bloodletting"],"picked":"SKIP","floor":35},{"not_picked":["Flex","Rupture"],"picked":"Clothesline+1","floor":36},{"not_picked":["Thunderclap+1","Burning Pact"],"picked":"Headbutt","floor":37},{"not_picked":["Iron Wave","Searing Blow+1"],"picked":"Impervious","floor":42},{"not_picked":["Body Slam","Thunderclap+1","Sever Soul+1"],"picked":"SKIP","floor":44},{"not_picked":["Warcry+1","Clothesline"],"picked":"Ghostly Armor+1","floor":46},{"not_picked":["Headbutt+1","Havoc+1"],"picked":"Limit Break","floor":47},{"not_picked":["Twin Strike+1","Evolve"],"picked":"Metallicize+1","floor":48}],"player_experience":661866,"relics_obtained":[{"floor":6,"key":"Juzu Bracelet"},{"floor":8,"key":"Pantograph"},{"floor":9,"key":"Bronze Scales"},{"floor":14,"key":"Peace Pipe"},{"floor":23,"key":"Shuriken"},{"floor":25,"key":"Art of War"},{"floor":26,"key":"Ancient Tea Set"},{"floor":29,"key":"The Courier"},{"floor":43,"key":"Mercury Hourglass"},{"floor":44,"key":"Dream Catcher"},{"floor":47,"key":"Happy Flower"}],"event_choices":[{"damage_healed":0,"gold_gain":0,"player_choice":"Damaged","damage_taken":8,"max_hp_gain":0,"max_hp_loss":0,"event_name":"Wheel of Change","floor":11,"gold_loss":0},{"damage_healed":0,"gold_gain":0,"player_choice":"Entered Light","damage_taken":16,"max_hp_gain":0,"max_hp_loss":0,"event_name":"Shining Light","floor":13,"gold_loss":0,"cards_upgraded":["Strike_R","Carnage"]},{"damage_healed":0,"gold_gain":0,"player_choice":"Ignored","damage_taken":0,"max_hp_gain":0,"max_hp_loss":0,"event_name":"Ghosts","floor":19,"gold_loss":0},{"damage_healed":0,"gold_gain":0,"player_choice":"Read","damage_taken":0,"max_hp_gain":0,"max_hp_loss":0,"event_name":"The Library","floor":20,"gold_loss":0,"cards_obtained":["Shockwave"]},{"damage_healed":0,"gold_gain":0,"player_choice":"Shed Blood","damage_taken":20,"max_hp_gain":5,"max_hp_loss":0,"event_name":"Forgotten Altar","floor":22,"gold_loss":0},{"damage_healed":0,"gold_gain":0,"player_choice":"Ignored","damage_taken":0,"max_hp_gain":0,"max_hp_loss":0,"event_name":"Tomb of Lord Red Mask","floor":38,"gold_loss":0},{"cards_removed":["Iron Wave"],"damage_healed":0,"gold_gain":0,"player_choice":"Removed Attack","damage_taken":0,"max_hp_gain":0,"max_hp_loss":0,"event_name":"Falling","floor":39,"gold_loss":0},{"damage_healed":0,"gold_gain":0,"player_choice":"Embrace Madness","damage_taken":11,"max_hp_gain":0,"max_hp_loss":0,"event_name":"Winding Halls","floor":45,"gold_loss":0,"cards_obtained":["Madness","Madness"]}],"is_beta":false,"boss_relics":[{"not_picked":["Runic Pyramid","Ectoplasm"],"picked":"Velvet Choker"},{"not_picked":["Busted Crown","Orrery"],"picked":"Snecko Eye"}],"items_purged_floors":[28],"is_endless":false,"potions_floor_spawned":[3,5,6,7,16,21,29,31,44,46,48],"ascension_level":0}