{"gold_per_floor":[116,128,146,146,146,146,173,248,271,300,317,348,362,378,378,479,479,489,506,520,540,540,540],"floor_reached":23,"playtime":1611,"items_purged":[],"score":305,"play_id":"b482bfac-6541-4018-a658-b9e25b1cc9d6","local_time":"20190328142523","is_ascension_mode":true,"campfire_choices":[{"data":"Storm of Steel","floor":6,"key":"SMITH"},{"data":"Accuracy","floor":15,"key":"SMITH"}],"neow_cost":"NONE","seed_source_timestamp":1443560350026,"circlet_count":0,"master_deck":["Defend_G","Defend_G","Defend_G","Defend_G","Defend_G","Strike_G","Strike_G","Strike_G","Strike_G","Survivor","Neutralize","Deadly Poison","Storm of Steel+1","Caltrops","Accuracy+1","A Thousand Cuts","Backflip","Accuracy","Adrenaline","Cloak And Dagger","J.A.X."],"relics":["Runic Pyramid","PreservedInsect","Regal Pillow","Art of War","Juzu Bracelet","Busted Crown"],"potions_floor_usage":[10,12,20,23,23,23],"damage_taken":[{"damage":1,"enemies":"Cultist","floor":1,"turns":4},{"damage":0,"enemies":"Jaw Worm","floor":2,"turns":4},{"damage":0,"enemies":"2 Louse","floor":3,"turns":2},{"damage":14,"enemies":"Lagavulin","floor":7,"turns":8},{"damage":4,"enemies":"3 Sentries","floor":10,"turns":4},{"damage":1,"enemies":"Large Slime","floor":11,"turns":4},{"damage":0,"enemies":"Gremlin Nob","floor":12,"turns":2},{"damage":0,"enemies":"Exordium Wildlife","floor":13,"turns":3},{"damage":0,"enemies":"Blue Slaver","floor":14,"turns":2},{"damage":0,"enemies":"Slime Boss","floor":16,"turns":3},{"damage":0,"enemies":"Chosen","floor":18,"turns":3},{"damage":5,"enemies":"3 Byrds","floor":19,"turns":5},{"damage":32,"enemies":"Snake Plant","floor":20,"turns":3},{"damage":10,"enemies":"3 Cultists","floor":21,"turns":4},{"damage":41,"enemies":"Slavers","floor":23,"turns":3}],"seed_played":"-1831940446731498908","potions_obtained":[{"floor":2,"key":"AttackPotion"},{"floor":7,"key":"Poison Potion"},{"floor":12,"key":"Fruit Juice"},{"floor":13,"key":"Strength Potion"},{"floor":19,"key":"Fire Potion"},{"floor":20,"key":"Weak Potion"}],"is_trial":false,"path_per_floor":["?","?","?","?"],"character_chosen":"THE_SILENT","items_purchased":[],"campfire_rested":0,"item_purchase_floors":[],"current_hp_per_floor":[69,69,69,74,67,67,53,42,42,38,37,42,42,42,42,42,80,80,75,43,33,33,0],"gold":540,"neow_bonus":"BOSS_RELIC","is_prod":false,"is_daily":false,"chose_seed":false,"campfire_upgraded":2,"win_rate":0,"timestamp":1553757923,"path_taken":["M","M","M","?","?","R","E","?","T","E","M","E","M","M","R","BOSS","M","M","M","M","?","E"],"build_version":"2019-01-23","purchased_purges":0,"victory":false,"max_hp_per_floor":[70,70,70,75,75,75,75,75,75,75,75,80,80,80,80,80,80,80,80,80,80,80,80],"card_choices":[{"not_picked":["Backflip","Poisoned Stab"],"picked":"Deadly Poison","floor":1},{"not_picked":["Outmaneuver","Sucker Punch"],"picked":"Storm of Steel","floor":2},{"not_picked":["Acrobatics","Endless Agony"],"picked":"Caltrops","floor":3},{"not_picked":["Blur","Flying Knee"],"picked":"Accuracy","floor":7},{"not_picked":["Dagger Spray","Underhanded Strike"],"picked":"A Thousand Cuts","floor":10},{"not_picked":["Outmaneuver","Underhanded Strike"],"picked":"Backflip","floor":11},{"not_picked":["Deflect","Flechettes"],"picked":"Accuracy","floor":12},{"not_picked":["Slice","Bane","PiercingWail"],"picked":"SKIP","floor":13},{"not_picked":["Setup","Heel Hook","Deadly Poison"],"picked":"SKIP","floor":14},{"not_picked":["Glass Knife","Envenom"],"picked":"Adrenaline","floor":16},{"not_picked":["Slice"],"picked":"SKIP","floor":18},{"not_picked":["Heel Hook"],"picked":"SKIP","floor":19},{"not_picked":["PiercingWail"],"picked":"SKIP","floor":20},{"not_picked":[],"picked":"Cloak And Dagger","floor":21}],"player_experience":137293,"relics_obtained":[{"floor":7,"key":"PreservedInsect"},{"floor":9,"key":"Regal Pillow"},{"floor":10,"key":"Art of War"},{"floor":12,"key":"Juzu Bracelet"}],"event_choices":[{"damage_healed":0,"gold_gain":0,"player_choice":"Donut","damage_taken":0,"max_hp_gain":5,"max_hp_loss":0,"event_name":"Big Fish","floor":4,"gold_loss":0},{"cards_removed":["Strike_G"],"damage_healed":0,"gold_gain":0,"player_choice":"Card Removal","damage_taken":7,"max_hp_gain":0,"max_hp_loss":0,"event_name":"Golden Wing","floor":5,"gold_loss":0},{"damage_healed":0,"gold_gain":75,"player_choice":"Gather Gold","damage_taken":11,"max_hp_gain":0,"max_hp_loss":0,"event_name":"World of Goop","floor":8,"gold_loss":0},{"damage_healed":0,"gold_gain":0,"player_choice":"Obtain J.A.X.","damage_taken":0,"max_hp_gain":0,"max_hp_loss":0,"event_name":"Drug Dealer","floor":22,"gold_loss":0,"cards_obtained":["J.A.X."]}],"is_beta":false,"boss_relics":[{"not_picked":["Cursed Key","HoveringKite"],"picked":"Busted Crown"}],"items_purged_floors":[],"is_endless":false,"potions_floor_spawned":[2,7,12,13,19,20],"killed_by":"Slavers","ascension_level":1}