{"gold_per_floor":[15,27,41,61,79,79,105,105,177,211,211,211,229,229],"floor_reached":14,"playtime":385,"items_purged":[],"score":204,"play_id":"8cc6a169-cfd5-410c-9df3-44750b41994c","local_time":"20190427163049","is_ascension_mode":true,"campfire_choices":[{"data":"Streamline","floor":6,"key":"SMITH"},{"data":"Hyperbeam","floor":8,"key":"SMITH"}],"neow_cost":"NO_GOLD","seed_source_timestamp":376540789648400,"circlet_count":0,"master_deck":["AscendersBane","Strike_B","Strike_B","Strike_B","Defend_B","Defend_B","Defend_B","Defend_B","Zap","Dualcast","Hyperbeam+1","Streamline+1","Chill","Leap","Glacier","Coolheaded","Leap","Blizzard","Blizzard"],"relics":["Cracked Core","StoneCalendar","Kunai","Torii","FaceOfCleric"],"potions_floor_usage":[7],"damage_taken":[{"damage":0,"enemies":"Cultist","floor":1,"turns":3},{"damage":9,"enemies":"2 Louse","floor":2,"turns":2},{"damage":5,"enemies":"Jaw Worm","floor":3,"turns":3},{"damage":5,"enemies":"Red Slaver","floor":4,"turns":3},{"damage":2,"enemies":"Large Slime","floor":5,"turns":6},{"damage":10,"enemies":"3 Sentries","floor":7,"turns":2},{"damage":14,"enemies":"Lagavulin","floor":10,"turns":8},{"damage":0,"enemies":"Gremlin Gang","floor":13,"turns":3},{"damage":20,"enemies":"Exordium Thugs","floor":14,"turns":3}],"seed_played":"-5576751481763270683","potions_obtained":[{"floor":1,"key":"Explosive Potion"},{"floor":2,"key":"LiquidBronze"},{"floor":13,"key":"Strength Potion"}],"is_trial":false,"path_per_floor":["M","M","M","M","M","R","E","R","T","E","?","?","M","M"],"character_chosen":"DEFECT","items_purchased":[],"campfire_rested":0,"item_purchase_floors":[],"current_hp_per_floor":[64,55,50,45,43,43,33,33,33,19,12,12,13,0],"gold":229,"neow_bonus":"THREE_RARE_CARDS","is_prod":false,"is_daily":false,"chose_seed":false,"campfire_upgraded":2,"win_rate":0,"timestamp":1556375449,"path_taken":["M","M","M","M","M","R","E","R","T","E","?","?","M","?"],"build_version":"2019-01-23","purchased_purges":0,"victory":false,"max_hp_per_floor":[71,71,71,71,71,71,71,71,71,71,71,71,72,72],"card_choices":[{"not_picked":["Thunder Strike","Rainbow"],"picked":"Hyperbeam","floor":0},{"not_picked":["Aggregate","Reinforced Body"],"picked":"Streamline","floor":1},{"not_picked":["Hello World","Streamline"],"picked":"Chill","floor":2},{"not_picked":["Darkness","Compile Driver"],"picked":"Leap","floor":3},{"not_picked":["Capacitor","Go for the Eyes"],"picked":"Glacier","floor":4},{"not_picked":["Heatsinks","Go for the Eyes"],"picked":"Coolheaded","floor":5},{"not_picked":["Streamline","Gash"],"picked":"Leap","floor":7},{"not_picked":["Sweeping Beam","Fusion"],"picked":"Blizzard","floor":10},{"not_picked":["Loop","Gash"],"picked":"Blizzard","floor":13}],"player_experience":635072,"relics_obtained":[{"floor":7,"key":"StoneCalendar"},{"floor":9,"key":"Kunai"},{"floor":10,"key":"Torii"}],"event_choices":[{"cards_removed":["Strike_B"],"damage_healed":0,"gold_gain":0,"player_choice":"Card Removal","damage_taken":7,"max_hp_gain":0,"max_hp_loss":0,"event_name":"Golden Wing","floor":11,"gold_loss":0},{"damage_healed":0,"gold_gain":0,"player_choice":"Trade","damage_taken":0,"relics_obtained":["FaceOfCleric"],"max_hp_gain":0,"max_hp_loss":0,"event_name":"FaceTrader","floor":12,"gold_loss":0}],"is_beta":false,"boss_relics":[],"items_purged_floors":[],"is_endless":false,"potions_floor_spawned":[1,2,5,13],"killed_by":"Exordium Thugs","ascension_level":20}