{"gold_per_floor":[115,115,115,115,190,190,247,262,262,262],"floor_reached":10,"playtime":8363,"items_purged":[],"score":67,"play_id":"ea95dec7-b32c-4c54-a95b-702e7ec28d0c","local_time":"20190401164121","is_ascension_mode":true,"campfire_choices":[{"data":"Neutralize","floor":6.0,"key":"SMITH"}],"neow_cost":"PERCENT_DAMAGE","seed_source_timestamp":0,"circlet_count":0,"master_deck":["Defend_G","Defend_G","Defend_G","Defend_G","Strike_G","Strike_G","Strike_G","Strike_G","Strike_G","Survivor","Neutralize+1","Cloak And Dagger","Distraction","Sucker Punch"],"special_seed":0,"relics":["Ring of the Snake","Du-Vu Doll","Tiny Chest","Meat on the Bone"],"potions_floor_usage":[10,10],"damage_taken":[{"damage":0.0,"enemies":"2 Louse","floor":1.0,"turns":3.0},{"damage":28.0,"enemies":"3 Sentries","floor":7.0,"turns":11.0},{"damage":0,"enemies":"Small Slimes","floor":8,"turns":3},{"damage":20,"enemies":"Lagavulin","floor":10,"turns":7}],"seed_played":"3906661730481037656","potions_obtained":[{"floor":7,"key":"Poison Potion"},{"floor":8,"key":"AttackPotion"}],"is_trial":false,"path_per_floor":["?","?","?","?"],"character_chosen":"THE_SILENT","items_purchased":[],"campfire_rested":0,"item_purchase_floors":[],"current_hp_per_floor":[49,49,54,54,47,47,19,19,19,0],"gold":262,"neow_bonus":"ONE_RARE_RELIC","is_prod":false,"is_daily":false,"chose_seed":false,"campfire_upgraded":1,"win_rate":0,"timestamp":1554111681,"path_taken":["M","?","?","?","?","R","E","M","T","E"],"build_version":"2019-01-23","purchased_purges":0,"victory":false,"max_hp_per_floor":[70,70,75,75,75,75,75,75,75,75],"card_choices":[{"not_picked":["Choke","Dodge and Roll"],"picked":"Cloak And Dagger","floor":1.0},{"not_picked":["Bane","Grand Finale"],"picked":"Distraction","floor":7},{"not_picked":["Eviscerate","Cloak And Dagger"],"picked":"Sucker Punch","floor":8}],"player_experience":150432,"relics_obtained":[{"floor":7,"key":"Tiny Chest"},{"floor":9,"key":"Meat on the Bone"}],"event_choices":[{"cards_removed":["Defend_G"],"damage_healed":0.0,"max_hp_gain":0.0,"max_hp_loss":0.0,"gold_gain":0.0,"event_name":"Living Wall","player_choice":"Forget","floor":2.0,"gold_loss":0.0,"damage_taken":0.0},{"damage_healed":0.0,"max_hp_gain":5.0,"max_hp_loss":0.0,"gold_gain":0.0,"event_name":"Big Fish","player_choice":"Donut","floor":3.0,"gold_loss":0.0,"damage_taken":0.0},{"damage_healed":0.0,"max_hp_gain":0.0,"max_hp_loss":0.0,"gold_gain":0.0,"event_name":"Liars Game","player_choice":"Ignored","floor":4.0,"gold_loss":0.0,"damage_taken":0.0},{"damage_healed":0.0,"max_hp_gain":0.0,"max_hp_loss":0.0,"gold_gain":75.0,"event_name":"FaceTrader","player_choice":"Touch","floor":5.0,"gold_loss":0.0,"damage_taken":7.0}],"is_beta":false,"boss_relics":[],"items_purged_floors":[],"is_endless":false,"potions_floor_spawned":[7,8],"killed_by":"Lagavulin","ascension_level":1}