{"gold_per_floor":[118,14,14,24,24,24,56,12,12,22,22,35,35,66,66,140,140,153,164,182,182,10,10,10],"floor_reached":24,"playtime":947,"items_purged":[],"score":408,"play_id":"6fc98bc6-1dcf-4961-924c-bbe9808cc042","local_time":"20190103141156","is_ascension_mode":true,"campfire_choices":[{"data":"Pommel Strike","floor":6.0,"key":"SMITH"},{"data":"Bash","floor":11.0,"key":"SMITH"},{"data":"Shrug It Off","floor":13.0,"key":"SMITH"},{"data":"Uppercut","floor":15.0,"key":"SMITH"},{"data":"Whirlwind","floor":23.0,"key":"SMITH"}],"neow_cost":"NONE","seed_source_timestamp":0,"circlet_count":0,"master_deck":["AscendersBane","Strike_R","Strike_R","Strike_R","Defend_R","Defend_R","Defend_R","Defend_R","Bash+1","Body Slam+1","Shrug It Off+1","Pommel Strike+1","Corruption","Flame Barrier","Havoc","Uppercut+1","Limit Break","Whirlwind+1","Entrench+1","Disarm"],"special_seed":0,"relics":["Burning Blood","Peace Pipe","Mercury Hourglass","Shuriken","Empty Cage","Juzu Bracelet"],"potions_floor_usage":[24,24],"damage_taken":[{"damage":4.0,"enemies":"Small Slimes","floor":1.0,"turns":4.0},{"damage":0.0,"enemies":"2 Louse","floor":4.0,"turns":2.0},{"damage":28.0,"enemies":"Gremlin Nob","floor":7.0,"turns":4.0},{"damage":0.0,"enemies":"Jaw Worm","floor":10.0,"turns":2.0},{"damage":8.0,"enemies":"Red Slaver","floor":12.0,"turns":5.0},{"damage":10.0,"enemies":"3 Sentries","floor":14.0,"turns":7.0},{"damage":45.0,"enemies":"Slime Boss","floor":16.0,"turns":11.0},{"damage":0.0,"enemies":"Chosen","floor":18.0,"turns":4.0},{"damage":1.0,"enemies":"3 Byrds","floor":19.0,"turns":2.0},{"damage":33.0,"enemies":"Snake Plant","floor":20.0,"turns":5.0},{"damage":64,"enemies":"Slavers","floor":24,"turns":5}],"seed_played":"4659222001267332252","potions_obtained":[{"floor":4.0,"key":"Block Potion"},{"floor":14.0,"key":"Weak Potion"},{"floor":16.0,"key":"Strength Potion"}],"is_trial":false,"path_per_floor":["M","$","?","M","?","R","E","$","T","M","R","M","R","E","R","B",null,"M","M","M","?","$","R","E"],"character_chosen":"IRONCLAD","items_purchased":["Shrug It Off","PowerPotion","Flame Barrier","Juzu Bracelet"],"campfire_rested":0,"item_purchase_floors":[2,2,8,22],"current_hp_per_floor":[77,77,77,82,82,82,60,60,60,66,66,64,64,60,60,21,67,73,78,51,51,51,51,0],"gold":10,"neow_bonus":"TEN_PERCENT_HP_BONUS","is_prod":false,"is_daily":false,"chose_seed":false,"campfire_upgraded":5,"win_rate":0,"timestamp":1546521116,"path_taken":["M","$","?","M","?","R","E","?","T","?","R","M","R","E","R","BOSS","M","M","M","?","$","R","E"],"build_version":"2018-12-20","purchased_purges":0,"victory":false,"max_hp_per_floor":[82,82,82,82,82,82,82,82,82,82,82,82,82,82,82,82,82,82,82,82,82,82,82,82],"card_choices":[{"not_picked":["Warcry","Flex"],"picked":"Body Slam","floor":1.0},{"not_picked":["Disarm","Searing Blow"],"picked":"Pommel Strike","floor":4.0},{"not_picked":["Dropkick","Body Slam"],"picked":"Corruption","floor":7.0},{"not_picked":["Disarm","Anger"],"picked":"Havoc","floor":10.0},{"not_picked":["Headbutt","Thunderclap","Heavy Blade"],"picked":"SKIP","floor":12.0},{"not_picked":["Body Slam","Perfected Strike"],"picked":"Uppercut","floor":14.0},{"not_picked":["Barricade","Berserk"],"picked":"Limit Break","floor":16.0},{"not_picked":["Clothesline","Heavy Blade","Anger"],"picked":"SKIP","floor":18.0},{"not_picked":["Flex+1","Anger"],"picked":"Whirlwind","floor":19.0},{"not_picked":["True Grit","Bloodletting"],"picked":"Entrench+1","floor":20.0}],"player_experience":1098949,"relics_obtained":[{"floor":7.0,"key":"Peace Pipe"},{"floor":9.0,"key":"Mercury Hourglass"},{"floor":14.0,"key":"Shuriken"}],"event_choices":[{"damage_healed":0.0,"max_hp_gain":0.0,"max_hp_loss":0.0,"gold_gain":0.0,"event_name":"Living Wall","player_choice":"Grow","floor":3.0,"gold_loss":0.0,"damage_taken":0.0,"cards_upgraded":["Body Slam"]},{"damage_healed":0.0,"max_hp_gain":0.0,"max_hp_loss":0.0,"gold_gain":0.0,"event_name":"The Cleric","player_choice":"Leave","floor":5.0,"gold_loss":0.0,"damage_taken":0.0},{"damage_healed":0.0,"max_hp_gain":0.0,"max_hp_loss":0.0,"gold_gain":0.0,"event_name":"Match and Keep!","player_choice":"1 cards matched","floor":21.0,"gold_loss":0.0,"damage_taken":0.0,"cards_obtained":["Disarm"]}],"is_beta":false,"boss_relics":[{"not_picked":["Busted Crown","Velvet Choker"],"picked":"Empty Cage"}],"items_purged_floors":[],"is_endless":false,"potions_floor_spawned":[4,14,16,18],"killed_by":"Slavers","ascension_level":20}