{"gold_per_floor":[109,184,184,203,47,74,74,100,124,124,22,40,40,60,60,159,159,159,159,43,2,0,0,0,0,0,0,0,0,0,0,0,0,0,0,0,0,0,0,0,0,0,0,0,0,0,0,0,0,0],"floor_reached":51,"playtime":1876,"items_purged":["Strike_R"],"score":1039,"play_id":"4a7440d7-a037-4460-a695-c04149e91e0c","local_time":"20190402013433","is_ascension_mode":true,"campfire_choices":[{"data":"Bash","floor":7,"key":"SMITH"},{"data":"Hemokinesis","floor":10,"key":"SMITH"},{"data":"Hemokinesis","floor":13,"key":"SMITH"},{"data":"Clothesline","floor":15,"key":"SMITH"},{"floor":24,"key":"REST"},{"data":"Double Tap","floor":30,"key":"SMITH"},{"floor":32,"key":"REST"},{"data":"Metamorphosis","floor":40,"key":"SMITH"},{"floor":42,"key":"REST"},{"data":"Limit Break","floor":44,"key":"SMITH"},{"data":"Heavy Blade","floor":46,"key":"SMITH"},{"floor":49,"key":"REST"}],"neow_cost":"NONE","seed_source_timestamp":33790813944955,"circlet_count":0,"master_deck":["Bash+1","Hemokinesis+1","Hemokinesis+1","Shrug It Off","Clothesline+1","Spot Weakness","Double Tap+1","Shrug It Off+1","Shrug It Off","Anger+1","Sword Boomerang+1","Metallicize","Immolate","Limit Break+1","Shrug It Off","Rampage","Power Through","Rupture","Bloodletting","Shockwave","Heavy Blade+1","Shrug It Off","Metallicize","Secret Technique","Dark Shackles","Metamorphosis+1","Evolve","Rupture","Metallicize+1","Bloodletting+1","Battle Trance+1"],"relics":["Burning Blood","Bag of Marbles","Ancient Tea Set","Bag of Preparation","Pen Nib","Ectoplasm","The Courier","Mercury Hourglass","Dream Catcher","Self Forming Clay","Strawberry","Pandora\u0027s Box","Champion Belt","Red Mask","Potion Belt","Gremlin Horn"],"potions_floor_usage":[6,8,16,16,37,41,41,50,50],"damage_taken":[{"damage":1,"enemies":"Cultist","floor":1,"turns":3},{"damage":14,"enemies":"Jaw Worm","floor":4,"turns":4},{"damage":28,"enemies":"Lagavulin","floor":6,"turns":5},{"damage":26,"enemies":"3 Sentries","floor":8,"turns":7},{"damage":2,"enemies":"Small Slimes","floor":12,"turns":2},{"damage":2,"enemies":"Exordium Wildlife","floor":14,"turns":1},{"damage":23,"enemies":"The Guardian","floor":16,"turns":9},{"damage":4,"enemies":"Spheric Guardian","floor":18,"turns":1},{"damage":6,"enemies":"2 Thieves","floor":22,"turns":2},{"damage":52,"enemies":"Gremlin Leader","floor":23,"turns":5},{"damage":4,"enemies":"Snecko","floor":27,"turns":1},{"damage":20,"enemies":"Slavers","floor":28,"turns":4},{"damage":37,"enemies":"Collector","floor":33,"turns":5},{"damage":9,"enemies":"Orb Walker","floor":35,"turns":3},{"damage":25,"enemies":"2 Orb Walkers","floor":37,"turns":4},{"damage":0,"enemies":"3 Darklings","floor":38,"turns":1},{"damage":40,"enemies":"Giant Head","floor":41,"turns":6},{"damage":0,"enemies":"Jaw Worm Horde","floor":48,"turns":1},{"damage":22,"enemies":"Donu and Deca","floor":50,"turns":6}],"seed_played":"4565536243260693915","potions_obtained":[{"floor":0,"key":"SmokeBomb"},{"floor":0,"key":"AttackPotion"},{"floor":0,"key":"Dexterity Potion"},{"floor":1,"key":"Weak Potion"},{"floor":12,"key":"Energy Potion"},{"floor":22,"key":"PowerPotion"},{"floor":35,"key":"EssenceOfSteel"},{"floor":37,"key":"PowerPotion"},{"floor":38,"key":"Weak Potion"},{"floor":47,"key":"Energy Potion"},{"floor":47,"key":"Fire Potion"},{"floor":47,"key":"Block Potion"},{"floor":48,"key":"SteroidPotion"}],"is_trial":false,"path_per_floor":["M","?","?","M","$","E","R","E","T","R","$","M","R","M","R","B",null,"M","?","?","$","M","E","R","T","T","M","E","$","R","?","R","B",null,"M","?","?","M","?","R","E","R","T","R","$","R","?","M","R","B",null],"character_chosen":"IRONCLAD","items_purchased":["Bag of Marbles","Clothesline","Shrug It Off"],"campfire_rested":4,"item_purchase_floors":[5,11,21],"current_hp_per_floor":[77,66,66,58,58,36,36,16,16,16,16,20,20,24,24,7,62,64,64,64,64,64,18,42,42,42,44,37,37,37,20,47,16,73,70,60,41,47,47,47,13,40,40,40,40,40,40,46,73,57],"gold":0,"neow_bonus":"THREE_SMALL_POTIONS","is_prod":false,"is_daily":false,"chose_seed":false,"campfire_upgraded":8,"win_rate":0,"timestamp":1554179673,"path_taken":["M","?","?","M","?","E","R","E","T","R","$","M","R","M","R","BOSS","M","?","?","$","?","E","R","?","T","M","E","?","R","?","R","BOSS","M","?","?","?","?","R","E","R","T","R","$","R","?","M","R","BOSS"],"build_version":"2019-01-23","purchased_purges":1,"victory":true,"max_hp_per_floor":[80,80,80,80,80,80,80,80,80,80,80,80,80,80,80,80,80,80,80,80,80,80,80,80,80,80,80,87,87,87,92,92,92,92,92,92,92,92,92,92,92,92,92,92,92,92,92,92,92,92],"card_choices":[{"not_picked":["Shrug It Off","Havoc"],"picked":"Hemokinesis","floor":1},{"not_picked":["Anger","Power Through"],"picked":"Hemokinesis","floor":4},{"not_picked":["Cleave","Bludgeon"],"picked":"Shrug It Off","floor":6},{"not_picked":["Sword Boomerang","Thunderclap","Berserk"],"picked":"SKIP","floor":8},{"not_picked":["Battle Trance","Wild Strike"],"picked":"Spot Weakness","floor":12},{"not_picked":["Burning Pact","Dropkick","Warcry"],"picked":"SKIP","floor":14},{"not_picked":["Dark Embrace","Demon Form"],"picked":"Double Tap","floor":16},{"not_picked":["Thunderclap+1","Heavy Blade+1"],"picked":"Shrug It Off+1","floor":18},{"not_picked":["Shrug It Off+1","Armaments"],"picked":"Anger+1","floor":22},{"not_picked":["Iron Wave","Warcry"],"picked":"Sword Boomerang+1","floor":23},{"not_picked":["Burning Pact","Rampage","Entrench"],"picked":"SKIP","floor":27},{"not_picked":["Wild Strike","Heavy Blade"],"picked":"Metallicize","floor":28},{"not_picked":["Havoc+1","Spot Weakness"],"picked":"Immolate","floor":32},{"not_picked":["Dark Embrace","Immolate"],"picked":"Limit Break","floor":33},{"not_picked":["Havoc+1","Armaments"],"picked":"Metallicize","floor":35},{"not_picked":["Enlightenment","Forethought"],"picked":"Secret Technique","floor":36},{"not_picked":["Forethought","Blind"],"picked":"Dark Shackles","floor":36},{"not_picked":["Deep Breath","Impatience"],"picked":"Metamorphosis","floor":36},{"not_picked":["Body Slam","Flex"],"picked":"Evolve","floor":37},{"not_picked":["Wild Strike+1","Sword Boomerang"],"picked":"Rupture","floor":38},{"not_picked":["Ghostly Armor","Barricade"],"picked":"Metallicize+1","floor":41},{"not_picked":["Heavy Blade","Iron Wave+1"],"picked":"Bloodletting+1","floor":42},{"not_picked":["Body Slam","Wild Strike","Evolve"],"picked":"SKIP","floor":48},{"not_picked":["Carnage+1","Body Slam+1"],"picked":"Battle Trance+1","floor":49}],"player_experience":466210,"relics_obtained":[{"floor":6,"key":"Ancient Tea Set"},{"floor":8,"key":"Bag of Preparation"},{"floor":9,"key":"Pen Nib"},{"floor":23,"key":"Mercury Hourglass"},{"floor":25,"key":"Dream Catcher"},{"floor":26,"key":"Self Forming Clay"},{"floor":28,"key":"Strawberry"},{"floor":37,"key":"Champion Belt"},{"floor":41,"key":"Potion Belt"},{"floor":43,"key":"Gremlin Horn"}],"event_choices":[{"damage_healed":0,"gold_gain":75,"player_choice":"Gather Gold","damage_taken":11,"max_hp_gain":0,"max_hp_loss":0,"event_name":"World of Goop","floor":2,"gold_loss":0},{"damage_healed":0,"gold_gain":0,"player_choice":"Ignored","damage_taken":0,"max_hp_gain":0,"max_hp_loss":0,"event_name":"Liars Game","floor":3,"gold_loss":0},{"damage_healed":0,"gold_gain":99,"player_choice":"Stole From Cult","damage_taken":0,"max_hp_gain":0,"max_hp_loss":0,"event_name":"Nest","floor":19,"gold_loss":0},{"damage_healed":0,"gold_gain":0,"player_choice":"Paid Gold","damage_taken":0,"relics_obtained":["The Courier"],"max_hp_gain":0,"max_hp_loss":0,"event_name":"WeMeetAgain","floor":20,"gold_loss":116},{"damage_healed":0,"gold_gain":0,"player_choice":"Shed Blood","damage_taken":22,"max_hp_gain":5,"max_hp_loss":0,"event_name":"Forgotten Altar","floor":31,"gold_loss":0},{"damage_healed":0,"gold_gain":0,"player_choice":"Memory 3","damage_taken":10,"max_hp_gain":0,"max_hp_loss":0,"event_name":"SensoryStone","floor":36,"gold_loss":0},{"damage_healed":0,"gold_gain":0,"player_choice":"Fight","damage_taken":0,"max_hp_gain":0,"max_hp_loss":0,"event_name":"Mysterious Sphere","floor":37,"gold_loss":0},{"damage_healed":0,"gold_gain":0,"player_choice":"Paid","damage_taken":0,"relics_obtained":["Red Mask"],"max_hp_gain":0,"max_hp_loss":0,"event_name":"Tomb of Lord Red Mask","floor":39,"gold_loss":0},{"damage_healed":0,"gold_gain":0,"player_choice":"Got Potions","damage_taken":0,"max_hp_gain":0,"max_hp_loss":0,"event_name":"Lab","floor":47,"gold_loss":0}],"is_beta":false,"boss_relics":[{"not_picked":["Tiny House","Runic Dome"],"picked":"Ectoplasm"},{"not_picked":["Calling Bell","Snecko Eye"],"picked":"Pandora\u0027s Box"}],"items_purged_floors":[11],"is_endless":false,"potions_floor_spawned":[1,12,22,35,37,38,48],"ascension_level":9}