{"path_per_floor":["M","?","M","?","M","E","M","M","T","R","?","M","M","E","R","B",null,"M","?","M","?","T","R","M","E","T","$","M","R","M","?","R","B",null,"M","M","M","?","M"],"character_chosen":"THE_SILENT","items_purchased":["Calculated Gamble","Bandage Up","Oddly Smooth Stone"],"gold_per_floor":[20,20,33,33,44,73,91,104,104,104,74,84,98,127,127,226,226,237,237,255,255,281,281,296,324,351,67,84,84,94,94,94,189,189,205,221,236,236,247],"floor_reached":40,"campfire_rested":5,"playtime":6193,"current_hp_per_floor":[70,52,52,52,49,24,22,16,16,37,37,37,37,26,47,15,70,50,50,33,17,17,38,26,3,10,10,14,37,42,42,65,11,77,73,63,20,20,1],"items_purged":[],"gold":247,"score":397,"play_id":"f563321b-0a9e-4160-943a-974ae975d516","is_prod":false,"is_daily":false,"is_ascension_mode":false,"campfire_upgraded":0,"path_taken":["M","?","M","?","M","E","M","M","T","R","?","M","M","E","R","BOSS","M","?","M","?","?","R","?","E","T","$","M","R","M","?","R","BOSS","M","?","M","?","M","E"],"build_version":"2018-02-15-PROD1","purchased_purges":0,"victory":false,"master_deck":["Defend_G","Defend_G","Defend_G","Defend_G","Defend_G","Strike_G","Strike_G","Strike_G","Strike_G","Strike_G","Survivor","Neutralize","Adrenaline","Infinite Blades+1","Dagger Spray","Dagger Throw","Phantasmal Killer","Noxious Fumes","Slice","Blur","Bullet Time","Calculated Gamble+1","Storm of Steel","Cloak And Dagger","Backstab+1","Night Terror","Calculated Gamble","Bandage Up","Well Laid Plans+1","Underhanded Strike+1","A Thousand Cuts","Backstab","Dagger Spray+1","Riddle With Holes","Cloak And Dagger"],"max_hp_per_floor":[70,70,70,70,70,70,70,70,70,70,70,70,70,70,70,70,70,70,70,70,70,70,70,70,70,77,77,77,77,77,77,77,77,77,77,77,77,77,77],"relics":["Ring of the Snake","Pen Nib","Gremlin Horn","Matryoshka","Omamori","Black Star","Shuriken","Nilry\u0027s Codex","Bag of Marbles","Snake Skull","Centennial Puzzle","Smiling Mask","Darkstone Periapt","Strawberry","Oddly Smooth Stone","Runic Pyramid"],"card_choices":[{"not_picked":["After Image","Storm of Steel"],"picked":"Adrenaline"},{"not_picked":["Dagger Spray","Eviscerate"],"picked":"Infinite Blades"},{"not_picked":["Underhanded Strike","Reflex"],"picked":"Dagger Spray"},{"not_picked":["Flechettes","Underhanded Strike"],"picked":"Dagger Throw"},{"not_picked":["Blur","Dodge and Roll"],"picked":"Phantasmal Killer"},{"not_picked":["Dagger Spray","Blur"],"picked":"Noxious Fumes"},{"not_picked":["Reflex","PiercingWail"],"picked":"Slice"},{"not_picked":["Bane","Dagger Spray"],"picked":"Blur"},{"not_picked":["Sucker Punch","Flying Knee"],"picked":"Bullet Time"},{"not_picked":["Venomology","Quick Slash"],"picked":"Calculated Gamble"},{"not_picked":["Unload","Adrenaline"],"picked":"Storm of Steel"},{"not_picked":["Blur","Flying Knee"],"picked":"Cloak And Dagger"},{"not_picked":["PiercingWail","Reflex"],"picked":"Malaise"},{"not_picked":["Dodge and Roll","Quick Slash"],"picked":"Backstab"},{"not_picked":["Malaise","Cloak And Dagger"],"picked":"Night Terror"},{"not_picked":["Accuracy","Choke"],"picked":"Well Laid Plans"},{"not_picked":["Acrobatics","Outmaneuver"],"picked":"Underhanded Strike"},{"not_picked":["Burst","Tactician"],"picked":"A Thousand Cuts"},{"not_picked":["Cloak And Dagger","Acrobatics"],"picked":"Backstab"},{"not_picked":["Underhanded Strike","Acrobatics"],"picked":"Dagger Spray"},{"not_picked":["Malaise","Quick Slash"],"picked":"Riddle With Holes"},{"not_picked":["PiercingWail","Leg Sweep"],"picked":"Cloak And Dagger"}],"player_experience":126305,"potions_floor_usage":[6,7,12,13,14,16,18,28,30,39,39],"damage_taken":[{"damage":0,"enemies":"Small Slimes","floor":1,"turns":4},{"damage":0,"enemies":"Jaw Worm","floor":3,"turns":4},{"damage":3,"enemies":"2 Louse","floor":5,"turns":2},{"damage":25,"enemies":"Gremlin Nob","floor":6,"turns":4},{"damage":2,"enemies":"Blue Slaver","floor":7,"turns":4},{"damage":6,"enemies":"3 Louse","floor":8,"turns":3},{"damage":0,"enemies":"Looter","floor":12,"turns":3},{"damage":0,"enemies":"Lots of Slimes","floor":13,"turns":1},{"damage":11,"enemies":"Lagavulin","floor":14,"turns":5},{"damage":32,"enemies":"Slime Boss","floor":16,"turns":12},{"damage":20,"enemies":"3 Byrds","floor":18,"turns":4},{"damage":17,"enemies":"Spheric Guardian","floor":20,"turns":4},{"damage":12,"enemies":"Chosen and Byrds","floor":24,"turns":4},{"damage":23,"enemies":"Book of Stabbing","floor":25,"turns":5},{"damage":0,"enemies":"Cultist and Chosen","floor":28,"turns":4},{"damage":8,"enemies":"Centurion and Healer","floor":30,"turns":4},{"damage":58,"enemies":"Collector","floor":33,"turns":7},{"damage":8,"enemies":"Orb Walker","floor":35,"turns":5},{"damage":14,"enemies":"3 Darklings","floor":36,"turns":6},{"damage":47,"enemies":"4 Shapes","floor":37,"turns":4},{"damage":38,"enemies":"Sphere and 2 Shapes","floor":39,"turns":6},{"damage":7,"enemies":"Giant Head","floor":40,"turns":5}],"event_choices":[{"event_name":"Scrap Ooze","player_choice":"success","floor":2,"damage_taken":18},{"event_name":"Living Wall","player_choice":"Grow","floor":4,"damage_taken":0},{"event_name":"The Woman in Blue","player_choice":"Bought 2 Potions","floor":11,"damage_taken":0},{"event_name":"The Mausoleum","player_choice":"Yes","floor":19,"damage_taken":0},{"event_name":"Cursed Tome","player_choice":"Obtained Book","floor":21,"damage_taken":0},{"event_name":"Upgrade Shrine","player_choice":"Upgraded","floor":31,"damage_taken":0}],"boss_relics":[{"not_picked":["Philosopher\u0027s Stone","Lizard Tail"],"picked":"Black Star"},{"not_picked":["White Beast Statue","Velvet Choker"],"picked":"Runic Pyramid"}],"potions_floor_spawned":[5,6,8,14,16,25,28,33,36],"seed_played":"4089242561160101279","killed_by":"Giant Head","ascension_level":0,"is_trial":false}