{"gold_per_floor":[119,119,36,53,67,67,96,61,61,94,64,64],"floor_reached":12,"playtime":372,"items_purged":[],"score":172,"play_id":"cb386aa4-f2f9-457d-9786-fce73d02f1fc","local_time":"20190104192828","is_ascension_mode":true,"campfire_choices":[{"data":"Shockwave","floor":6,"key":"SMITH"}],"neow_cost":"TEN_PERCENT_HP_LOSS","seed_source_timestamp":32462426079230,"circlet_count":0,"master_deck":["AscendersBane","Strike_R","Strike_R","Strike_R","Defend_R","Defend_R","Defend_R","Defend_R","Bash","Clothesline","Limit Break","Pommel Strike","Heavy Blade","Shockwave+1","Twin Strike"],"relics":["Burning Blood","Dodecahedron","Kunai","Blue Candle"],"potions_floor_usage":[7,10,12,12],"damage_taken":[{"damage":2,"enemies":"2 Louse","floor":1,"turns":4},{"damage":0,"enemies":"Cultist","floor":4,"turns":3},{"damage":4,"enemies":"Jaw Worm","floor":5,"turns":3},{"damage":32,"enemies":"3 Sentries","floor":7,"turns":9},{"damage":30,"enemies":"Lagavulin","floor":10,"turns":6},{"damage":40,"enemies":"3 Sentries","floor":12,"turns":5}],"seed_played":"-2443371963660362060","potions_obtained":[{"floor":4,"key":"Strength Potion"},{"floor":11,"key":"LiquidBronze"},{"floor":11,"key":"Swift Potion"}],"is_trial":false,"path_per_floor":["M","?","$","M","M","R","E","?","T","E","?","E"],"character_chosen":"IRONCLAD","items_purchased":["Pommel Strike","Fire Potion"],"campfire_rested":0,"item_purchase_floors":[3,3],"current_hp_per_floor":[68,68,68,68,68,68,42,59,59,35,35,0],"gold":64,"neow_bonus":"REMOVE_TWO","is_prod":false,"is_daily":false,"chose_seed":false,"campfire_upgraded":1,"win_rate":0,"timestamp":1546626508,"path_taken":["M","?","$","M","?","R","E","?","T","E","?","E"],"build_version":"2019-01-03v3","purchased_purges":0,"victory":false,"max_hp_per_floor":[68,68,68,68,68,68,68,68,68,68,68,68],"card_choices":[{"not_picked":["Clash","Sentinel"],"picked":"Clothesline","floor":1},{"not_picked":["Thunderclap","Burning Pact"],"picked":"Heavy Blade","floor":4},{"not_picked":["Warcry","Pummel"],"picked":"Shockwave","floor":5},{"not_picked":["Bloodletting","Rupture"],"picked":"Twin Strike","floor":7},{"not_picked":["Twin Strike","Brutality","Heavy Blade"],"picked":"SKIP","floor":10}],"player_experience":1106039,"relics_obtained":[{"floor":7,"key":"Dodecahedron"},{"floor":9,"key":"Kunai"},{"floor":10,"key":"Blue Candle"}],"event_choices":[{"damage_healed":0,"gold_gain":0,"player_choice":"1 cards matched","damage_taken":0,"max_hp_gain":0,"max_hp_loss":0,"event_name":"Match and Keep!","floor":2,"gold_loss":0,"cards_obtained":["Limit Break"]},{"damage_healed":17,"gold_gain":0,"player_choice":"Healed","damage_taken":0,"max_hp_gain":0,"max_hp_loss":0,"event_name":"The Cleric","floor":8,"gold_loss":35},{"damage_healed":0,"gold_gain":0,"player_choice":"Bought 2 Potions","damage_taken":0,"max_hp_gain":0,"max_hp_loss":0,"event_name":"The Woman in Blue","floor":11,"gold_loss":0}],"is_beta":false,"boss_relics":[],"items_purged_floors":[],"is_endless":false,"potions_floor_spawned":[4,5],"killed_by":"3 Sentries","ascension_level":20}