{"path_per_floor":["M","?","?","M","M","E","?","?","T","E","M","R","$","M","R","B",null,"M","?","M","?","M"],"character_chosen":"DEFECT","items_purchased":["Lee\u0027s Waffle","Static Discharge","Auto Shields"],"gold_per_floor":[113,188,188,200,212,244,244,244,270,303,326,326,6,19,19,147,147,138,138,163,163,182,182],"floor_reached":23,"campfire_rested":1,"playtime":1700,"item_purchase_floors":[13,13,13],"current_hp_per_floor":[75,64,49,47,42,53,35,28,28,17,17,39,82,81,81,29,82,62,62,66,66,71,0],"items_purged":[],"gold":182,"score":226,"play_id":"772c2e6f-c896-4121-b0d0-faf799aa07e4","local_time":"20180616111621","is_prod":false,"is_daily":false,"chose_seed":false,"is_ascension_mode":false,"campfire_upgraded":1,"win_rate":0,"timestamp":1529172981,"campfire_choices":[{"floor":12,"key":"REST"},{"data":"Fusion","floor":15,"key":"SMITH"}],"path_taken":["M","?","?","M","M","E","?","?","T","E","M","R","$","M","R","BOSS","M","?","M","?","M","E"],"build_version":"2018-06-14v2","seed_source_timestamp":93899884542992,"purchased_purges":0,"victory":false,"master_deck":["Defend_B","Defend_B","Defend_B+1","Defend_B","Zap","Dualcast","Beam Cell","Scrape","Sweeping Beam","Cold Snap","Loop+1","Coolheaded","Steam","Hologram","Turbo","Rainbow","Fusion+1","Static Discharge","Auto Shields","Self Repair","Machine Learning","Go for the Eyes","Writhe","Glacier","Bite","Bite","Bite","Bite","Bite","Chill"],"max_hp_per_floor":[75,75,75,75,75,75,75,75,75,75,75,75,82,82,82,82,82,82,82,82,82,82,82],"relics":["Orrery","Oddly Smooth Stone","Golden Idol","Cables","Ancient Tea Set","Juzu Bracelet","Lee\u0027s Waffle","Eternal Feather"],"card_choices":[{"not_picked":["Rebound","Hello World"],"picked":"Beam Cell","floor":0},{"not_picked":["Heatsinks","Compile Driver"],"picked":"Scrape","floor":0},{"not_picked":["Tempest","Stack"],"picked":"Sweeping Beam","floor":0},{"not_picked":["Barrage","Turbo"],"picked":"Cold Snap","floor":0},{"not_picked":["Steam Power","Redo"],"picked":"Loop","floor":0},{"not_picked":["Steam","Skim"],"picked":"Coolheaded","floor":1},{"not_picked":["Compile Driver","Meteor Strike"],"picked":"Steam","floor":4},{"not_picked":["Redo","Barrage"],"picked":"Hologram","floor":5},{"not_picked":["Leap","Stack"],"picked":"Turbo","floor":6},{"not_picked":["Gash","Compile Driver"],"picked":"Rainbow","floor":10},{"not_picked":["Coolheaded","Steam"],"picked":"Fusion","floor":11},{"not_picked":["Streamline","Fusion"],"picked":"Self Repair","floor":14},{"not_picked":["Creative AI","Multi-Cast"],"picked":"Machine Learning","floor":16},{"not_picked":["Rebound","Doom and Gloom"],"picked":"Go for the Eyes","floor":18},{"not_picked":["Storm","Stack+1"],"picked":"Glacier","floor":20},{"not_picked":["Rebound","Barrage"],"picked":"Chill","floor":22}],"player_experience":143121,"potions_floor_usage":[6,6,6,11],"damage_taken":[{"damage":0,"enemies":"Cultist","floor":1,"turns":3},{"damage":2,"enemies":"2 Louse","floor":4,"turns":2},{"damage":5,"enemies":"Jaw Worm","floor":5,"turns":3},{"damage":4,"enemies":"3 Sentries","floor":6,"turns":7},{"damage":11,"enemies":"Gremlin Nob","floor":10,"turns":4},{"damage":0,"enemies":"Looter","floor":11,"turns":3},{"damage":1,"enemies":"2 Fungi Beasts","floor":14,"turns":3},{"damage":59,"enemies":"Hexaghost","floor":16,"turns":12},{"damage":20,"enemies":"2 Thieves","floor":18,"turns":4},{"damage":5,"enemies":"Spheric Guardian","floor":20,"turns":6},{"damage":24,"enemies":"Slaver and Parasite","floor":22,"turns":11},{"damage":98,"enemies":"Gremlin Leader","floor":23,"turns":12}],"relics_obtained":[{"floor":6,"key":"Oddly Smooth Stone"},{"floor":9,"key":"Ancient Tea Set"},{"floor":10,"key":"Juzu Bracelet"}],"event_choices":[{"event_name":"World of Goop","player_choice":"Gather Gold","floor":2,"damage_taken":0},{"event_name":"Shining Light","player_choice":"Entered Light","floor":3,"damage_taken":0},{"event_name":"Golden Idol","player_choice":"Take Damage","floor":7,"damage_taken":0},{"event_name":"Scrap Ooze","player_choice":"success","floor":8,"damage_taken":7},{"event_name":"The Mausoleum","player_choice":"Yes","floor":19,"damage_taken":0},{"event_name":"Vampires","player_choice":"Became a vampire (Vial)","floor":21,"damage_taken":0}],"boss_relics":[{"not_picked":["Lizard Tail","Fusion Hammer"],"picked":"Eternal Feather"}],"items_purged_floors":[],"is_endless":true,"potions_floor_spawned":[1,4,5,10],"seed_played":"-532380947736778411","killed_by":"Gremlin Leader","ascension_level":0,"potions_obtained":[{"floor":1,"key":"Regen Potion"},{"floor":4,"key":"Poison Potion"},{"floor":5,"key":"Block Potion"},{"floor":10,"key":"Energy Potion"}],"is_trial":false}