{"gold_per_floor":[119,119,69,69,80,80,80,80,80,80,113,132,57,76,76,175,175,190,207,207,207,236,236,236,236,281,292,292,308,308,319,319,319],"floor_reached":33,"playtime":740,"items_purged":["Defend_R"],"score":281,"play_id":"749ffd8c-3427-4908-a3ea-a4b56af111bd","local_time":"20190325022908","is_ascension_mode":true,"campfire_choices":[{"data":"Pommel Strike","floor":6.0,"key":"SMITH"},{"data":"Bash","floor":8.0,"key":"SMITH"},{"data":"Defend_R","floor":10.0,"key":"SMITH"},{"data":"Clothesline","floor":15.0,"key":"SMITH"},{"data":"Clash","floor":23,"key":"SMITH"},{"data":"RitualDagger","floor":25,"key":"SMITH"},{"floor":30,"key":"REST"},{"floor":32,"key":"REST"}],"neow_cost":"NONE","seed_source_timestamp":0,"circlet_count":0,"master_deck":["Defend_R","Defend_R+1","Defend_R","Bash+1","Seeing Red+1","Double Tap+1","Thunderclap+1","Pommel Strike+1","Second Wind","Clash+1","Clothesline+1","RitualDagger+1","Shrug It Off","Offering"],"special_seed":0,"relics":["Astrolabe"],"potions_floor_usage":[33,33],"damage_taken":[{"damage":1.0,"enemies":"Jaw Worm","floor":1.0,"turns":2.0},{"damage":0.0,"enemies":"2 Louse","floor":5.0,"turns":2.0},{"damage":0.0,"enemies":"Gremlin Nob","floor":11.0,"turns":2.0},{"damage":1.0,"enemies":"Cultist","floor":12.0,"turns":3.0},{"damage":10.0,"enemies":"3 Louse","floor":14.0,"turns":2.0},{"damage":31.0,"enemies":"Slime Boss","floor":16.0,"turns":9.0},{"damage":10.0,"enemies":"2 Thieves","floor":18.0,"turns":2.0},{"damage":11.0,"enemies":"Shell Parasite","floor":19.0,"turns":4.0},{"damage":5.0,"enemies":"Masked Bandits","floor":22.0,"turns":3.0},{"damage":20,"enemies":"Cultist and Chosen","floor":27,"turns":6},{"damage":9,"enemies":"Snecko","floor":29,"turns":5},{"damage":12,"enemies":"Snake Plant","floor":31,"turns":3},{"damage":56,"enemies":"Collector","floor":33,"turns":8}],"seed_played":"-133835946485533648","potions_obtained":[{"floor":7.0,"key":"EssenceOfSteel"},{"floor":7.0,"key":"Weak Potion"},{"floor":7.0,"key":"Weak Potion"},{"floor":19.0,"key":"Dexterity Potion"},{"floor":29,"key":"FearPotion"}],"is_trial":false,"path_per_floor":["M","?","?","?","M","R","?","R","T","R","E","M","$","M","R","B",null,"M","M","?","$","?","R","?","R","T","M","$","M","R","M","R","B"],"character_chosen":"IRONCLAD","items_purchased":[],"campfire_rested":2,"item_purchase_floors":[],"current_hp_per_floor":[79,79,79,79,79,79,79,79,79,79,79,78,78,68,68,37,80,70,59,59,59,54,54,48,48,48,28,28,19,43,31,55,0],"gold":319,"neow_bonus":"BOSS_RELIC","is_prod":false,"is_daily":false,"chose_seed":false,"campfire_upgraded":6,"win_rate":0,"timestamp":1553506148,"path_taken":["M","?","?","?","?","R","?","R","T","R","E","M","$","M","R","BOSS","M","M","?","$","?","R","?","R","T","M","$","M","R","M","R","BOSS"],"build_version":"2019-01-23","purchased_purges":1,"victory":false,"max_hp_per_floor":[80,80,80,80,80,80,80,80,80,80,80,80,80,80,80,80,80,80,80,80,80,80,80,80,80,80,80,80,80,80,80,80,80],"card_choices":[{"not_picked":["Heavy Blade","Armaments"],"picked":"Pommel Strike","floor":1.0},{"not_picked":["Clothesline","Inflame","Pommel Strike"],"picked":"SKIP","floor":5.0},{"not_picked":["Havoc","Thunderclap"],"picked":"Clash","floor":11.0},{"not_picked":["Iron Wave","Cleave","Twin Strike"],"picked":"SKIP","floor":12.0},{"not_picked":["Headbutt","Body Slam"],"picked":"Clothesline","floor":14.0},{"not_picked":["Headbutt","Sever Soul","Pommel Strike"],"picked":"SKIP","floor":18.0},{"not_picked":["Perfected Strike","Double Tap","Ghostly Armor"],"picked":"SKIP","floor":19.0},{"not_picked":["Body Slam","Intimidate","Entrench"],"picked":"SKIP","floor":27},{"not_picked":["Dual Wield","Wild Strike"],"picked":"Shrug It Off","floor":29},{"not_picked":["Sentinel","Bloodletting+1"],"picked":"Offering","floor":31}],"player_experience":843802,"relics_obtained":[],"event_choices":[{"damage_healed":0.0,"max_hp_gain":0.0,"max_hp_loss":0.0,"gold_gain":0.0,"event_name":"Golden Idol","player_choice":"Ignored","floor":2.0,"gold_loss":0.0,"damage_taken":0.0},{"cards_removed":["Strike_R"],"damage_healed":0.0,"max_hp_gain":0.0,"max_hp_loss":0.0,"gold_gain":0.0,"event_name":"The Cleric","player_choice":"Card Removal","floor":3.0,"gold_loss":50.0,"damage_taken":0.0},{"damage_healed":0.0,"max_hp_gain":0.0,"max_hp_loss":0.0,"gold_gain":0.0,"cards_transformed":["Strike_R"],"event_name":"Living Wall","player_choice":"Change","floor":4.0,"gold_loss":0.0,"damage_taken":0.0,"cards_obtained":["Second Wind"]},{"damage_healed":0.0,"max_hp_gain":0.0,"max_hp_loss":0.0,"gold_gain":0.0,"event_name":"Lab","player_choice":"Got Potions","floor":7.0,"gold_loss":0.0,"damage_taken":0.0},{"damage_healed":0.0,"max_hp_gain":0.0,"max_hp_loss":0.0,"gold_gain":0.0,"event_name":"Ghosts","player_choice":"Ignored","floor":20.0,"gold_loss":0.0,"damage_taken":0.0},{"damage_healed":0.0,"max_hp_gain":0.0,"max_hp_loss":0.0,"gold_gain":0.0,"event_name":"Masked Bandits","player_choice":"Fought Bandits","floor":22.0,"gold_loss":0.0,"damage_taken":0.0},{"damage_healed":0,"gold_gain":0,"player_choice":"Joined the Cult","damage_taken":6,"max_hp_gain":0,"max_hp_loss":0,"event_name":"Nest","floor":24,"gold_loss":0,"cards_obtained":["RitualDagger"]}],"is_beta":false,"boss_relics":[{"not_picked":["Ectoplasm","Calling Bell","Pandora\u0027s Box"]}],"items_purged_floors":[13],"is_endless":false,"potions_floor_spawned":[11,19,29],"killed_by":"Collector","ascension_level":1}