{"gold_per_floor":[119,294,309,35,335,335,39,39,39,39,39,73,73,99,99,204,204,220,13,13,13,23,23,49,49,49,69,88,88,119,133,133,237,237,257,276,276,216,216,216,228,259,284,284,0,17,17],"floor_reached":47,"playtime":6434,"items_purged":["Doubt","Strike_G"],"score":656,"play_id":"a8932b84-2cb2-4124-a83b-da476c536d1c","local_time":"20180924074218","is_ascension_mode":true,"campfire_choices":[{"data":"Apotheosis","floor":6.0,"key":"SMITH"},{"data":"Neutralize","floor":8.0,"key":"SMITH"},{"data":"Deadly Poison","floor":11.0,"key":"SMITH"},{"data":"Survivor","floor":15.0,"key":"SMITH"},{"data":"Noxious Fumes","floor":23.0,"key":"SMITH"},{"floor":29.0,"key":"REST"},{"floor":32.0,"key":"REST"},{"data":"Catalyst","floor":40.0,"key":"SMITH"},{"floor":44.0,"key":"REST"}],"neow_cost":"NONE","seed_source_timestamp":0,"circlet_count":0,"master_deck":["Defend_G","Defend_G+1","Defend_G","Defend_G","Defend_G+1","Strike_G","Strike_G","Strike_G","Survivor+1","Neutralize+1","Backflip+1","Deadly Poison+1","Apotheosis+1","Well Laid Plans","Bullet Time+1","Noxious Fumes+1","Violence","Catalyst","Riddle With Holes","Dash","Catalyst+1","Endless Agony","Backstab+1","Prepared","Calculated Gamble","Caltrops+1","Acrobatics+1","Night Terror+1","Calculated Gamble+1","Terror+1","Noxious Fumes","Bullet Time","Regret","Noxious Fumes"],"special_seed":0,"relics":["Cursed Key","Old Coin","Strange Spoon","Dodecahedron","Ancient Tea Set","Lizard Tail","Prayer Wheel","Question Card","Bottled Flame","Sozu","War Paint","Omamori","Red Mask"],"potions_floor_usage":[],"damage_taken":[{"damage":2.0,"enemies":"Jaw Worm","floor":1.0,"turns":5.0},{"damage":0.0,"enemies":"Small Slimes","floor":3.0,"turns":5.0},{"damage":24.0,"enemies":"Gremlin Nob","floor":12.0,"turns":4.0},{"damage":0.0,"enemies":"Lagavulin","floor":14.0,"turns":6.0},{"damage":13.0,"enemies":"The Guardian","floor":16.0,"turns":9.0},{"damage":15.0,"enemies":"Spheric Guardian","floor":18.0,"turns":6.0},{"damage":0.0,"enemies":"Chosen","floor":22.0,"turns":4.0},{"damage":13.0,"enemies":"Gremlin Leader","floor":24.0,"turns":5.0},{"damage":12.0,"enemies":"Snecko","floor":27.0,"turns":4.0},{"damage":4.0,"enemies":"Sentry and Sphere","floor":28.0,"turns":4.0},{"damage":8.0,"enemies":"Book of Stabbing","floor":30.0,"turns":4.0},{"damage":37.0,"enemies":"Centurion and Healer","floor":31.0,"turns":4.0},{"damage":25.0,"enemies":"Collector","floor":33.0,"turns":5.0},{"damage":0.0,"enemies":"3 Shapes","floor":35.0,"turns":4.0},{"damage":2.0,"enemies":"Orb Walker","floor":36.0,"turns":3.0},{"damage":0.0,"enemies":"Spire Growth","floor":39.0,"turns":1.0},{"damage":19.0,"enemies":"Sphere and 2 Shapes","floor":41.0,"turns":5.0},{"damage":26.0,"enemies":"Giant Head","floor":42.0,"turns":6.0},{"damage":22,"enemies":"3 Darklings","floor":46,"turns":5},{"damage":22,"enemies":"Reptomancer","floor":47,"turns":3}],"seed_played":"5408424018334046513","potions_obtained":[{"floor":3.0,"key":"Explosive Potion"},{"floor":14.0,"key":"Poison Potion"},{"floor":24.0,"key":"EntropicBrew"},{"floor":28.0,"key":"AttackPotion"},{"floor":30.0,"key":"Poison Potion"}],"is_trial":false,"path_per_floor":["M","?","M","$","?","R","$","R","T","?","R","E","?","E","R","B",null,"M","$","?","?","M","R","E","$","T","M","M","R","E","M","R","B",null,"M","M","?","?","M","R","M","E","T","R","?","M"],"character_chosen":"THE_SILENT","items_purchased":["Apotheosis","Strange Spoon","Violence"],"campfire_rested":3,"item_purchase_floors":[4,7,19],"current_hp_per_floor":[68,68,68,68,65,65,65,65,65,51,51,27,50,50,50,37,70,55,55,55,55,55,55,42,42,42,30,26,47,39,2,23,35,70,70,68,68,68,68,68,49,23,23,44,44,22,0],"gold":17,"neow_bonus":"BOSS_RELIC","is_prod":false,"is_daily":false,"chose_seed":false,"campfire_upgraded":6,"win_rate":0,"timestamp":1537800138,"path_taken":["M","?","M","$","?","R","$","R","T","?","R","E","?","E","R","BOSS","M","$","?","?","M","R","E","$","T","?","M","R","E","M","R","BOSS","M","M","?","?","M","R","M","E","T","R","?","M","M"],"build_version":"2018-09-20","purchased_purges":2,"victory":false,"max_hp_per_floor":[70,70,70,70,70,70,70,70,70,70,70,70,70,70,70,70,70,70,70,70,70,70,70,70,70,70,70,70,70,70,70,70,70,70,70,70,70,70,70,70,70,70,70,70,70,70,70],"card_choices":[{"not_picked":["Poisoned Stab","Cloak And Dagger"],"picked":"Backflip","floor":1.0},{"not_picked":["Sucker Punch","Underhanded Strike"],"picked":"Deadly Poison","floor":3.0},{"not_picked":["Bane","Eviscerate"],"picked":"Well Laid Plans","floor":12.0},{"not_picked":["Slice","Skewer","Eviscerate"],"picked":"SKIP","floor":14.0},{"not_picked":["Grand Finale","Tools of the Trade"],"picked":"Bullet Time","floor":16.0},{"not_picked":["Underhanded Strike","Predator"],"picked":"Noxious Fumes","floor":18.0},{"not_picked":["Underhanded Strike","Infinite Blades"],"picked":"Riddle With Holes","floor":22.0},{"not_picked":["Flying Knee","Underhanded Strike"],"picked":"Dash","floor":24.0},{"not_picked":["Outmaneuver","Backflip","Dodge and Roll"],"picked":"Catalyst","floor":27.0},{"not_picked":["Prepared","Dagger Throw","Bullet Time"],"picked":"Endless Agony","floor":27.0},{"not_picked":["Sucker Punch","Slice","Choke"],"picked":"Backstab+1","floor":28.0},{"not_picked":["Expertise","Masterful Stab","All Out Attack"],"picked":"Prepared","floor":28.0},{"not_picked":["Escape Plan","Tactician","Accuracy"],"picked":"Calculated Gamble","floor":30.0},{"not_picked":["Deflect+1","Dagger Spray+1","Expertise+1"],"picked":"Caltrops+1","floor":31.0},{"not_picked":["Underhanded Strike","Bane","Dodge and Roll"],"picked":"Acrobatics+1","floor":31.0},{"not_picked":["A Thousand Cuts","Die Die Die","Glass Knife"],"picked":"Night Terror","floor":33.0},{"not_picked":["Deflect","Blade Dance","PiercingWail+1"],"picked":"Calculated Gamble+1","floor":35.0},{"not_picked":["Underhanded Strike","Quick Slash+1","Backflip+1","Flying Knee"],"picked":"SKIP","floor":35.0},{"not_picked":["A Thousand Cuts","Bane+1","Deflect+1"],"picked":"Terror+1","floor":36.0},{"not_picked":["Flying Knee+1","Deadly Poison+1","Blade Dance+1","Deflect+1"],"picked":"SKIP","floor":36.0},{"not_picked":["Backflip","Acrobatics+1","Deadly Poison+1"],"picked":"Noxious Fumes","floor":41.0},{"not_picked":["Heel Hook+1","Underhanded Strike+1","Quick Slash","Bane+1"],"picked":"SKIP","floor":41.0},{"not_picked":["Accuracy","Bane","Backstab+1"],"picked":"Bullet Time","floor":42.0},{"not_picked":["Flying Knee+1","Backflip","Dodge and Roll"],"picked":"Noxious Fumes","floor":46},{"not_picked":["Quick Slash","PiercingWail+1","Setup+1","Tactician"],"picked":"SKIP","floor":46}],"player_experience":800591,"relics_obtained":[{"floor":12.0,"key":"Dodecahedron"},{"floor":14.0,"key":"Ancient Tea Set"},{"floor":24.0,"key":"Prayer Wheel"},{"floor":26.0,"key":"Question Card"},{"floor":30.0,"key":"Bottled Flame"},{"floor":42.0,"key":"War Paint"},{"floor":43.0,"key":"Omamori"}],"event_choices":[{"event_name":"Liars Game","player_choice":"agreed","floor":2.0,"damage_taken":0.0},{"event_name":"Scrap Ooze","player_choice":"success","floor":5.0,"damage_taken":3.0},{"event_name":"Shining Light","player_choice":"Entered Light","floor":10.0,"damage_taken":0.0},{"event_name":"Big Fish","player_choice":"Banana","floor":13.0,"damage_taken":0.0},{"event_name":"Purifier","player_choice":"One Purge","floor":20.0,"damage_taken":0.0},{"event_name":"The Library","player_choice":"Read","floor":21.0,"damage_taken":0.0},{"event_name":"Upgrade Shrine","player_choice":"Upgraded","floor":37.0,"damage_taken":0.0},{"event_name":"Designer","player_choice":"Remove Card","floor":38.0,"damage_taken":0.0},{"event_name":"Tomb of Lord Red Mask","player_choice":"Paid","floor":45,"damage_taken":0}],"is_beta":false,"boss_relics":[{"not_picked":["Coffee Dripper","Empty Cage"],"picked":"Lizard Tail"},{"not_picked":["Orrery","Pandora\u0027s Box"],"picked":"Sozu"}],"items_purged_floors":[4,7],"is_endless":false,"potions_floor_spawned":[3,14,24,28,30,41,42],"killed_by":"Reptomancer","ascension_level":3}