{"gold_per_floor":[214,226,52,227,29,61,61,94,94,119,133,159,159,159,159,257,257,274,205,216,95,95,130,130,159,186,214,227,238,238,265,265,363,363,383,430,447,200,216,249,249,264,264,293,293,303,313,65,65,65],"floor_reached":51,"playtime":3622,"items_purged":["Doubt","Strike_B","Strike_B"],"score":1006,"play_id":"3a8cd15c-6db3-4934-a727-617734185556","local_time":"20190409044358","is_ascension_mode":true,"campfire_choices":[{"data":"Zap","floor":7,"key":"SMITH"},{"floor":15,"key":"REST"},{"data":"Capacitor","floor":24,"key":"SMITH"},{"floor":32,"key":"REST"},{"floor":41,"key":"REST"},{"floor":49,"key":"REST"}],"neow_cost":"NONE","seed_source_timestamp":7215761382640,"circlet_count":0,"master_deck":["Defend_B+1","Defend_B","Defend_B","Defend_B","Zap+1","Dualcast","Sweeping Beam","Conserve Battery","FTL","Dark Shackles+1","Cold Snap","Steam","Compile Driver","All For One","Gash+1","Skim","BootSequence+1","Capacitor+1","Gash","Conserve Battery","Coolheaded","Glacier+1","Ball Lightning+1","Coolheaded","J.A.X.","Coolheaded+1","Reboot","Capacitor","Sweeping Beam+1","Conserve Battery","Hologram","Compile Driver","Ball Lightning","Gash+1","Leap+1","Barrage+1","Seek","Barrage+1","Gash","Hologram"],"relics":["FrozenCore","DataDisk","Bottled Lightning","Bird Faced Urn","Juzu Bracelet","Anchor","Oddly Smooth Stone","Ancient Tea Set","Lantern","Centennial Puzzle","Shuriken","War Paint","Busted Crown","Prayer Wheel","Happy Flower","Regal Pillow","Frozen Egg 2"],"potions_floor_usage":[10,16,40,50],"damage_taken":[{"damage":4,"enemies":"Jaw Worm","floor":1,"turns":3},{"damage":0,"enemies":"Small Slimes","floor":2,"turns":2},{"damage":23,"enemies":"3 Sentries","floor":6,"turns":7},{"damage":27,"enemies":"Gremlin Nob","floor":8,"turns":4},{"damage":6,"enemies":"Lagavulin","floor":10,"turns":6},{"damage":0,"enemies":"Cultist","floor":11,"turns":2},{"damage":8,"enemies":"Slime Boss","floor":16,"turns":9},{"damage":1,"enemies":"Spheric Guardian","floor":18,"turns":6},{"damage":0,"enemies":"Shell Parasite","floor":20,"turns":6},{"damage":18,"enemies":"Book of Stabbing","floor":23,"turns":6},{"damage":0,"enemies":"Gremlin Leader","floor":25,"turns":6},{"damage":11,"enemies":"Book of Stabbing","floor":27,"turns":7},{"damage":3,"enemies":"Shelled Parasite and Fungi","floor":28,"turns":7},{"damage":0,"enemies":"Centurion and Healer","floor":29,"turns":4},{"damage":18,"enemies":"Gremlin Leader","floor":31,"turns":6},{"damage":42,"enemies":"Collector","floor":33,"turns":9},{"damage":0,"enemies":"Orb Walker","floor":35,"turns":4},{"damage":28,"enemies":"2 Orb Walkers","floor":36,"turns":7},{"damage":9,"enemies":"3 Darklings","floor":37,"turns":4},{"damage":6,"enemies":"Writhing Mass","floor":39,"turns":7},{"damage":21,"enemies":"Giant Head","floor":40,"turns":7},{"damage":1,"enemies":"Spire Growth","floor":42,"turns":4},{"damage":14,"enemies":"Nemesis","floor":44,"turns":8},{"damage":8,"enemies":"Maw","floor":46,"turns":6},{"damage":3,"enemies":"3 Darklings","floor":47,"turns":3},{"damage":8,"enemies":"Donu and Deca","floor":50,"turns":6}],"seed_played":"-8577240915251301676","potions_obtained":[{"floor":8,"key":"Dexterity Potion"},{"floor":10,"key":"FearPotion"},{"floor":16,"key":"Explosive Potion"},{"floor":18,"key":"FocusPotion"},{"floor":27,"key":"Block Potion"},{"floor":42,"key":"EntropicBrew"}],"is_trial":false,"path_per_floor":["M","M","$","?","$","E","R","E","T","E","M","T","?","?","R","B",null,"M","$","M","$","?","E","R","E","T","E","M","M","?","E","R","B",null,"M","?","M","$","M","E","R","M","T","E","?","M","M","$","R","B",null],"character_chosen":"DEFECT","items_purchased":["DataDisk","Conserve Battery","FTL","Dark Shackles","Skim","Capacitor","Gash","Hologram","Compile Driver","Ball Lightning","Gash","Hologram","PowerPotion"],"campfire_rested":4,"item_purchase_floors":[3,3,5,5,19,21,21,38,38,38,48,48,48],"current_hp_per_floor":[71,71,71,71,71,48,48,21,21,15,15,15,8,8,30,22,75,74,74,74,74,74,57,57,59,59,50,49,51,51,35,57,17,75,75,49,44,44,42,25,47,48,48,38,38,34,35,35,72,69],"gold":65,"neow_bonus":"HUNDRED_GOLD","is_prod":false,"is_daily":false,"chose_seed":false,"campfire_upgraded":2,"win_rate":0,"timestamp":1554795838,"path_taken":["M","M","$","?","$","E","R","E","T","E","M","?","?","?","R","BOSS","M","?","M","$","?","E","R","E","T","E","M","M","?","E","R","BOSS","M","?","M","$","M","E","R","M","T","E","?","M","M","$","R","BOSS"],"build_version":"2019-01-23","purchased_purges":3,"victory":true,"max_hp_per_floor":[75,75,75,75,75,75,75,75,75,75,75,75,75,75,75,75,75,75,75,75,75,75,75,75,75,75,75,75,75,75,75,75,75,75,75,75,75,75,75,75,75,75,75,75,75,75,75,75,75,75],"card_choices":[{"not_picked":["Force Field","Reprogram"],"picked":"Sweeping Beam","floor":1},{"not_picked":["Barrage","Hello World","Streamline"],"picked":"SKIP","floor":2},{"not_picked":["Beam Cell","Coolheaded","Auto Shields"],"picked":"SKIP","floor":6},{"not_picked":["Go for the Eyes","Scrape"],"picked":"Cold Snap","floor":8},{"not_picked":["Heatsinks","Chaos"],"picked":"Steam","floor":10},{"not_picked":["Coolheaded","Beam Cell"],"picked":"Compile Driver","floor":11},{"not_picked":["Meteor Strike","Fission"],"picked":"All For One","floor":16},{"not_picked":["Steam Power","White Noise"],"picked":"Gash+1","floor":18},{"not_picked":["Stack","Cold Snap"],"picked":"BootSequence+1","floor":20},{"not_picked":["Compile Driver","Rebound+1"],"picked":"Conserve Battery","floor":23},{"not_picked":["Chaos","Leap+1"],"picked":"Coolheaded","floor":25},{"not_picked":["Beam Cell","Sweeping Beam"],"picked":"Glacier+1","floor":27},{"not_picked":["Double Energy","Skim"],"picked":"Ball Lightning+1","floor":28},{"not_picked":["Leap+1","Static Discharge"],"picked":"Coolheaded","floor":29},{"not_picked":["Reboot","Self Repair"],"picked":"Coolheaded+1","floor":31},{"not_picked":["Meteor Strike","Rainbow"],"picked":"Reboot","floor":33},{"not_picked":[],"picked":"Capacitor","floor":35},{"not_picked":[],"picked":"Sweeping Beam+1","floor":36},{"not_picked":[],"picked":"Conserve Battery","floor":37},{"not_picked":["Turbo+1"],"picked":"SKIP","floor":37},{"not_picked":[],"picked":"Gash+1","floor":39},{"not_picked":["Stack"],"picked":"SKIP","floor":39},{"not_picked":[],"picked":"Leap+1","floor":40},{"not_picked":[],"picked":"Barrage+1","floor":42},{"not_picked":["Turbo+1"],"picked":"SKIP","floor":42},{"not_picked":[],"picked":"Seek","floor":44},{"not_picked":[],"picked":"Barrage+1","floor":46},{"not_picked":["Reprogram"],"picked":"SKIP","floor":46},{"not_picked":["Chaos"],"picked":"SKIP","floor":47},{"not_picked":["Rebound+1"],"picked":"SKIP","floor":47}],"player_experience":559429,"relics_obtained":[{"floor":6,"key":"Bottled Lightning"},{"floor":8,"key":"Bird Faced Urn"},{"floor":9,"key":"Juzu Bracelet"},{"floor":10,"key":"Anchor"},{"floor":12,"key":"Oddly Smooth Stone"},{"floor":23,"key":"Ancient Tea Set"},{"floor":25,"key":"Lantern"},{"floor":26,"key":"Centennial Puzzle"},{"floor":27,"key":"Shuriken"},{"floor":31,"key":"War Paint"},{"floor":36,"key":"Prayer Wheel"},{"floor":40,"key":"Happy Flower"},{"floor":43,"key":"Regal Pillow"},{"floor":44,"key":"Frozen Egg 2"}],"event_choices":[{"damage_healed":0,"gold_gain":175,"player_choice":"AGREE","damage_taken":0,"max_hp_gain":0,"max_hp_loss":0,"event_name":"Liars Game","floor":4,"gold_loss":0,"cards_obtained":["Doubt"]},{"cards_removed":["Strike_B"],"damage_healed":0,"gold_gain":0,"player_choice":"Card Removal","damage_taken":7,"max_hp_gain":0,"max_hp_loss":0,"event_name":"Golden Wing","floor":13,"gold_loss":0},{"cards_removed":["Strike_B"],"damage_healed":0,"gold_gain":0,"player_choice":"Purged","damage_taken":0,"max_hp_gain":0,"max_hp_loss":0,"event_name":"Purifier","floor":14,"gold_loss":0},{"damage_healed":0,"gold_gain":0,"player_choice":"Ignored","damage_taken":0,"max_hp_gain":0,"max_hp_loss":0,"event_name":"Ghosts","floor":22,"gold_loss":0},{"damage_healed":0,"gold_gain":0,"player_choice":"Obtain J.A.X.","damage_taken":0,"max_hp_gain":0,"max_hp_loss":0,"event_name":"Drug Dealer","floor":30,"gold_loss":0,"cards_obtained":["J.A.X."]},{"damage_healed":0,"gold_gain":0,"player_choice":"Fight","damage_taken":0,"max_hp_gain":0,"max_hp_loss":0,"event_name":"Mysterious Sphere","floor":36,"gold_loss":0},{"damage_healed":0,"gold_gain":0,"player_choice":"Ignored","damage_taken":0,"max_hp_gain":0,"max_hp_loss":0,"event_name":"Tomb of Lord Red Mask","floor":45,"gold_loss":0}],"is_beta":false,"boss_relics":[{"not_picked":["White Beast Statue","Lizard Tail"],"picked":"FrozenCore"},{"not_picked":["Cursed Key","Calling Bell"],"picked":"Busted Crown"}],"items_purged_floors":[5,38,48],"is_endless":false,"potions_floor_spawned":[8,10,16,18,27,31,35,39,42],"ascension_level":4}