{"gold_per_floor":[117,147,147,161,11,11,11,50,50,74,108,22,22,35,35,128,128,148,148,148,172,172,203,218,218,272,272,303,323,339,339,339,339],"floor_reached":33,"playtime":1250,"items_purged":[],"score":513,"play_id":"30bfbb6f-0a58-45c7-9dc7-56f8d939f4db","local_time":"20190406031013","is_ascension_mode":true,"campfire_choices":[{"data":"Bash","floor":6,"key":"SMITH"},{"data":"Pommel Strike","floor":13,"key":"SMITH"},{"data":"Anger","floor":15,"key":"SMITH"},{"floor":25,"key":"REST"},{"floor":27,"key":"REST"},{"floor":32,"key":"REST"}],"neow_cost":"NONE","seed_source_timestamp":5576753054206,"circlet_count":0,"master_deck":["AscendersBane","Strike_R","Strike_R","Strike_R","Strike_R","Strike_R","Defend_R","Defend_R","Defend_R","Defend_R","Bash+1","Twin Strike","Anger+1","Pommel Strike+1","Pommel Strike+1","Shrug It Off","Rampage+1","Clothesline+1","Demon Form","Sword Boomerang+1","Disarm","Seeing Red+1","True Grit+1","Sword Boomerang+1"],"relics":["Burning Blood","Tiny Chest","Golden Idol","Omamori","Bronze Scales","Mummified Hand","Molten Egg 2","Sozu","Self Forming Clay","Necronomicon","Toxic Egg 2","Blood Vial","Mercury Hourglass"],"potions_floor_usage":[11,23],"damage_taken":[{"damage":14,"enemies":"Jaw Worm","floor":1,"turns":4},{"damage":0,"enemies":"2 Louse","floor":4,"turns":3},{"damage":29,"enemies":"Gremlin Nob","floor":8,"turns":4},{"damage":2,"enemies":"Small Slimes","floor":10,"turns":3},{"damage":25,"enemies":"Lagavulin","floor":11,"turns":6},{"damage":3,"enemies":"Blue Slaver","floor":14,"turns":4},{"damage":15,"enemies":"Slime Boss","floor":16,"turns":8},{"damage":6,"enemies":"Spheric Guardian","floor":18,"turns":3},{"damage":2,"enemies":"Chosen","floor":21,"turns":3},{"damage":26,"enemies":"Gremlin Leader","floor":23,"turns":6},{"damage":8,"enemies":"3 Cultists","floor":24,"turns":4},{"damage":28,"enemies":"Slavers","floor":28,"turns":6},{"damage":21,"enemies":"Sentry and Sphere","floor":29,"turns":4},{"damage":10,"enemies":"Snecko","floor":30,"turns":5},{"damage":24,"enemies":"Colosseum Slavers","floor":31,"turns":3},{"damage":44,"enemies":"Collector","floor":33,"turns":5}],"seed_played":"7433208279032408673","potions_obtained":[{"floor":0,"key":"BloodPotion"},{"floor":0,"key":"SpeedPotion"},{"floor":10,"key":"Energy Potion"}],"is_trial":false,"path_per_floor":["M","?","?","M","$","R","?","E","T","M","E","$","R","M","R","B",null,"M","T","?","M","?","E","M","R","T","R","E","M","M","?","R","B"],"character_chosen":"IRONCLAD","items_purchased":["Omamori","Shrug It Off","Rampage+1"],"campfire_rested":3,"item_purchase_floors":[5,12,12],"current_hp_per_floor":[60,49,49,55,55,55,68,45,45,49,30,30,30,33,33,24,57,57,57,36,40,40,20,18,38,38,58,38,25,23,7,27,0],"gold":339,"neow_bonus":"THREE_SMALL_POTIONS","is_prod":false,"is_daily":false,"chose_seed":false,"campfire_upgraded":3,"win_rate":0,"timestamp":1554531013,"path_taken":["M","?","?","M","$","R","?","E","T","M","E","?","R","M","R","BOSS","M","?","?","M","?","E","M","R","T","R","E","M","M","?","R","BOSS"],"build_version":"2019-01-23","purchased_purges":0,"victory":false,"max_hp_per_floor":[75,75,68,68,68,68,68,68,68,68,68,68,68,68,68,68,68,68,68,68,68,68,68,68,68,68,68,68,68,68,68,68,68],"card_choices":[{"not_picked":["Thunderclap","Clash","Wild Strike"],"picked":"SKIP","floor":1},{"not_picked":["Disarm","Armaments"],"picked":"Twin Strike","floor":4},{"not_picked":["Seeing Red","Headbutt"],"picked":"Anger","floor":8},{"not_picked":["Sword Boomerang","Heavy Blade"],"picked":"Pommel Strike","floor":10},{"not_picked":["Fiend Fire","Havoc"],"picked":"Pommel Strike","floor":11},{"not_picked":["Entrench","Flex"],"picked":"Clothesline+1","floor":14},{"not_picked":["Impervious","Exhume"],"picked":"Demon Form","floor":16},{"not_picked":["Second Wind","Heavy Blade+1"],"picked":"Sword Boomerang+1","floor":18},{"not_picked":["Bloodletting+1","Twin Strike+1"],"picked":"Disarm","floor":21},{"not_picked":["Wild Strike+1","Thunderclap+1","Perfected Strike+1"],"picked":"SKIP","floor":23},{"not_picked":["Fire Breathing","Dual Wield+1"],"picked":"Seeing Red+1","floor":24},{"not_picked":["Reckless Charge+1","Dropkick+1"],"picked":"True Grit+1","floor":28},{"not_picked":["Carnage+1","Bloodletting+1","Flex+1"],"picked":"SKIP","floor":29},{"not_picked":["Havoc+1","Rage+1"],"picked":"Sword Boomerang+1","floor":30}],"player_experience":523161,"relics_obtained":[{"floor":8,"key":"Bronze Scales"},{"floor":9,"key":"Mummified Hand"},{"floor":11,"key":"Molten Egg 2"},{"floor":19,"key":"Self Forming Clay"},{"floor":20,"key":"Necronomicon"},{"floor":23,"key":"Toxic Egg 2"},{"floor":26,"key":"Blood Vial"},{"floor":28,"key":"Mercury Hourglass"}],"event_choices":[{"damage_healed":0,"gold_gain":0,"player_choice":"Success","damage_taken":11,"relics_obtained":["Tiny Chest"],"max_hp_gain":0,"max_hp_loss":0,"event_name":"Scrap Ooze","floor":2,"gold_loss":0},{"damage_healed":0,"gold_gain":0,"player_choice":"Lose Max HP","damage_taken":0,"relics_obtained":["Golden Idol"],"max_hp_gain":0,"max_hp_loss":7,"event_name":"Golden Idol","floor":3,"gold_loss":0},{"damage_healed":17,"gold_gain":0,"player_choice":"Healed and dodged fight","damage_taken":0,"max_hp_gain":0,"max_hp_loss":0,"event_name":"Mushrooms","floor":7,"gold_loss":0,"cards_obtained":["Parasite"]},{"damage_healed":0,"gold_gain":0,"player_choice":"Obtained Book","damage_taken":21,"max_hp_gain":0,"max_hp_loss":0,"event_name":"Cursed Tome","floor":20,"gold_loss":0},{"damage_healed":0,"gold_gain":0,"player_choice":"Ignored","damage_taken":0,"max_hp_gain":0,"max_hp_loss":0,"event_name":"The Mausoleum","floor":22,"gold_loss":0},{"damage_healed":0,"gold_gain":0,"player_choice":"Fight","damage_taken":0,"max_hp_gain":0,"max_hp_loss":0,"event_name":"Colosseum","floor":31,"gold_loss":0},{"damage_healed":0,"gold_gain":0,"player_choice":"Fled From Nobs","damage_taken":0,"max_hp_gain":0,"max_hp_loss":0,"event_name":"Colosseum","floor":31,"gold_loss":0}],"is_beta":false,"boss_relics":[{"not_picked":["Empty Cage","Mark of Pain"],"picked":"Sozu"}],"items_purged_floors":[],"is_endless":false,"potions_floor_spawned":[8,10,24,29,31],"killed_by":"Collector","ascension_level":15}