{"gold_per_floor":[114,189,206,217,228,228,253,273,344,364,364,1,1,12,12,115,115,126,126,136,146,70,104,104],"floor_reached":24,"playtime":1869,"items_purged":["Strike_B"],"score":220,"play_id":"9cdf0726-50ff-44ff-9513-0618e3afb181","local_time":"20190326211023","is_ascension_mode":false,"campfire_choices":[{"data":"Genetic Algorithm","floor":6,"key":"SMITH"},{"data":"Self Repair","floor":13,"key":"SMITH"},{"data":"Zap","floor":15,"key":"SMITH"}],"neow_cost":"NONE","seed_source_timestamp":103198639057296,"circlet_count":0,"master_deck":["Strike_B","Strike_B","Strike_B","Defend_B","Defend_B","Defend_B","Defend_B","Zap+1","Dualcast","Ball Lightning","Genetic Algorithm+1","Ball Lightning","Conserve Battery","Coolheaded","Self Repair+1","Thunder Strike","Capacitor","Ball Lightning","Steam+1","Barrage","Coolheaded","Coolheaded"],"relics":["Cracked Core","Bag of Marbles","Eternal Feather","Nloth\u0027s Gift","FossilizedHelix"],"potions_floor_usage":[8,8,8,8,16,18,21],"damage_taken":[{"damage":1,"enemies":"Jaw Worm","floor":1,"turns":3},{"damage":1,"enemies":"Cultist","floor":3,"turns":3},{"damage":1,"enemies":"2 Louse","floor":4,"turns":2},{"damage":3,"enemies":"2 Fungi Beasts","floor":5,"turns":3},{"damage":28,"enemies":"3 Sentries","floor":7,"turns":7},{"damage":11,"enemies":"Lots of Slimes","floor":8,"turns":5},{"damage":0,"enemies":"Exordium Thugs","floor":10,"turns":3},{"damage":1,"enemies":"2 Fungi Beasts","floor":14,"turns":3},{"damage":26,"enemies":"The Guardian","floor":16,"turns":11},{"damage":0,"enemies":"Chosen","floor":18,"turns":3},{"damage":36,"enemies":"3 Byrds","floor":20,"turns":6},{"damage":29,"enemies":"Shelled Parasite and Fungi","floor":21,"turns":7},{"damage":33,"enemies":"Book of Stabbing","floor":23,"turns":6},{"damage":21,"enemies":"Cultist and Chosen","floor":24,"turns":4}],"seed_played":"168783833752037108","potions_obtained":[{"floor":1,"key":"EntropicBrew"},{"floor":3,"key":"SpeedPotion"},{"floor":10,"key":"Energy Potion"},{"floor":18,"key":"Swift Potion"}],"is_trial":false,"path_per_floor":["M","?","M","M","M","R","E","M","T","M","?","$","R","M","R","B",null,"M","?","M","M","$","E","M"],"character_chosen":"DEFECT","items_purchased":["Question Card","Self Repair","Barrage","Coolheaded"],"campfire_rested":0,"item_purchase_floors":[12,12,22,22],"current_hp_per_floor":[81,73,72,71,68,68,40,29,29,29,29,29,29,38,38,22,82,82,82,56,37,37,14,0],"gold":104,"neow_bonus":"TEN_PERCENT_HP_BONUS","is_prod":false,"is_daily":false,"chose_seed":false,"campfire_upgraded":3,"win_rate":0,"timestamp":1553645423,"path_taken":["M","?","M","?","M","R","E","?","T","M","?","$","R","M","R","BOSS","M","?","?","M","$","E","M"],"build_version":"2019-01-23","purchased_purges":1,"victory":false,"max_hp_per_floor":[82,82,82,82,82,82,82,82,82,82,82,82,82,82,82,82,82,82,82,82,82,82,82,82],"card_choices":[{"not_picked":["Reprogram","Storm"],"picked":"Ball Lightning","floor":1},{"not_picked":["Compile Driver","Hologram","Gash"],"picked":"SKIP","floor":3},{"not_picked":["Fusion","Lockon","Barrage"],"picked":"SKIP","floor":4},{"not_picked":["Beam Cell","Leap"],"picked":"Genetic Algorithm","floor":5},{"not_picked":["Redo","Hello World"],"picked":"Ball Lightning","floor":7},{"not_picked":["Rebound","Ball Lightning"],"picked":"Conserve Battery","floor":8},{"not_picked":["Static Discharge","Force Field"],"picked":"Coolheaded","floor":10},{"not_picked":["Meteor Strike","Streamline","Rebound","Double Energy"],"picked":"SKIP","floor":14},{"not_picked":["Seek","Rainbow","All For One"],"picked":"Thunder Strike","floor":16},{"not_picked":["Steam Power+1","Leap+1","Barrage"],"picked":"Capacitor","floor":18},{"not_picked":["Rebound+1","Steam Power"],"picked":"Ball Lightning","floor":20},{"not_picked":["Streamline","Turbo"],"picked":"Steam+1","floor":21},{"not_picked":["Creative AI","Reprogram"],"picked":"Coolheaded","floor":23}],"player_experience":390712,"relics_obtained":[{"floor":7,"key":"Bag of Marbles"},{"floor":23,"key":"FossilizedHelix"}],"event_choices":[{"damage_healed":0,"gold_gain":75,"player_choice":"Touch","damage_taken":8,"max_hp_gain":0,"max_hp_loss":0,"event_name":"FaceTrader","floor":2,"gold_loss":0},{"damage_healed":0,"gold_gain":0,"player_choice":"Ignored","damage_taken":0,"max_hp_gain":0,"max_hp_loss":0,"event_name":"Shining Light","floor":11,"gold_loss":0},{"damage_healed":0,"gold_gain":0,"player_choice":"Traded Relic","damage_taken":0,"relics_obtained":["Nloth\u0027s Gift"],"max_hp_gain":0,"max_hp_loss":0,"event_name":"N\u0027loth","floor":19,"relics_lost":["Question Card"],"gold_loss":0}],"is_beta":false,"boss_relics":[{"not_picked":["Philosopher\u0027s Stone","Tiny House"],"picked":"Eternal Feather"}],"items_purged_floors":[12],"is_endless":false,"potions_floor_spawned":[1,3,10,18],"killed_by":"Cultist and Chosen","ascension_level":0}