{"path_per_floor":["M","?","$","M","?","E","R","E","T","?","R","M","E","M","R","B",null,"M","M","M","?","M","E","R","E","T","?","M","E","?","?","R","B",null,"M","?","?","$","?","E","?","R","T","R","?","M","M","E","R","B"],"character_chosen":"IRONCLAD","items_purchased":["Dramatic Entrance","Ginger","Panache","Oddly Smooth Stone"],"gold_per_floor":[111,111,10,27,27,62,62,96,148,223,223,235,265,285,285,381,381,394,413,431,354,367,398,398,428,453,453,467,500,500,500,500,595,595,610,610,661,33,33,60,0,0,27,27,27,45,64,95,95,95],"floor_reached":51,"campfire_rested":4,"playtime":4212,"current_hp_per_floor":[72,72,72,72,72,58,58,38,38,27,48,54,60,69,69,79,79,76,69,63,63,52,29,73,48,55,55,53,41,41,41,89,26,110,110,100,67,67,67,69,69,114,114,114,100,105,114,114,114,64],"items_purged":[],"gold":95,"score":945,"play_id":"3308ce8b-93ed-4311-a0a8-e5f82cff54c5","local_time":"20180421150603","is_prod":false,"is_daily":false,"chose_seed":false,"is_ascension_mode":true,"campfire_upgraded":4,"timestamp":1524348363,"path_taken":["M","?","$","M","?","E","R","E","T","?","R","M","E","M","R","BOSS","M","M","M","?","M","E","R","E","T","?","M","E","?","?","R","BOSS","M","?","?","$","?","E","?","R","T","R","?","M","M","E","R","BOSS"],"build_version":"2018-04-19","seed_source_timestamp":307403049196628,"purchased_purges":0,"victory":true,"master_deck":["Strike_R+1","Strike_R","Bash","Anger","Limit Break","Clothesline","Demon Form","Anger","Dramatic Entrance","Flex","Flame Barrier","Blood for Blood+1","Thunderclap","Clothesline","Feed+1","Rampage","Offering","Twin Strike","Flex","Exhume","J.A.X.","Cleave+1","Armaments","Pummel+1","Infernal Blade","Reaper","Twin Strike+1","Berserk+1","Sever Soul+1","Iron Wave+1","Finesse","Bandage Up","Enlightenment","Heavy Blade+1","Panache","Offering","Headbutt","Madness","Madness","Hemokinesis+1","Heavy Blade+1","Inflame"],"max_hp_per_floor":[72,72,72,72,72,72,72,72,72,72,72,72,72,75,75,79,79,83,87,91,91,91,99,99,99,106,106,106,110,110,110,110,110,110,110,110,110,110,110,114,114,114,114,114,114,114,114,114,114,114],"relics":["Burning Blood","Ancient Tea Set","Thread and Needle","Art of War","Regal Pillow","Runic Cube","Juzu Bracelet","Vajra","Strawberry","Gremlin Horn","Darkstone Periapt","Astrolabe","Magic Flower","Ginger","Oddly Smooth Stone","Mercury Hourglass","Red Mask","Lantern","Whetstone"],"card_choices":[{"not_picked":["Clash","Body Slam"],"picked":"Clothesline","floor":1},{"not_picked":["Headbutt","Cleave"],"picked":"Flex","floor":4},{"not_picked":["Berserk","Disarm"],"picked":"Blood for Blood","floor":6},{"not_picked":["Feel No Pain","Sentinel"],"picked":"Thunderclap","floor":8},{"not_picked":["Clash","Sentinel"],"picked":"Clothesline","floor":12},{"not_picked":["Inflame","Clothesline"],"picked":"Feed","floor":13},{"not_picked":["Fire Breathing","Searing Blow"],"picked":"Rampage","floor":14},{"not_picked":["Fiend Fire","Reaper"],"picked":"Offering","floor":16},{"not_picked":["Body Slam","Headbutt"],"picked":"Twin Strike","floor":18},{"not_picked":["Clothesline","Disarm"],"picked":"Flex","floor":19},{"not_picked":["Havoc","Body Slam"],"picked":"Exhume","floor":20},{"not_picked":["Twin Strike","True Grit"],"picked":"Cleave","floor":22},{"not_picked":["Flex","Barricade"],"picked":"Armaments","floor":23},{"not_picked":["True Grit","Sword Boomerang"],"picked":"Pummel","floor":25},{"not_picked":["Entrench","Pommel Strike"],"picked":"Infernal Blade","floor":29},{"not_picked":["Demon Form","Barricade"],"picked":"Reaper","floor":33},{"not_picked":["Burning Pact","Clothesline"],"picked":"Iron Wave","floor":35},{"not_picked":["Deep Breath","Madness"],"picked":"Finesse","floor":36},{"not_picked":["Dramatic Entrance","Finesse"],"picked":"Bandage Up","floor":36},{"not_picked":["Trip","Madness"],"picked":"Enlightenment","floor":36},{"not_picked":["Cleave","Shrug It Off"],"picked":"Heavy Blade","floor":37},{"not_picked":["Sword Boomerang","Immolate"],"picked":"Headbutt","floor":40},{"not_picked":["Cleave","Flex"],"picked":"Hemokinesis","floor":46},{"not_picked":["Feel No Pain","Flex"],"picked":"Heavy Blade","floor":47},{"not_picked":["Shockwave","Pommel Strike"],"picked":"Inflame","floor":48}],"player_experience":283944,"potions_floor_usage":[13,13,16,19,23,28,28,29,40,48,48,50],"damage_taken":[{"damage":6,"enemies":"Jaw Worm","floor":1,"turns":3},{"damage":0,"enemies":"Cultist","floor":4,"turns":3},{"damage":20,"enemies":"Gremlin Nob","floor":6,"turns":4},{"damage":26,"enemies":"Lagavulin","floor":8,"turns":7},{"damage":0,"enemies":"2 Louse","floor":12,"turns":2},{"damage":0,"enemies":"Gremlin Nob","floor":13,"turns":2},{"damage":0,"enemies":"Lots of Slimes","floor":14,"turns":3},{"damage":0,"enemies":"Slime Boss","floor":16,"turns":7},{"damage":13,"enemies":"3 Byrds","floor":18,"turns":4},{"damage":17,"enemies":"2 Thieves","floor":19,"turns":4},{"damage":16,"enemies":"Snake Plant","floor":20,"turns":3},{"damage":17,"enemies":"Snecko","floor":22,"turns":5},{"damage":37,"enemies":"Slavers","floor":23,"turns":3},{"damage":31,"enemies":"Gremlin Leader","floor":25,"turns":4},{"damage":8,"enemies":"Sentry and Sphere","floor":28,"turns":3},{"damage":22,"enemies":"Slavers","floor":29,"turns":3},{"damage":69,"enemies":"Champ","floor":33,"turns":10},{"damage":13,"enemies":"Orb Walker","floor":35,"turns":2},{"damage":56,"enemies":"Mysterious Sphere","floor":37,"turns":3},{"damage":19,"enemies":"Nemesis","floor":40,"turns":3},{"damage":4,"enemies":"3 Darklings","floor":46,"turns":2},{"damage":13,"enemies":"4 Shapes","floor":47,"turns":1},{"damage":15,"enemies":"2 Orb Walkers","floor":48,"turns":4},{"damage":65,"enemies":"Awakened One","floor":50,"turns":6}],"event_choices":[{"event_name":"Match and Keep!","player_choice":"2 cards matched","floor":2,"damage_taken":0},{"event_name":"Transmorgrifier","player_choice":"Transform","floor":5,"damage_taken":0},{"event_name":"World of Goop","player_choice":"Gather Gold","floor":10,"damage_taken":0},{"event_name":"Drug Dealer","player_choice":"Got JAXXED","floor":21,"damage_taken":0},{"event_name":"The Lab","player_choice":"Got Potions","floor":27,"damage_taken":0},{"event_name":"The Mausoleum","player_choice":"Yes","floor":30,"damage_taken":0},{"event_name":"Ghosts","player_choice":"Ignored","floor":31,"damage_taken":0},{"event_name":"SensoryStone","player_choice":"Memory 3","floor":36,"damage_taken":0},{"event_name":"Mysterious Sphere","player_choice":"Fight","floor":37,"damage_taken":0},{"event_name":"Transmorgrifier","player_choice":"Transform","floor":39,"damage_taken":0},{"event_name":"Tomb of Lord Red Mask","player_choice":"Paid","floor":41,"damage_taken":0},{"event_name":"Winding Halls","player_choice":"Embrace Madness","floor":45,"damage_taken":0}],"boss_relics":[{"not_picked":["Mark of Pain","Black Blood"],"picked":"Runic Cube"},{"not_picked":["Snecko Eye","Orrery"],"picked":"Astrolabe"}],"potions_floor_spawned":[6,8,12,16,19,23,33,46,47,48],"seed_played":"-5210468146671237556","ascension_level":1,"is_trial":false}