{"gold_per_floor":[111,7,182,193,193,255,255,282,334,345,374,388,413,433,433,528,528,547,316,316,332,346,400,32,58,58,58,77,108,126,158,158,258,308,319,319,329,106,25,60,78,131,158,192,192,192,8,8],"floor_reached":48,"playtime":3360,"items_purged":["Doubt"],"score":736,"play_id":"7246acbf-82e0-4b92-85ba-b84ab8f0ceb6","local_time":"20190205232757","is_ascension_mode":true,"campfire_choices":[{"data":"Uppercut","floor":7,"key":"SMITH"},{"floor":15,"key":"REST"},{"floor":27,"key":"REST"},{"floor":32,"key":"REST"}],"neow_cost":"NONE","seed_source_timestamp":1889852644656800,"circlet_count":0,"master_deck":["Strike_R","Strike_R","Strike_R","Strike_R+1","Strike_R","Defend_R","Defend_R","Defend_R","Defend_R","Bash","Battle Trance","Shrug It Off","Uppercut+1","Sword Boomerang","Seeing Red+1","Clothesline+1","Iron Wave","Armaments","Limit Break","Flame Barrier","Sword Boomerang","Impervious","Infernal Blade+1","Shockwave","Sword Boomerang","Inflame","Shockwave+1","True Grit","True Grit+1","Pummel","Pommel Strike","Reaper","Pummel+1","Flex+1","Shrug It Off+1","Inflame","Shrug It Off+1","Evolve+1","True Grit+1","Feel No Pain+1","Thinking Ahead","Mayhem"],"relics":["Burning Blood","NeowsBlessing","Boot","Tiny Chest","Pantograph","Whetstone","Question Card","Dream Catcher","Sozu","Bag of Marbles","Juzu Bracelet","FossilizedHelix","Regal Pillow","Bottled Tornado","Lantern","Singing Bowl","Tiny House","Bronze Scales","Dodecahedron","Ornamental Fan","Mango","Darkstone Periapt","Peace Pipe"],"potions_floor_usage":[11,12,21,33],"damage_taken":[{"damage":0,"enemies":"2 Louse","floor":1,"turns":1},{"damage":0,"enemies":"Cultist","floor":4,"turns":1},{"damage":0,"enemies":"3 Sentries","floor":6,"turns":1},{"damage":24,"enemies":"Gremlin Nob","floor":8,"turns":4},{"damage":2,"enemies":"Small Slimes","floor":10,"turns":3},{"damage":18,"enemies":"3 Sentries","floor":11,"turns":7},{"damage":6,"enemies":"Gremlin Gang","floor":12,"turns":4},{"damage":23,"enemies":"Gremlin Nob","floor":13,"turns":5},{"damage":12,"enemies":"Exordium Thugs","floor":14,"turns":5},{"damage":45,"enemies":"Slime Boss","floor":16,"turns":12},{"damage":8,"enemies":"3 Byrds","floor":18,"turns":5},{"damage":4,"enemies":"Shell Parasite","floor":21,"turns":5},{"damage":7,"enemies":"Chosen and Byrds","floor":22,"turns":5},{"damage":31,"enemies":"Slavers","floor":25,"turns":6},{"damage":15,"enemies":"Cultist and Chosen","floor":28,"turns":5},{"damage":6,"enemies":"Book of Stabbing","floor":29,"turns":6},{"damage":12,"enemies":"Snake Plant","floor":30,"turns":2},{"damage":41,"enemies":"Gremlin Leader","floor":31,"turns":7},{"damage":70,"enemies":"Champ","floor":33,"turns":14},{"damage":6,"enemies":"3 Darklings","floor":35,"turns":6},{"damage":29,"enemies":"3 Shapes","floor":37,"turns":7},{"damage":23,"enemies":"Nemesis","floor":40,"turns":7},{"damage":19,"enemies":"Spire Growth","floor":41,"turns":4},{"damage":43,"enemies":"2 Orb Walkers","floor":42,"turns":5},{"damage":27,"enemies":"Reptomancer","floor":44,"turns":7},{"damage":48,"enemies":"Transient","floor":48,"turns":4}],"seed_played":"4602610938770040436","potions_obtained":[{"floor":1,"key":"BloodPotion"},{"floor":4,"key":"Dexterity Potion"},{"floor":10,"key":"SkillPotion"},{"floor":14,"key":"Block Potion"}],"is_trial":false,"path_per_floor":["M","$","?","M","?","E","R","E","T","M","E","M","E","M","R","B",null,"M","$","?","M","M","T","$","E","T","R","M","E","M","E","R","B",null,"M","?","M","$","?","E","M","?","T","E","T","?","$","M"],"character_chosen":"IRONCLAD","items_purchased":["Shrug It Off","Uppercut","Bag of Marbles","Inflame","FossilizedHelix","Bronze Scales","Inflame","Mayhem"],"campfire_rested":3,"item_purchase_floors":[2,2,19,24,24,38,38,47],"current_hp_per_floor":[80,80,80,80,80,80,80,62,62,66,54,54,37,31,55,41,80,78,78,78,80,79,79,79,54,54,80,71,71,65,32,71,26,87,87,87,73,73,73,56,55,47,47,26,26,26,26,0],"gold":8,"neow_bonus":"THREE_ENEMY_KILL","is_prod":false,"is_daily":false,"chose_seed":false,"campfire_upgraded":1,"win_rate":0,"timestamp":1549434477,"path_taken":["M","$","?","M","?","E","R","E","T","M","E","?","E","M","R","BOSS","M","$","?","?","M","?","$","E","T","R","M","E","M","E","R","BOSS","M","?","M","$","?","E","M","?","T","E","?","?","$","M"],"build_version":"2019-01-23","purchased_purges":1,"victory":false,"max_hp_per_floor":[80,80,80,80,80,80,80,80,80,80,80,80,80,80,80,80,80,80,80,80,80,80,80,80,80,80,80,80,80,80,82,82,82,87,87,87,87,87,87,87,87,101,101,101,101,101,101,101],"card_choices":[{"not_picked":["Armaments","Clash"],"picked":"Battle Trance","floor":1},{"not_picked":["Evolve","Twin Strike"],"picked":"Sword Boomerang","floor":4},{"not_picked":["Fire Breathing","Wild Strike"],"picked":"Seeing Red","floor":6},{"not_picked":["Perfected Strike","Heavy Blade"],"picked":"Clothesline","floor":8},{"not_picked":["Wild Strike","Cleave"],"picked":"Iron Wave","floor":10},{"not_picked":["Iron Wave","Bloodletting"],"picked":"Armaments","floor":11},{"not_picked":["Hemokinesis","Twin Strike","Heavy Blade"],"picked":"Limit Break","floor":12},{"not_picked":["Battle Trance","Second Wind","Clothesline"],"picked":"Flame Barrier","floor":13},{"not_picked":["Flex","Combust","Cleave"],"picked":"Evolve","floor":14},{"not_picked":["Clash","Perfected Strike","Headbutt"],"picked":"Sword Boomerang","floor":15},{"not_picked":["Bludgeon","Double Tap","Feed"],"picked":"Impervious","floor":16},{"not_picked":["Warcry+1","True Grit","Clothesline"],"picked":"Infernal Blade+1","floor":18},{"not_picked":["Iron Wave+1","Reckless Charge","Anger+1"],"picked":"Shockwave","floor":21},{"not_picked":["Flex","Intimidate","Anger"],"picked":"Sword Boomerang","floor":22},{"not_picked":["Sentinel","Corruption","Berserk"],"picked":"Shockwave+1","floor":25},{"not_picked":["Body Slam+1","Second Wind","Perfected Strike"],"picked":"True Grit","floor":27},{"not_picked":["Havoc","Immolate","Warcry+1"],"picked":"True Grit+1","floor":28},{"not_picked":["Thunderclap","Uppercut","Entrench","Dual Wield"],"picked":"SKIP","floor":29},{"not_picked":["Twin Strike","Warcry","Sword Boomerang+1"],"picked":"Pummel","floor":30},{"not_picked":["Rupture+1","Thunderclap","Warcry","Entrench"],"picked":"Singing Bowl","floor":31},{"not_picked":["Entrench","Sword Boomerang","Shockwave"],"picked":"Pommel Strike","floor":32},{"not_picked":["Bludgeon","Dark Embrace","Fiend Fire"],"picked":"Reaper","floor":33},{"not_picked":["Wild Strike","Combust+1","Iron Wave"],"picked":"Pummel+1","floor":34},{"not_picked":["Clash+1","Uppercut+1","Brutality"],"picked":"Flex+1","floor":35},{"not_picked":["Corruption","Pummel+1","Pommel Strike"],"picked":"Shrug It Off+1","floor":37},{"not_picked":["Twin Strike","Infernal Blade+1","Pommel Strike"],"picked":"Shrug It Off+1","floor":40},{"not_picked":["Iron Wave","Body Slam+1","Flex+1"],"picked":"Evolve+1","floor":41},{"not_picked":["Twin Strike+1","Clash","Sword Boomerang"],"picked":"True Grit+1","floor":42},{"not_picked":["Warcry+1","Corruption+1","Iron Wave+1"],"picked":"Feel No Pain+1","floor":44},{"not_picked":["Purity","Transmutation","PanicButton"],"picked":"Thinking Ahead","floor":46}],"player_experience":452779,"relics_obtained":[{"floor":5,"key":"Boot"},{"floor":6,"key":"Tiny Chest"},{"floor":8,"key":"Pantograph"},{"floor":9,"key":"Whetstone"},{"floor":11,"key":"Question Card"},{"floor":13,"key":"Dream Catcher"},{"floor":23,"key":"Juzu Bracelet"},{"floor":25,"key":"Regal Pillow"},{"floor":26,"key":"Bottled Tornado"},{"floor":29,"key":"Lantern"},{"floor":31,"key":"Singing Bowl"},{"floor":40,"key":"Ornamental Fan"},{"floor":42,"key":"Mango"},{"floor":44,"key":"Darkstone Periapt"},{"floor":45,"key":"Peace Pipe"}],"event_choices":[{"damage_healed":0,"gold_gain":175,"player_choice":"AGREE","damage_taken":0,"max_hp_gain":0,"max_hp_loss":0,"event_name":"Liars Game","floor":3,"gold_loss":0,"cards_obtained":["Doubt"]},{"damage_healed":0,"gold_gain":0,"player_choice":"Relic","damage_taken":0,"max_hp_gain":0,"max_hp_loss":0,"event_name":"Wheel of Change","floor":5,"gold_loss":0},{"damage_healed":0,"gold_gain":0,"player_choice":"Bought 0 Potions","damage_taken":0,"max_hp_gain":0,"max_hp_loss":0,"event_name":"The Woman in Blue","floor":20,"gold_loss":0},{"cards_removed":["Evolve"],"damage_healed":0,"gold_gain":0,"player_choice":"Removed Power","damage_taken":0,"max_hp_gain":0,"max_hp_loss":0,"event_name":"Falling","floor":36,"gold_loss":0},{"damage_healed":0,"gold_gain":0,"player_choice":"Paid Gold","damage_taken":0,"relics_obtained":["Dodecahedron"],"max_hp_gain":0,"max_hp_loss":0,"event_name":"WeMeetAgain","floor":39,"gold_loss":81},{"damage_healed":0,"gold_gain":0,"player_choice":"Fight","damage_taken":0,"max_hp_gain":0,"max_hp_loss":0,"event_name":"Mysterious Sphere","floor":42,"gold_loss":0},{"damage_healed":0,"gold_gain":0,"player_choice":"Memory 1","damage_taken":0,"max_hp_gain":0,"max_hp_loss":0,"event_name":"SensoryStone","floor":46,"gold_loss":0}],"is_beta":true,"boss_relics":[{"not_picked":["Snecko Eye","White Beast Statue"],"picked":"Sozu"},{"not_picked":["Runic Dome","Velvet Choker"],"picked":"Tiny House"}],"items_purged_floors":[19],"is_endless":false,"potions_floor_spawned":[1,4,10,14,25,29,30,33,35,37],"killed_by":"Transient","ascension_level":2}