{"gold_per_floor":[117,132,148,160,180,136,164,164,190,54,54,54,87,70,70,70],"floor_reached":16,"playtime":601,"items_purged":[],"score":202,"play_id":"f99936fd-4258-4e8d-933f-bd73b6b970f2","local_time":"20181218140155","is_ascension_mode":true,"campfire_choices":[{"data":"Body Slam","floor":8,"key":"SMITH"},{"data":"True Grit","floor":11,"key":"SMITH"},{"floor":15,"key":"REST"}],"neow_cost":"NONE","seed_source_timestamp":99589151137764,"circlet_count":0,"master_deck":["AscendersBane","Strike_R","Strike_R","Strike_R","Strike_R","Strike_R","Defend_R","Defend_R","Defend_R","Defend_R","Bash","Havoc","Metallicize","Shrug It Off","Body Slam+1","Feel No Pain","Sword Boomerang","Inflame","True Grit+1","Dark Embrace","Shrug It Off"],"relics":["Burning Blood","NeowsBlessing","Strawberry","Regal Pillow","Anchor"],"potions_floor_usage":[5,5,16],"damage_taken":[{"damage":0,"enemies":"2 Louse","floor":1,"turns":1},{"damage":0,"enemies":"Jaw Worm","floor":2,"turns":1},{"damage":0,"enemies":"Cultist","floor":3,"turns":1},{"damage":17,"enemies":"3 Louse","floor":4,"turns":5},{"damage":24,"enemies":"Exordium Wildlife","floor":5,"turns":7},{"damage":47,"enemies":"Gremlin Nob","floor":7,"turns":6},{"damage":8,"enemies":"3 Sentries","floor":13,"turns":15},{"damage":18,"enemies":"Exordium Thugs","floor":14,"turns":4},{"damage":49,"enemies":"Hexaghost","floor":16,"turns":12}],"seed_played":"-8630734187279567458","potions_obtained":[{"floor":1,"key":"Explosive Potion"},{"floor":2,"key":"Regen Potion"},{"floor":13,"key":"LiquidBronze"}],"is_trial":false,"path_per_floor":["M","M","M","M","M","$","E","R","T","$","R","?","E","M","R","B"],"character_chosen":"IRONCLAD","items_purchased":["Feel No Pain","Inflame","True Grit"],"campfire_rested":1,"item_purchase_floors":[6,10,10],"current_hp_per_floor":[74,75,75,64,55,55,21,21,21,21,21,21,19,7,46,0],"gold":70,"neow_bonus":"THREE_ENEMY_KILL","is_prod":false,"is_daily":false,"chose_seed":false,"campfire_upgraded":2,"win_rate":0,"timestamp":1545138115,"path_taken":["M","M","M","M","M","$","E","R","T","$","R","?","E","M","R","BOSS"],"build_version":"2018-12-13","purchased_purges":0,"victory":false,"max_hp_per_floor":[75,75,75,75,75,75,82,82,82,82,82,82,82,82,82,82],"card_choices":[{"not_picked":["Iron Wave","Armaments"],"picked":"Havoc","floor":1},{"not_picked":["Body Slam","Bludgeon"],"picked":"Metallicize","floor":2},{"not_picked":["Perfected Strike","Clash","Rupture"],"picked":"SKIP","floor":3},{"not_picked":["Clash","Cleave"],"picked":"Shrug It Off","floor":4},{"not_picked":["Shrug It Off","Pummel"],"picked":"Body Slam","floor":5},{"not_picked":["Bloodletting","Shrug It Off"],"picked":"Sword Boomerang","floor":7},{"not_picked":["Dual Wield","Sever Soul"],"picked":"Dark Embrace","floor":13},{"not_picked":["Carnage","Thunderclap"],"picked":"Shrug It Off","floor":14}],"player_experience":990986,"relics_obtained":[{"floor":7,"key":"Strawberry"},{"floor":9,"key":"Regal Pillow"},{"floor":13,"key":"Anchor"}],"event_choices":[{"damage_healed":0,"gold_gain":0,"player_choice":"Ignored","damage_taken":0,"max_hp_gain":0,"max_hp_loss":0,"event_name":"Liars Game","floor":12,"gold_loss":0}],"is_beta":false,"boss_relics":[],"items_purged_floors":[],"is_endless":false,"potions_floor_spawned":[1,2,13],"killed_by":"Hexaghost","ascension_level":16}