{"gold_per_floor":[16,35,35,35,46,46,58,89,89,89,89,106,126,139,139,239,239,252,263,263,263,276,276,276],"floor_reached":24,"playtime":1075,"items_purged":[],"score":200,"play_id":"140ca2d1-55d7-4b72-a030-99e3fe7570d9","local_time":"20180717134745","is_ascension_mode":false,"campfire_choices":[{"data":"Flex","floor":6,"key":"SMITH"},{"data":"Juggernaut","floor":10,"key":"SMITH"},{"data":"Iron Wave","floor":15,"key":"SMITH"},{"data":"Rampage","floor":23,"key":"SMITH"}],"neow_cost":"NO_GOLD","seed_source_timestamp":78726793732069,"circlet_count":0,"master_deck":["Strike_R","Strike_R","Strike_R","Strike_R","Defend_R","Defend_R","Defend_R","Bash","Pommel Strike","Shrug It Off","Seeing Red","Heavy Blade+1","Flex+1","Twin Strike","Juggernaut+1","Iron Wave+1","Twin Strike","Rampage+1","Shrug It Off+1","Writhe"],"relics":["Burning Blood","Calipers","Meat on the Bone","Mark of Pain","Letter Opener"],"potions_floor_usage":[13,13,16,19],"damage_taken":[{"damage":7,"enemies":"2 Louse","floor":1,"turns":3},{"damage":12,"enemies":"Small Slimes","floor":2,"turns":4},{"damage":0,"enemies":"Cultist","floor":5,"turns":3},{"damage":11,"enemies":"Red Slaver","floor":7,"turns":3},{"damage":25,"enemies":"Gremlin Nob","floor":8,"turns":4},{"damage":13,"enemies":"Exordium Thugs","floor":12,"turns":4},{"damage":0,"enemies":"Large Slime","floor":13,"turns":4},{"damage":5,"enemies":"2 Fungi Beasts","floor":14,"turns":4},{"damage":30,"enemies":"Hexaghost","floor":16,"turns":9},{"damage":36,"enemies":"2 Thieves","floor":18,"turns":4},{"damage":24,"enemies":"3 Byrds","floor":19,"turns":6},{"damage":22,"enemies":"3 Cultists","floor":22,"turns":5},{"damage":56,"floor":24,"turns":5}],"seed_played":"-2126524893108431784","potions_obtained":[{"floor":5,"key":"EssenceOfSteel"},{"floor":12,"key":"SkillPotion"},{"floor":14,"key":"GamblersBrew"},{"floor":18,"key":"BloodPotion"}],"is_trial":false,"path_per_floor":["M","M","?","?","M","R","M","E","T","R","?","M","M","M","R","B",null,"M","M","?","?","M","R"],"character_chosen":"IRONCLAD","items_purchased":[],"campfire_rested":0,"item_purchase_floors":[],"current_hp_per_floor":[79,73,73,73,79,79,74,55,55,55,55,48,54,55,55,43,80,50,52,52,52,48,48,0],"gold":276,"neow_bonus":"TRANSFORM_TWO_CARDS","is_prod":false,"is_daily":false,"chose_seed":false,"campfire_upgraded":4,"win_rate":0,"timestamp":1531828065,"path_taken":["M","M","?","?","M","R","?","E","T","R","?","M","M","M","R","BOSS","M","M","?","?","?","R","?"],"build_version":"2018-07-12","purchased_purges":0,"victory":false,"max_hp_per_floor":[80,80,80,80,80,80,80,80,80,80,80,80,80,80,80,80,80,80,80,80,80,80,80,80],"card_choices":[{"not_picked":["Dual Wield","Iron Wave"],"picked":"Shrug It Off","floor":1},{"not_picked":["Body Slam","True Grit"],"picked":"Seeing Red","floor":2},{"not_picked":["Armaments","Clothesline"],"picked":"Flex","floor":5},{"not_picked":["Ghostly Armor","Perfected Strike"],"picked":"Twin Strike","floor":7},{"not_picked":["Dual Wield","Reckless Charge"],"picked":"Juggernaut","floor":8},{"not_picked":["Power Through","Body Slam"],"picked":"Iron Wave","floor":12},{"not_picked":["Bloodletting","Clash"],"picked":"Twin Strike","floor":13},{"not_picked":["Pommel Strike","Twin Strike","Whirlwind"],"picked":"SKIP","floor":14},{"not_picked":["Sword Boomerang","Reckless Charge"],"picked":"Rampage","floor":18},{"not_picked":["Heavy Blade","Flex"],"picked":"Shrug It Off+1","floor":19},{"not_picked":["Pummel","True Grit","Dropkick"],"picked":"SKIP","floor":22}],"player_experience":113787,"relics_obtained":[{"floor":8,"key":"Calipers"},{"floor":9,"key":"Meat on the Bone"}],"event_choices":[{"event_name":"The Cleric","player_choice":"Leave","floor":3,"damage_taken":0},{"event_name":"Transmorgrifier","player_choice":"Transform","floor":4,"damage_taken":0},{"event_name":"Living Wall","player_choice":"Grow","floor":11,"damage_taken":0},{"event_name":"The Mausoleum","player_choice":"Yes","floor":20,"damage_taken":0},{"event_name":"Vampires","player_choice":"Ignored","floor":21,"damage_taken":0},{"event_name":"Masked Bandits","player_choice":"Fought over 276 gold","floor":24,"damage_taken":0}],"boss_relics":[{"not_picked":["Eternal Feather","Ectoplasm"],"picked":"Mark of Pain"}],"items_purged_floors":[],"is_endless":false,"potions_floor_spawned":[5,12,14,18],"ascension_level":0}