{"gold_per_floor":[112,127,127,43,56,84,0,30,30,30,48,48],"floor_reached":12,"playtime":502,"items_purged":[],"score":78,"play_id":"f8c0665d-a41e-4423-be60-81e068877cbb","local_time":"20181213191137","is_ascension_mode":false,"campfire_choices":[],"neow_cost":"NONE","seed_source_timestamp":2248248753541591,"circlet_count":0,"master_deck":["Strike_B","Strike_B","Strike_B","Strike_B","Defend_B","Defend_B","Defend_B","Zap","Dualcast","Aggregate","Turbo","Defragment","Go for the Eyes","Go for the Eyes","Beam Cell","Capacitor","Stack","Beam Cell"],"relics":["Fusion Hammer","Cables","Mummified Hand","Unceasing Top"],"potions_floor_usage":[11],"damage_taken":[{"damage":2,"enemies":"Small Slimes","floor":1,"turns":4},{"damage":2,"enemies":"Jaw Worm","floor":2,"turns":4},{"damage":9,"enemies":"Cultist","floor":5,"turns":4},{"damage":44,"enemies":"3 Sentries","floor":6,"turns":11},{"damage":4,"enemies":"Red Slaver","floor":11,"turns":3},{"damage":11,"enemies":"3 Louse","floor":12,"turns":1}],"seed_played":"1666843812130777344","potions_obtained":[{"floor":6,"key":"SteroidPotion"}],"is_trial":false,"path_per_floor":["M","M","?","$","M","E","$","?","T","T","M","M"],"character_chosen":"DEFECT","items_purchased":["Defragment","Go for the Eyes","Capacitor","Stack"],"campfire_rested":0,"item_purchase_floors":[4,4,7,7],"current_hp_per_floor":[73,71,64,64,55,11,11,11,11,11,7,0],"gold":48,"neow_bonus":"BOSS_RELIC","is_prod":false,"is_daily":false,"chose_seed":false,"campfire_upgraded":0,"win_rate":0,"timestamp":1544753497,"path_taken":["M","M","?","$","M","E","$","?","T","?","M","M"],"build_version":"2018-12-13","purchased_purges":0,"victory":false,"max_hp_per_floor":[75,75,75,75,75,75,75,75,75,75,75,75],"card_choices":[{"not_picked":["Streamline","Stack"],"picked":"Aggregate","floor":1},{"not_picked":["Hologram","Electrodynamics"],"picked":"Turbo","floor":2},{"not_picked":["Stack","Redo"],"picked":"Go for the Eyes","floor":5},{"not_picked":["Melter","Barrage"],"picked":"Beam Cell","floor":6},{"not_picked":["Reinforced Body","Coolheaded"],"picked":"Beam Cell","floor":11}],"player_experience":229822,"relics_obtained":[{"floor":6,"key":"Cables"},{"floor":9,"key":"Mummified Hand"},{"floor":10,"key":"Unceasing Top"}],"event_choices":[{"cards_removed":["Defend_B"],"damage_healed":0,"gold_gain":0,"player_choice":"Card Removal","damage_taken":7,"max_hp_gain":0,"max_hp_loss":0,"event_name":"Golden Wing","floor":3,"gold_loss":0},{"damage_healed":0,"gold_gain":30,"player_choice":"Searched \u00272\u0027 times","damage_taken":0,"max_hp_gain":0,"max_hp_loss":0,"event_name":"Dead Adventurer","floor":8,"gold_loss":0}],"is_beta":true,"boss_relics":[],"items_purged_floors":[],"is_endless":false,"potions_floor_spawned":[6],"killed_by":"3 Louse","ascension_level":0}