{"path_per_floor":["M","M","$","M","M","E","R","M","T","?","E","?","M","E","R","B",null,"M","?","M","M","M","R","$"],"character_chosen":"IRONCLAD","items_purchased":["Flex","Good Instincts"],"gold_per_floor":[111,126,1,15,30,64,64,76,76,151,180,180,190,224,224,326,326,343,268,286,305,324,324,126,126],"floor_reached":25,"campfire_rested":1,"playtime":4719,"item_purchase_floors":[3,24],"current_hp_per_floor":[80,72,72,71,53,3,3,2,2,2,33,33,42,37,37,39,85,61,61,43,33,1,26,26,0],"items_purged":["Strike_R","Strike_R"],"gold":126,"score":263,"play_id":"a3c98b27-ee3e-46af-832d-26ba0aefc235","local_time":"20180610135230","is_prod":false,"is_daily":false,"chose_seed":false,"is_ascension_mode":true,"campfire_upgraded":2,"win_rate":0,"timestamp":1528653150,"campfire_choices":[{"data":"Reaper","floor":7,"key":"SMITH"},{"data":"Heavy Blade","floor":15,"key":"SMITH"},{"floor":23,"key":"REST"}],"path_taken":["M","M","$","M","M","E","R","M","T","?","E","?","M","E","R","BOSS","M","?","?","M","?","R","$","E"],"build_version":"2018-06-07v3","seed_source_timestamp":395954865706091,"purchased_purges":2,"victory":false,"master_deck":["Strike_R","Strike_R","Strike_R","Defend_R","Defend_R","Defend_R","Bash","Spot Weakness","Heavy Blade+1","Flex","Sword Boomerang","Dropkick","Reaper+1","Dropkick","Flex","Battle Trance","Limit Break","Shockwave","Pummel","Inflame","Intimidate","Good Instincts"],"max_hp_per_floor":[80,80,80,80,80,80,80,80,80,80,80,80,85,85,85,85,85,85,85,85,85,85,85,85,85],"relics":["Lizard Tail","Oddly Smooth Stone","Bottled Flame","Question Card","Pantograph","Runic Pyramid"],"card_choices":[{"not_picked":["Anger","Infernal Blade"],"picked":"Spot Weakness","floor":1},{"not_picked":["Burning Pact","Shrug It Off"],"picked":"Heavy Blade","floor":2},{"not_picked":["Fire Breathing","Perfected Strike"],"picked":"Sword Boomerang","floor":4},{"not_picked":["Body Slam","Twin Strike"],"picked":"Dropkick","floor":5},{"not_picked":["Fire Breathing","Thunderclap"],"picked":"Reaper","floor":6},{"not_picked":["Clash","Twin Strike","Cleave"],"picked":"SKIP","floor":8},{"not_picked":["Exhume","Havoc"],"picked":"Dropkick","floor":11},{"not_picked":["Heavy Blade","Warcry","Hemokinesis"],"picked":"Flex","floor":13},{"not_picked":["Searing Blow","Cleave","Juggernaut"],"picked":"Battle Trance","floor":14},{"not_picked":["Reaper","Barricade","Impervious"],"picked":"Limit Break","floor":16},{"not_picked":["Twin Strike+1","Heavy Blade","Clothesline+1"],"picked":"Shockwave","floor":18},{"not_picked":["Twin Strike","Carnage+1","Feel No Pain"],"picked":"Pummel","floor":20},{"not_picked":["Corruption","Armaments+1","Shrug It Off"],"picked":"Inflame","floor":21},{"not_picked":["Cleave","Flex","Inflame"],"picked":"Intimidate","floor":22}],"player_experience":511416,"potions_floor_usage":[8,11,13,14,25,25,25],"damage_taken":[{"damage":0,"enemies":"2 Louse","floor":1,"turns":4},{"damage":8,"enemies":"Small Slimes","floor":2,"turns":4},{"damage":1,"enemies":"Cultist","floor":4,"turns":3},{"damage":18,"enemies":"3 Louse","floor":5,"turns":4},{"damage":50,"enemies":"Gremlin Nob","floor":6,"turns":5},{"damage":1,"enemies":"Blue Slaver","floor":8,"turns":2},{"damage":25,"enemies":"Lagavulin","floor":11,"turns":5},{"damage":6,"enemies":"2 Fungi Beasts","floor":13,"turns":3},{"damage":20,"enemies":"3 Sentries","floor":14,"turns":6},{"damage":28,"enemies":"The Guardian","floor":16,"turns":7},{"damage":24,"enemies":"Spheric Guardian","floor":18,"turns":4},{"damage":28,"enemies":"2 Thieves","floor":20,"turns":3},{"damage":20,"enemies":"Centurion and Healer","floor":21,"turns":4},{"damage":39,"enemies":"Slaver and Parasite","floor":22,"turns":5},{"damage":48,"enemies":"Slavers","floor":25,"turns":5}],"relics_obtained":[{"floor":6,"key":"Oddly Smooth Stone"},{"floor":9,"key":"Bottled Flame"},{"floor":11,"key":"Question Card"},{"floor":14,"key":"Pantograph"}],"event_choices":[{"event_name":"Golden Wing","player_choice":"Gained Gold","floor":10,"damage_taken":0},{"event_name":"The Lab","player_choice":"Got Potions","floor":12,"damage_taken":0},{"event_name":"Beggar","player_choice":"Gave Gold","floor":19,"damage_taken":0}],"boss_relics":[{"not_picked":["Snecko Eye","Runic Cube"],"picked":"Runic Pyramid"}],"items_purged_floors":[3,24],"potions_floor_spawned":[4,6,8,11,16,22],"seed_played":"-8976178279116711289","killed_by":"Slavers","ascension_level":1,"potions_obtained":[{"floor":4,"key":"GamblersBrew"},{"floor":6,"key":"Ancient Potion"},{"floor":8,"key":"Weak Potion"},{"floor":11,"key":"Poison Potion"},{"floor":12,"key":"Fruit Juice"},{"floor":16,"key":"GamblersBrew"},{"floor":22,"key":"Block Potion"}],"is_trial":false}