{"gold_per_floor":[113,113,132,51,51,51,85,85,138,167,167,197,197,207,207,281,281,294,314,348,318,334,334,334,334,334,34,49,49,66,66,66,66],"floor_reached":33,"playtime":1078,"items_purged":["Strike_G"],"score":622,"play_id":"f5796194-2a86-4c5c-b12a-bb5bd454a791","local_time":"20190130160035","is_ascension_mode":true,"campfire_choices":[{"data":"Neutralize","floor":6.0,"key":"SMITH"},{"data":"Dagger Spray","floor":8.0,"key":"SMITH"},{"data":"Footwork","floor":11.0,"key":"SMITH"},{"data":"Caltrops","floor":13.0,"key":"SMITH"},{"floor":15.0,"key":"REST"},{"floor":23,"key":"REST"},{"floor":25,"key":"REST"},{"data":"Corpse Explosion","floor":29,"key":"SMITH"},{"floor":32,"key":"REST"}],"neow_cost":"NONE","seed_source_timestamp":0,"circlet_count":0,"master_deck":["AscendersBane","Defend_G","Defend_G","Defend_G","Defend_G","Defend_G","Strike_G","Strike_G","Strike_G","Strike_G","Survivor","Neutralize+1","Well Laid Plans","Caltrops+1","Dash","Dagger Spray+1","Footwork+1","Terror","PiercingWail","Corpse Explosion+1","Prepared+1","Leg Sweep","Backflip","Necronomicurse","Escape Plan","Acrobatics","Shame"],"special_seed":0,"relics":["Ring of the Snake","NeowsBlessing","Smiling Mask","Anchor","Turnip","Potion Belt","Philosopher\u0027s Stone","Red Mask","Necronomicon","Pear","PreservedInsect","Pen Nib"],"potions_floor_usage":[],"damage_taken":[{"damage":0.0,"enemies":"Small Slimes","floor":1.0,"turns":1.0},{"damage":0.0,"enemies":"Jaw Worm","floor":3.0,"turns":1.0},{"damage":0.0,"enemies":"Lagavulin","floor":7.0,"turns":2.0},{"damage":4.0,"enemies":"3 Sentries","floor":10.0,"turns":6.0},{"damage":26.0,"enemies":"Lagavulin","floor":12.0,"turns":10.0},{"damage":0.0,"enemies":"Cultist","floor":14.0,"turns":4.0},{"damage":22.0,"enemies":"Slime Boss","floor":16.0,"turns":13.0},{"damage":19.0,"enemies":"Spheric Guardian","floor":18.0,"turns":6.0},{"damage":7.0,"enemies":"2 Thieves","floor":19.0,"turns":3.0},{"damage":34,"enemies":"Masked Bandits","floor":20,"turns":3},{"damage":5,"enemies":"Centurion and Healer","floor":22,"turns":8},{"damage":0,"enemies":"Snecko","floor":28,"turns":7},{"damage":6,"enemies":"Snake Plant","floor":30,"turns":5},{"damage":63,"enemies":"Automaton","floor":33,"turns":6}],"seed_played":"-6605163676321151291","potions_obtained":[{"floor":10.0,"key":"EssenceOfSteel"},{"floor":12.0,"key":"Regen Potion"},{"floor":16.0,"key":"GamblersBrew"},{"floor":20,"key":"SmokeBomb"},{"floor":21,"key":"SteroidPotion"},{"floor":21,"key":"Swift Potion"},{"floor":30,"key":"Swift Potion"}],"is_trial":false,"path_per_floor":["M","?","M","$","?","R","E","R","T","E","R","E","R","M","R","B",null,"M","M","?","?","M","R","?","R","T","$","M","R","M","?","R","B"],"character_chosen":"THE_SILENT","items_purchased":["Dash","PreservedInsect","Escape Plan"],"campfire_rested":4,"item_purchase_floors":[4,27,27],"current_hp_per_floor":[59,59,59,59,59,59,59,59,59,55,55,29,29,29,48,26,56,51,44,10,10,5,24,3,22,32,32,32,32,26,26,48,0],"gold":66,"neow_bonus":"THREE_ENEMY_KILL","is_prod":false,"is_daily":false,"chose_seed":false,"campfire_upgraded":5,"win_rate":0,"timestamp":1548860435,"path_taken":["M","?","M","$","?","R","E","R","T","E","R","E","R","M","R","BOSS","M","M","?","?","?","R","?","R","T","$","M","R","M","?","R","BOSS"],"build_version":"2019-01-23","purchased_purges":1,"victory":false,"max_hp_per_floor":[66,66,66,66,66,66,66,66,66,66,66,66,66,66,66,66,66,66,66,66,66,66,66,66,66,76,76,76,76,76,76,76,76],"card_choices":[{"not_picked":["Deflect","Infinite Blades"],"picked":"Well Laid Plans","floor":1.0},{"not_picked":["Slice","Prepared"],"picked":"Caltrops","floor":3.0},{"not_picked":["Cloak And Dagger","Flying Knee"],"picked":"Dagger Spray","floor":7.0},{"not_picked":["Reflex","Expertise"],"picked":"Footwork","floor":10.0},{"not_picked":["Underhanded Strike","Quick Slash"],"picked":"Terror","floor":12.0},{"not_picked":["Masterful Stab","Acrobatics"],"picked":"PiercingWail","floor":14.0},{"not_picked":["Storm of Steel","Die Die Die"],"picked":"Corpse Explosion","floor":16.0},{"not_picked":["Blade Dance","Expertise"],"picked":"Prepared+1","floor":18.0},{"not_picked":["Slice","Riddle With Holes","Eviscerate"],"picked":"SKIP","floor":19.0},{"not_picked":["Deadly Poison","Deflect"],"picked":"Leg Sweep","floor":20},{"not_picked":["Dagger Spray","Blade Dance"],"picked":"Backflip","floor":22},{"not_picked":["Terror","Deflect","Flying Knee"],"picked":"SKIP","floor":28},{"not_picked":["Poisoned Stab+1","Tactician"],"picked":"Acrobatics","floor":30}],"player_experience":1272108,"relics_obtained":[{"floor":7.0,"key":"Smiling Mask"},{"floor":9.0,"key":"Anchor"},{"floor":10.0,"key":"Turnip"},{"floor":12.0,"key":"Potion Belt"},{"floor":20,"key":"Red Mask"},{"floor":24,"key":"Necronomicon"},{"floor":26,"key":"Pear"}],"event_choices":[{"damage_healed":0.0,"max_hp_gain":0.0,"max_hp_loss":0.0,"gold_gain":0.0,"event_name":"The Cleric","player_choice":"Leave","floor":2.0,"gold_loss":0.0,"damage_taken":0.0},{"damage_healed":0.0,"max_hp_gain":0.0,"max_hp_loss":0.0,"gold_gain":0.0,"event_name":"Liars Game","player_choice":"Ignored","floor":5.0,"gold_loss":0.0,"damage_taken":0.0},{"damage_healed":0,"gold_gain":0,"player_choice":"Fought Bandits","damage_taken":0,"max_hp_gain":0,"max_hp_loss":0,"event_name":"Masked Bandits","floor":20,"gold_loss":0},{"damage_healed":0,"gold_gain":0,"player_choice":"Bought 2 Potions","damage_taken":0,"max_hp_gain":0,"max_hp_loss":0,"event_name":"The Woman in Blue","floor":21,"gold_loss":0},{"damage_healed":0,"gold_gain":0,"player_choice":"Obtained Book","damage_taken":21,"max_hp_gain":0,"max_hp_loss":0,"event_name":"Cursed Tome","floor":24,"gold_loss":0},{"damage_healed":0,"gold_gain":0,"player_choice":"Stole Relic","damage_taken":0,"relics_obtained":["Pen Nib"],"max_hp_gain":0,"max_hp_loss":0,"event_name":"Addict","floor":31,"gold_loss":0,"cards_obtained":["Shame"]}],"is_beta":false,"boss_relics":[{"not_picked":["Ring of the Serpent","Fusion Hammer"],"picked":"Philosopher\u0027s Stone"}],"items_purged_floors":[27],"is_endless":false,"potions_floor_spawned":[10,12,16,20,30],"killed_by":"Automaton","ascension_level":20}