{"gold_per_floor":[109,123,137,137,137,168,168,168],"floor_reached":8,"playtime":561,"items_purged":[],"score":76,"play_id":"995e6df2-b5ad-409c-b4d4-283f78c95d34","local_time":"20190201184559","is_ascension_mode":true,"campfire_choices":[{"floor":7,"key":"REST"}],"neow_cost":"NONE","seed_source_timestamp":249845377472921,"circlet_count":0,"master_deck":["Strike_B","Strike_B","Strike_B","Strike_B","Defend_B","Defend_B","Defend_B","Defend_B+1","Zap","Dualcast","White Noise+1","Go for the Eyes","Regret","Heatsinks"],"special_seed":0,"relics":["Cracked Core","NeowsBlessing","Omamori","Pantograph"],"potions_floor_usage":[],"damage_taken":[{"damage":0.0,"enemies":"2 Louse","floor":1.0,"turns":1.0},{"damage":0.0,"enemies":"Small Slimes","floor":2.0,"turns":1.0},{"damage":0.0,"enemies":"Cultist","floor":3.0,"turns":1.0},{"damage":46,"enemies":"3 Sentries","floor":6,"turns":8},{"damage":50,"enemies":"Gremlin Nob","floor":8,"turns":4}],"seed_played":"8651997149498102308","potions_obtained":[{"floor":1.0,"key":"Ancient Potion"},{"floor":6,"key":"Ancient Potion"}],"is_trial":false,"path_per_floor":["M","M","M","?","?","E","R","E"],"character_chosen":"DEFECT","items_purchased":[],"campfire_rested":1,"item_purchase_floors":[],"current_hp_per_floor":[68,68,68,53,53,7,29,0],"gold":168,"neow_bonus":"THREE_ENEMY_KILL","is_prod":false,"is_daily":false,"chose_seed":false,"campfire_upgraded":0,"win_rate":0,"timestamp":1549075559,"path_taken":["M","M","M","?","?","E","R","E"],"build_version":"2019-01-23","purchased_purges":0,"victory":false,"max_hp_per_floor":[75,75,75,75,75,75,75,75],"card_choices":[{"not_picked":["FTL","Coolheaded"],"picked":"White Noise","floor":1.0},{"not_picked":["Sweeping Beam","Compile Driver"],"picked":"Go for the Eyes","floor":2.0},{"not_picked":["Fission","Cold Snap","Sweeping Beam"],"picked":"SKIP","floor":3.0},{"not_picked":["Coolheaded","Ball Lightning"],"picked":"Heatsinks","floor":6}],"player_experience":1113484,"relics_obtained":[{"floor":6,"key":"Pantograph"}],"event_choices":[{"damage_healed":0.0,"max_hp_gain":0.0,"max_hp_loss":0.0,"gold_gain":0.0,"event_name":"Shining Light","player_choice":"Entered Light","floor":4.0,"gold_loss":0.0,"damage_taken":15.0,"cards_upgraded":["Defend_B","White Noise"]},{"damage_healed":0.0,"max_hp_gain":0.0,"max_hp_loss":0.0,"gold_gain":0.0,"event_name":"Big Fish","player_choice":"Box","floor":5.0,"gold_loss":0.0,"damage_taken":0.0,"relics_obtained":["Omamori"],"cards_obtained":["Regret"]}],"is_beta":false,"boss_relics":[],"items_purged_floors":[],"is_endless":false,"potions_floor_spawned":[1,6],"killed_by":"Gremlin Nob","ascension_level":7}