{"gold_per_floor":[117,128,128,153,103,164,164,164,190,233,247,247,247,271,271,401,401,416,416,129,148,148,186,285,285],"floor_reached":25,"playtime":1483,"items_purged":[],"score":286,"play_id":"7cbec3c5-2d82-4a95-8899-9cd8d403ed44","local_time":"20180917135815","is_ascension_mode":true,"campfire_choices":[{"floor":8,"key":"REST"},{"data":"A Thousand Cuts","floor":13,"key":"SMITH"},{"floor":15,"key":"REST"}],"neow_cost":"NONE","seed_source_timestamp":1104150459776902,"circlet_count":0,"master_deck":["Defend_G","Defend_G","Defend_G","Defend_G","Strike_G","Strike_G","Strike_G","Survivor","Neutralize","Dagger Throw","Bouncing Flask","A Thousand Cuts+1","Expertise","Eviscerate","Corpse Explosion","Eviscerate","Apotheosis","Predator","Footwork"],"relics":["HoveringKite","Golden Idol","Tiny Chest","Snake Skull","Centennial Puzzle","Empty Cage","Question Card"],"potions_floor_usage":[11],"damage_taken":[{"damage":4,"enemies":"Small Slimes","floor":1,"turns":5},{"damage":0,"enemies":"Cultist","floor":2,"turns":4},{"damage":4,"enemies":"Jaw Worm","floor":4,"turns":3},{"damage":24,"enemies":"Gremlin Nob","floor":6,"turns":4},{"damage":47,"enemies":"3 Sentries","floor":10,"turns":9},{"damage":0,"enemies":"Large Slime","floor":11,"turns":5},{"damage":16,"enemies":"3 Louse","floor":14,"turns":3},{"damage":10,"enemies":"Hexaghost","floor":16,"turns":7},{"damage":18,"enemies":"Spheric Guardian","floor":18,"turns":5},{"damage":7,"enemies":"Chosen","floor":21,"turns":3},{"damage":38,"enemies":"Book of Stabbing","floor":23,"turns":4},{"damage":32,"enemies":"Snake Plant","floor":25,"turns":3}],"seed_played":"4991155561451523992","potions_obtained":[{"floor":4,"key":"FairyPotion"},{"floor":10,"key":"Regen Potion"},{"floor":11,"key":"Ancient Potion"},{"floor":18,"key":"Weak Potion"}],"is_trial":false,"path_per_floor":["M","M","?","M","?","E","$","R","T","E","M","?","R","M","R","B",null,"M","?","$","M","?","E","?"],"character_chosen":"THE_SILENT","items_purchased":["Apotheosis","Predator"],"campfire_rested":2,"item_purchase_floors":[20,20],"current_hp_per_floor":[66,66,66,62,62,38,38,59,59,12,26,43,43,27,48,38,62,44,44,44,37,59,21,21,0],"gold":285,"neow_bonus":"BOSS_RELIC","is_prod":false,"is_daily":false,"chose_seed":false,"campfire_upgraded":1,"win_rate":0,"timestamp":1537185495,"path_taken":["M","M","?","?","?","E","$","R","T","E","M","?","R","M","R","BOSS","M","?","$","M","?","E","?","?"],"build_version":"2018-09-06","purchased_purges":0,"victory":false,"max_hp_per_floor":[70,70,70,70,70,70,70,70,70,70,70,70,70,70,70,70,70,70,67,67,67,67,67,67,67],"card_choices":[{"not_picked":["PiercingWail","Reflex"],"picked":"Dagger Throw","floor":1},{"not_picked":["Choke","Acrobatics"],"picked":"Bouncing Flask","floor":2},{"not_picked":["Cloak And Dagger","Acrobatics"],"picked":"A Thousand Cuts","floor":4},{"not_picked":["Slice","Blade Dance"],"picked":"Expertise","floor":6},{"not_picked":["Underhanded Strike","Backflip"],"picked":"Eviscerate","floor":10},{"not_picked":["Dagger Throw","Dodge and Roll","Deadly Poison"],"picked":"SKIP","floor":11},{"not_picked":["Cloak And Dagger","Blade Dance","Prepared"],"picked":"SKIP","floor":14},{"not_picked":["Venomology","Night Terror"],"picked":"Corpse Explosion","floor":16},{"not_picked":["Backflip","Poisoned Stab"],"picked":"Eviscerate","floor":18},{"not_picked":["Flying Knee","Setup+1","Calculated Gamble+1"],"picked":"SKIP","floor":21},{"not_picked":["Prepared+1","Acrobatics"],"picked":"Footwork","floor":23}],"player_experience":356467,"relics_obtained":[{"floor":6,"key":"Tiny Chest"},{"floor":9,"key":"Snake Skull"},{"floor":10,"key":"Centennial Puzzle"},{"floor":23,"key":"Question Card"}],"event_choices":[{"event_name":"Golden Idol","player_choice":"Take Wound","floor":3,"damage_taken":0},{"event_name":"The Cleric","player_choice":"Card Removal","floor":5,"damage_taken":0},{"event_name":"Mushrooms","player_choice":"Healed and dodged fight","floor":12,"damage_taken":0},{"event_name":"Fountain of Cleansing","player_choice":"Removed Curse","floor":19,"damage_taken":0},{"event_name":"The Library","player_choice":"Heal","floor":22,"damage_taken":0},{"event_name":"Nest","player_choice":"Stole From Cult","floor":24,"damage_taken":0}],"is_beta":false,"boss_relics":[{"not_picked":["Ectoplasm","Runic Dome"],"picked":"Empty Cage"}],"items_purged_floors":[],"is_endless":false,"potions_floor_spawned":[4,10,11,18],"killed_by":"Snake Plant","ascension_level":5}