{"gold_per_floor":[113,113,74,95,108,146,159,159,159,173,173],"floor_reached":11,"playtime":548,"items_purged":[],"score":86,"play_id":"5ee0aa26-7f8c-4359-a456-bf42e55ef7bc","local_time":"20180925185341","is_ascension_mode":true,"campfire_choices":[{"floor":8,"key":"REST"}],"neow_cost":"NONE","seed_source_timestamp":0,"circlet_count":0,"master_deck":["Defend_G","Defend_G","Defend_G","Defend_G","Defend_G","Strike_G","Strike_G","Strike_G","Strike_G","Strike_G","Survivor","Neutralize","Accuracy","Bouncing Flask","Acrobatics","Noxious Fumes+1","Deadly Poison"],"special_seed":0,"relics":["Sozu","Golden Idol","Frozen Egg 2","Blue Candle"],"potions_floor_usage":[],"damage_taken":[{"damage":3,"enemies":"2 Louse","floor":1,"turns":4},{"damage":0,"enemies":"Cultist","floor":4,"turns":3},{"damage":0,"enemies":"Small Slimes","floor":5,"turns":3},{"damage":12,"enemies":"Lagavulin","floor":6,"turns":6},{"damage":11,"enemies":"2 Fungi Beasts","floor":7,"turns":4},{"damage":15,"enemies":"Gremlin Gang","floor":10,"turns":4},{"damage":36,"enemies":"Gremlin Nob","floor":11,"turns":3}],"seed_played":"-488635396321898088","potions_obtained":[],"is_trial":false,"path_per_floor":["M","?","$","M","M","E","M","R","T","M"],"character_chosen":"THE_SILENT","items_purchased":["Bouncing Flask"],"campfire_rested":1,"item_purchase_floors":[3],"current_hp_per_floor":[67,50,50,50,50,38,27,48,48,33,0],"gold":173,"neow_bonus":"BOSS_RELIC","is_prod":false,"is_daily":false,"chose_seed":false,"campfire_upgraded":0,"win_rate":0,"timestamp":1537926821,"path_taken":["M","?","?","M","M","E","M","R","T","M","E"],"build_version":"2018-09-20","purchased_purges":0,"victory":false,"max_hp_per_floor":[70,70,70,70,70,70,70,70,70,70,70],"card_choices":[{"not_picked":["Dagger Spray","Flying Knee"],"picked":"Accuracy","floor":1},{"not_picked":["Dodge and Roll","Flechettes","Quick Slash"],"picked":"SKIP","floor":4},{"not_picked":["Riddle With Holes","Choke"],"picked":"Acrobatics","floor":5},{"not_picked":["Sucker Punch","Malaise"],"picked":"Noxious Fumes","floor":6},{"not_picked":["Dodge and Roll","Backflip"],"picked":"Deadly Poison","floor":7},{"not_picked":["Outmaneuver","Dagger Throw","Bane"],"picked":"SKIP","floor":10}],"player_experience":809648,"relics_obtained":[{"floor":6,"key":"Frozen Egg 2"},{"floor":9,"key":"Blue Candle"}],"event_choices":[{"event_name":"Golden Idol","player_choice":"Take Damage","floor":2,"damage_taken":0}],"is_beta":false,"boss_relics":[],"items_purged_floors":[],"is_endless":false,"potions_floor_spawned":[4,6],"killed_by":"Gremlin Nob","ascension_level":3}