{"path_per_floor":["M","M","?","M","?","R","M","$","T","?","M","?","?","M","R"],"character_chosen":"DEFECT","items_purchased":["Capacitor","Oddly Smooth Stone"],"gold_per_floor":[113,128,128,142,217,217,236,6,31,31,41,41,68,84,84,84],"floor_reached":16,"campfire_rested":1,"playtime":613,"item_purchase_floors":[8,8],"current_hp_per_floor":[75,70,63,63,52,52,36,36,36,36,37,22,11,5,28,0],"items_purged":[],"gold":84,"score":92,"play_id":"cbff0cf2-8cbc-4515-bdef-087b836c3b5d","local_time":"20180624182518","is_prod":false,"is_daily":false,"chose_seed":false,"is_ascension_mode":false,"campfire_upgraded":1,"win_rate":0,"timestamp":1529889918,"campfire_choices":[{"data":"Double Energy","floor":6,"key":"SMITH"},{"floor":15,"key":"REST"}],"path_taken":["M","M","?","M","?","R","M","$","T","?","M","?","?","M","R","BOSS"],"build_version":"2018-06-21","seed_source_timestamp":811932940060494,"purchased_purges":0,"circlet_count":0,"victory":false,"master_deck":["Strike_B","Strike_B+1","Strike_B","Defend_B","Defend_B","Defend_B","Defend_B","Zap","Dualcast","Double Energy+1","Conserve Battery","Storm","Cold Snap","Capacitor+1","Rip and Tear","FTL","Heatsinks"],"max_hp_per_floor":[75,75,75,75,75,75,75,75,75,75,76,76,77,78,78,78],"relics":["Cracked Core","Oddly Smooth Stone","Juzu Bracelet","FaceOfCleric","Odd Mushroom"],"card_choices":[{"not_picked":["Loop","Leap"],"picked":"Double Energy","floor":1},{"not_picked":["Hologram","Gash"],"picked":"Conserve Battery","floor":2},{"not_picked":["Coolheaded","Redo"],"picked":"Storm","floor":4},{"not_picked":["Rebound","Beam Cell"],"picked":"Cold Snap","floor":7},{"not_picked":["Fission","Rebound"],"picked":"Rip and Tear","floor":11},{"not_picked":["Consume","Stack"],"picked":"FTL","floor":13},{"not_picked":["Aggregate","Compile Driver"],"picked":"Heatsinks","floor":14}],"player_experience":186976,"potions_floor_usage":[7,13,13,16],"damage_taken":[{"damage":0,"enemies":"Jaw Worm","floor":1,"turns":3},{"damage":5,"enemies":"2 Louse","floor":2,"turns":2},{"damage":0,"enemies":"Cultist","floor":4,"turns":4},{"damage":16,"enemies":"Exordium Thugs","floor":7,"turns":6},{"damage":0,"enemies":"Large Slime","floor":11,"turns":6},{"damage":12,"floor":13,"turns":3},{"damage":7,"enemies":"Red Slaver","floor":14,"turns":2},{"damage":32,"enemies":"Hexaghost","floor":16,"turns":9}],"relics_obtained":[{"floor":9,"key":"Juzu Bracelet"},{"floor":13,"key":"Odd Mushroom"}],"event_choices":[{"event_name":"Golden Wing","player_choice":"Card Removal","floor":3,"damage_taken":0},{"event_name":"World of Goop","player_choice":"Gather Gold","floor":5,"damage_taken":0},{"event_name":"FaceTrader","player_choice":"Took Face Of Cleric","floor":10,"damage_taken":0},{"event_name":"Shining Light","player_choice":"Entered Light","floor":12,"damage_taken":0},{"event_name":"Mushrooms","player_choice":"Fought Mushrooms","floor":13,"damage_taken":0}],"boss_relics":[],"items_purged_floors":[],"is_endless":true,"potions_floor_spawned":[1,2,4,13],"seed_played":"3124807655521337078","killed_by":"Hexaghost","ascension_level":0,"potions_obtained":[{"floor":1,"key":"Strength Potion"},{"floor":2,"key":"SpeedPotion"},{"floor":4,"key":"Energy Potion"},{"floor":13,"key":"SteroidPotion"}],"is_trial":false}