{"gold_per_floor":[118,118,37,55,71,0,29,29,102,118,149,149,149,161,173,289,301,326,338,369,399,411,423,468,480,574,4,4,23,23,39,39,141,141,154,154,170,170,51,51,22,42,116,116,1,20,36,0,0,0,0,0,0,35,35],"floor_reached":55,"playtime":7389,"items_purged":[],"score":718,"play_id":"d99b46a7-78bf-465b-adaf-c4f03c3af188","local_time":"20190104214456","is_ascension_mode":false,"campfire_choices":[{"floor":8,"key":"REST"},{"data":"Defragment","floor":12,"key":"SMITH"},{"floor":15,"key":"REST"},{"floor":23,"key":"REST"},{"floor":25,"key":"REST"},{"floor":32,"key":"RECALL"},{"data":"Heatsinks","floor":40,"key":"SMITH"},{"data":"Storm","floor":49,"key":"SMITH"},{"data":"Hologram","floor":52,"key":"SMITH"}],"neow_cost":"NONE","seed_source_timestamp":1750745311938627,"circlet_count":0,"master_deck":["Dualcast","Double Energy","Zap","Defragment+1","Streamline","Coolheaded","Double Energy","Streamline","Undo","Glacier","Genetic Algorithm","Creative AI","Coolheaded","Conserve Battery","Ball Lightning","Hologram+1","Rip and Tear","Scrape","Fusion+1","Doom and Gloom","Stack","Sunder","Self Repair","Dualcast","Self Repair","Glacier","Thunder Strike","Heatsinks+1","Melter+1","Loop","Static Discharge","Reinforced Body","Undo+1","Parasite","Madness","Madness","Storm+1","Heatsinks","Storm+1","All For One"],"relics":["Snecko Eye","Bronze Scales","The Courier","Pantograph","MawBank","Pandora\u0027s Box","Lantern","Tiny Chest","Lee\u0027s Waffle","Blood Vial","Bird Faced Urn","Cursed Key","Red Mask","Bottled Flame"],"potions_floor_usage":[11,11,21,24,46,50,54,55],"damage_taken":[{"damage":0,"enemies":"2 Louse","floor":1,"turns":2},{"damage":8,"enemies":"Cultist","floor":4,"turns":5},{"damage":10,"enemies":"Small Slimes","floor":5,"turns":3},{"damage":31,"enemies":"Gremlin Nob","floor":7,"turns":4},{"damage":10,"enemies":"2 Fungi Beasts","floor":10,"turns":2},{"damage":4,"enemies":"3 Sentries","floor":11,"turns":6},{"damage":13,"enemies":"The Guardian","floor":16,"turns":10},{"damage":2,"enemies":"2 Thieves","floor":18,"turns":3},{"damage":2,"enemies":"3 Byrds","floor":20,"turns":3},{"damage":4,"enemies":"Shelled Parasite and Fungi","floor":21,"turns":7},{"damage":51,"enemies":"Slavers","floor":24,"turns":6},{"damage":4,"enemies":"Cultist and Chosen","floor":29,"turns":5},{"damage":11,"enemies":"Centurion and Healer","floor":31,"turns":4},{"damage":35,"enemies":"Champ","floor":33,"turns":15},{"damage":0,"enemies":"3 Shapes","floor":35,"turns":7},{"damage":0,"enemies":"Orb Walker","floor":37,"turns":5},{"damage":7,"enemies":"Jaw Worm Horde","floor":42,"turns":5},{"damage":14,"enemies":"Writhing Mass","floor":46,"turns":3},{"damage":3,"enemies":"3 Darklings","floor":47,"turns":3},{"damage":10,"enemies":"Time Eater","floor":50,"turns":9},{"damage":42,"enemies":"Shield and Spear","floor":54,"turns":4},{"damage":118,"enemies":"The Heart","floor":55,"turns":6}],"seed_played":"4996076199401970602","potions_obtained":[{"floor":1,"key":"FocusPotion"},{"floor":5,"key":"FocusPotion"},{"floor":11,"key":"Energy Potion"},{"floor":20,"key":"SteroidPotion"},{"floor":21,"key":"Poison Potion"},{"floor":33,"key":"Weak Potion"},{"floor":37,"key":"SkillPotion"},{"floor":46,"key":"SkillPotion"},{"floor":54,"key":"Explosive Potion"}],"is_trial":false,"path_per_floor":["M","?","$","M","M","$","E","R","T","M","E","R","?","?","R","B",null,"M","?","M","M","?","R","E","R","T","$","?","M","?","M","R","B",null,"M","?","M","?","$","R","$","M","T","?","$","M","M","?","R","B",null,"R","$","E","B"],"character_chosen":"DEFECT","items_purchased":["Defragment","Double Energy","Lee\u0027s Waffle","Blood Vial","Bird Faced Urn","Self Repair","Loop","Static Discharge","Reinforced Body","Storm","Heatsinks"],"campfire_rested":4,"item_purchase_floors":[3,6,27,27,27,27,39,39,41,45,45],"current_hp_per_floor":[75,75,75,67,57,57,26,48,48,38,34,34,34,34,56,62,75,73,73,71,67,53,77,26,50,50,87,87,87,87,87,87,65,87,87,87,87,87,87,87,87,87,87,76,76,85,87,87,87,87,87,87,87,51,0],"gold":35,"neow_bonus":"BOSS_RELIC","is_prod":false,"is_daily":false,"chose_seed":false,"campfire_upgraded":4,"win_rate":0,"timestamp":1546663496,"path_taken":["M","?","$","M","M","?","E","R","T","M","E","R","?","?","R","BOSS","M","?","M","M","?","R","E","R","T","?","?","?","?","M","R","BOSS","M","?","?","?","$","R","$","?","T","?","$","M","M","?","R","BOSS","R","$","E","BOSS"],"build_version":"2019-01-03v4","purchased_purges":0,"victory":false,"max_hp_per_floor":[75,75,75,75,75,75,75,75,75,75,75,75,75,75,75,75,75,75,75,75,75,80,80,80,80,80,87,87,87,87,87,87,87,87,87,87,87,87,87,87,87,87,87,87,87,87,87,87,87,87,87,87,87,87,87],"card_choices":[{"not_picked":["Gash","Leap"],"picked":"Double Energy","floor":1},{"not_picked":["Scrape","Conserve Battery"],"picked":"Streamline","floor":4},{"not_picked":["Ball Lightning","Compile Driver"],"picked":"Coolheaded","floor":5},{"not_picked":["Sweeping Beam","Heatsinks"],"picked":"Streamline","floor":7},{"not_picked":["Multi-Cast","Barrage"],"picked":"Undo","floor":10},{"not_picked":["Sweeping Beam","Reprogram"],"picked":"Glacier","floor":11},{"not_picked":["Buffer","Reboot"],"picked":"Creative AI","floor":16},{"not_picked":["Barrage","Rip and Tear"],"picked":"Fusion+1","floor":18},{"not_picked":["Coolheaded","Steam"],"picked":"Doom and Gloom","floor":20},{"not_picked":["Sweeping Beam","Streamline"],"picked":"Stack","floor":21},{"not_picked":["Skim","Lockon"],"picked":"Sunder","floor":24},{"not_picked":["Stack","Redo"],"picked":"Self Repair","floor":29},{"not_picked":["Rebound","Leap","Redo"],"picked":"SKIP","floor":31},{"not_picked":["Amplify","Machine Learning"],"picked":"Thunder Strike","floor":33},{"not_picked":["Leap","Recycle"],"picked":"Heatsinks","floor":35},{"not_picked":["Coolheaded","Compile Driver+1"],"picked":"Melter+1","floor":37},{"not_picked":["Static Discharge","Beam Cell"],"picked":"Undo+1","floor":42},{"not_picked":["Ball Lightning+1","Melter+1"],"picked":"Storm+1","floor":46},{"not_picked":["Redo+1","Go for the Eyes","Barrage+1"],"picked":"SKIP","floor":47},{"not_picked":["Ball Lightning","Darkness"],"picked":"All For One","floor":54}],"player_experience":301770,"relics_obtained":[{"floor":7,"key":"Bronze Scales"},{"floor":9,"key":"The Courier"},{"floor":11,"key":"Pantograph"},{"floor":24,"key":"Lantern"},{"floor":26,"key":"Tiny Chest"},{"floor":54,"key":"Bottled Flame"}],"event_choices":[{"damage_healed":0,"gold_gain":0,"player_choice":"1 cards matched","damage_taken":0,"max_hp_gain":0,"max_hp_loss":0,"event_name":"Match and Keep!","floor":2,"gold_loss":0,"cards_obtained":["Zap"]},{"damage_healed":0,"gold_gain":0,"player_choice":"Searched \u00271\u0027 times","damage_taken":0,"relics_obtained":["MawBank"],"max_hp_gain":0,"max_hp_loss":0,"event_name":"Dead Adventurer","floor":13,"gold_loss":0},{"damage_healed":0,"gold_gain":0,"cards_transformed":["Strike_B"],"player_choice":"Change","damage_taken":0,"max_hp_gain":0,"max_hp_loss":0,"event_name":"Living Wall","floor":14,"gold_loss":0,"cards_obtained":["Genetic Algorithm"]},{"cards_removed":["FTL"],"damage_healed":0,"gold_gain":0,"player_choice":"Elegance","damage_taken":0,"max_hp_gain":0,"max_hp_loss":0,"event_name":"Back to Basics","floor":19,"gold_loss":0},{"damage_healed":0,"gold_gain":0,"player_choice":"Shed Blood","damage_taken":19,"max_hp_gain":5,"max_hp_loss":0,"event_name":"Forgotten Altar","floor":22,"gold_loss":0},{"cards_removed":["Zap"],"damage_healed":0,"gold_gain":0,"player_choice":"Took Card","damage_taken":0,"max_hp_gain":0,"max_hp_loss":0,"event_name":"NoteForYourself","floor":28,"gold_loss":0,"cards_obtained":["Dualcast"]},{"damage_healed":0,"gold_gain":0,"player_choice":"Read","damage_taken":0,"max_hp_gain":0,"max_hp_loss":0,"event_name":"The Library","floor":30,"gold_loss":0,"cards_obtained":["Glacier"]},{"damage_healed":0,"gold_gain":0,"player_choice":"Ignored","damage_taken":0,"max_hp_gain":0,"max_hp_loss":0,"event_name":"SecretPortal","floor":36,"gold_loss":0},{"damage_healed":0,"gold_gain":0,"player_choice":"Bought 0 Potions","damage_taken":0,"max_hp_gain":0,"max_hp_loss":0,"event_name":"The Woman in Blue","floor":38,"gold_loss":0},{"damage_healed":0,"gold_gain":0,"player_choice":"Embrace Madness","damage_taken":11,"max_hp_gain":0,"max_hp_loss":0,"event_name":"Winding Halls","floor":44,"gold_loss":0,"cards_obtained":["Madness","Madness"]},{"damage_healed":0,"gold_gain":0,"player_choice":"Paid","damage_taken":0,"relics_obtained":["Red Mask"],"max_hp_gain":0,"max_hp_loss":0,"event_name":"Tomb of Lord Red Mask","floor":48,"gold_loss":36}],"is_beta":true,"boss_relics":[{"not_picked":["Philosopher\u0027s Stone","Runic Dome"],"picked":"Pandora\u0027s Box"},{"not_picked":["Runic Pyramid","Empty Cage"],"picked":"Cursed Key"}],"items_purged_floors":[],"is_endless":false,"potions_floor_spawned":[1,5,11,20,21,33,37,42,46,54],"killed_by":"The Heart","ascension_level":0}