{"gold_per_floor":[115,133,133,153,153,192,208,208],"floor_reached":8,"playtime":465,"items_purged":[],"score":84,"play_id":"6a3a32da-a641-4655-9af4-b956c4a6eb91","local_time":"20190424222455","is_ascension_mode":true,"campfire_choices":[],"neow_cost":"NONE","seed_source_timestamp":711613843916236,"circlet_count":0,"master_deck":["Defend_G","Defend_G","Defend_G","Defend_G","Defend_G","Strike_G","Strike_G","Strike_G","Strike_G","Strike_G","Survivor","Neutralize","Storm of Steel","Caltrops","Acrobatics","Noxious Fumes","Doppelganger","Predator","Phantasmal Killer","Accuracy"],"relics":["Ring of the Snake","Golden Idol","Dream Catcher"],"potions_floor_usage":[6,6,8],"damage_taken":[{"damage":1,"enemies":"Small Slimes","floor":1,"turns":5},{"damage":0,"enemies":"Cultist","floor":2,"turns":5},{"damage":7,"enemies":"Jaw Worm","floor":4,"turns":6},{"damage":26,"enemies":"Gremlin Nob","floor":6,"turns":5},{"damage":13,"enemies":"2 Fungi Beasts","floor":7,"turns":4},{"damage":19,"enemies":"3 Sentries","floor":8,"turns":4}],"seed_played":"-7746500672485614903","potions_obtained":[{"floor":2,"key":"Block Potion"},{"floor":4,"key":"GamblersBrew"},{"floor":7,"key":"GamblersBrew"}],"is_trial":false,"path_per_floor":["?","?"],"character_chosen":"THE_SILENT","items_purchased":[],"campfire_rested":0,"item_purchase_floors":[],"current_hp_per_floor":[62,62,62,55,55,29,16,0],"gold":208,"neow_bonus":"ONE_RANDOM_RARE_CARD","is_prod":false,"is_daily":false,"chose_seed":false,"campfire_upgraded":0,"win_rate":0,"timestamp":1556119495,"path_taken":["M","M","?","M","?","E","M","E"],"build_version":"2019-01-23","purchased_purges":0,"victory":false,"max_hp_per_floor":[70,70,65,65,65,65,65,65],"card_choices":[{"not_picked":["Acrobatics","Escape Plan"],"picked":"Caltrops","floor":1},{"not_picked":["Distraction","Finisher"],"picked":"Acrobatics","floor":2},{"not_picked":["Deflect","Setup"],"picked":"Noxious Fumes","floor":4},{"not_picked":["Well Laid Plans","Crippling Poison"],"picked":"Phantasmal Killer","floor":6},{"not_picked":["Blade Dance","Cloak And Dagger"],"picked":"Accuracy","floor":7}],"player_experience":303494,"relics_obtained":[{"floor":6,"key":"Dream Catcher"}],"event_choices":[{"damage_healed":0,"gold_gain":0,"player_choice":"Lose Max HP","damage_taken":0,"relics_obtained":["Golden Idol"],"max_hp_gain":0,"max_hp_loss":5,"event_name":"Golden Idol","floor":3,"gold_loss":0},{"damage_healed":0,"gold_gain":0,"player_choice":"2 cards matched","damage_taken":0,"max_hp_gain":0,"max_hp_loss":0,"event_name":"Match and Keep!","floor":5,"gold_loss":0,"cards_obtained":["Doppelganger","Predator"]}],"is_beta":false,"boss_relics":[],"items_purged_floors":[],"is_endless":false,"potions_floor_spawned":[2,4,7],"killed_by":"3 Sentries","ascension_level":9}