{"gold_per_floor":[113,131,206,156,174,200,200,200,200,233,233,25,43,58,58,161,161,175,23,23,0,0,0,13,43,70,70,70],"floor_reached":28,"playtime":1187,"items_purged":["Strike_R"],"score":269,"play_id":"46634caa-adb5-45ae-83e9-2327a268da10","local_time":"20181231131503","is_ascension_mode":false,"campfire_choices":[{"floor":7,"key":"REST"},{"floor":11,"key":"REST"},{"data":"Searing Blow","floor":15,"key":"SMITH"}],"neow_cost":"TEN_PERCENT_HP_LOSS","seed_source_timestamp":1380743780730942,"circlet_count":0,"master_deck":["Defend_R","Defend_R","Defend_R","Bash","Searing Blow+1","Corruption","Shrug It Off","Demon Form","Clothesline","Metallicize","Pommel Strike","Armaments","Havoc","Demon Form","Pommel Strike","RitualDagger","Shrug It Off","Bite","Bite","Bite","Bite","Bite","Body Slam","Armaments+1"],"relics":["Burning Blood","Nunchaku","Du-Vu Doll","Shuriken","Happy Flower","Sozu","Vajra","Meat on the Bone","Orichalcum","Nilry\u0027s Codex"],"potions_floor_usage":[6,10,28],"damage_taken":[{"damage":0,"enemies":"Small Slimes","floor":1,"turns":3},{"damage":2,"enemies":"2 Louse","floor":2,"turns":3},{"damage":6,"enemies":"Jaw Worm","floor":5,"turns":4},{"damage":50,"enemies":"Lagavulin","floor":6,"turns":10},{"damage":6,"enemies":"Gremlin Nob","floor":10,"turns":3},{"damage":0,"enemies":"2 Fungi Beasts","floor":13,"turns":5},{"damage":4,"enemies":"Blue Slaver","floor":14,"turns":5},{"damage":31,"enemies":"Slime Boss","floor":16,"turns":12},{"damage":20,"enemies":"2 Thieves","floor":18,"turns":4},{"damage":0,"enemies":"Chosen","floor":24,"turns":5},{"damage":56,"enemies":"Slavers","floor":25,"turns":7},{"damage":19,"enemies":"Colosseum Slavers","floor":28,"turns":1}],"seed_played":"5017653173357557464","potions_obtained":[{"floor":2,"key":"FearPotion"},{"floor":6,"key":"SteroidPotion"},{"floor":16,"key":"BloodPotion"}],"is_trial":false,"path_per_floor":["M","M","?","?","M","E","R","?","T","E","R","$","M","M","R","B",null,"M","$","?","$","?","T","M","E","T","?","?"],"character_chosen":"IRONCLAD","items_purchased":["Metallicize","Pommel Strike","Vajra","Shrug It Off"],"campfire_rested":2,"item_purchase_floors":[12,12,19,21],"current_hp_per_floor":[72,72,61,61,61,17,38,38,38,38,59,59,65,67,67,42,72,58,58,52,52,50,50,50,28,28,12,0],"gold":70,"neow_bonus":"ONE_RARE_RELIC","is_prod":false,"is_daily":false,"chose_seed":false,"campfire_upgraded":1,"win_rate":0,"timestamp":1546287303,"path_taken":["M","M","?","?","M","E","R","?","T","E","R","?","M","M","R","BOSS","M","$","?","$","?","?","M","E","T","?","?"],"build_version":"2018-12-25","purchased_purges":1,"victory":false,"max_hp_per_floor":[72,72,72,72,72,72,72,72,72,72,72,72,72,72,72,72,72,72,72,72,72,50,50,50,50,50,50,50],"card_choices":[{"not_picked":["Anger","Inflame"],"picked":"Searing Blow","floor":1},{"not_picked":["Armaments","True Grit"],"picked":"Corruption","floor":2},{"not_picked":["Whirlwind","Blood for Blood"],"picked":"Shrug It Off","floor":5},{"not_picked":["Dual Wield","Power Through"],"picked":"Demon Form","floor":6},{"not_picked":["Headbutt","Exhume"],"picked":"Clothesline","floor":10},{"not_picked":["Clothesline","Body Slam"],"picked":"Armaments","floor":13},{"not_picked":["Reckless Charge","Corruption"],"picked":"Havoc","floor":14},{"not_picked":["Limit Break","Immolate"],"picked":"Demon Form","floor":16},{"not_picked":["Headbutt","Warcry"],"picked":"Pommel Strike","floor":18},{"not_picked":["Twin Strike","Carnage"],"picked":"Body Slam","floor":24},{"not_picked":["Clash+1","Havoc"],"picked":"Armaments+1","floor":25}],"player_experience":281945,"relics_obtained":[{"floor":6,"key":"Du-Vu Doll"},{"floor":9,"key":"Shuriken"},{"floor":10,"key":"Happy Flower"},{"floor":23,"key":"Meat on the Bone"},{"floor":25,"key":"Orichalcum"},{"floor":27,"key":"Nilry\u0027s Codex"}],"event_choices":[{"damage_healed":0,"gold_gain":75,"player_choice":"Gather Gold","damage_taken":11,"max_hp_gain":0,"max_hp_loss":0,"event_name":"World of Goop","floor":3,"gold_loss":0},{"cards_removed":["Strike_R"],"damage_healed":0,"gold_gain":0,"player_choice":"Card Removal","damage_taken":0,"max_hp_gain":0,"max_hp_loss":0,"event_name":"The Cleric","floor":4,"gold_loss":50},{"cards_removed":["Defend_R"],"damage_healed":0,"gold_gain":0,"player_choice":"Forget","damage_taken":0,"max_hp_gain":0,"max_hp_loss":0,"event_name":"Living Wall","floor":8,"gold_loss":0},{"damage_healed":0,"gold_gain":0,"player_choice":"Joined the Cult","damage_taken":6,"max_hp_gain":0,"max_hp_loss":0,"event_name":"Nest","floor":20,"gold_loss":0,"cards_obtained":["RitualDagger"]},{"damage_healed":0,"gold_gain":0,"player_choice":"Became a vampire","damage_taken":0,"max_hp_gain":0,"max_hp_loss":22,"event_name":"Vampires","floor":22,"gold_loss":0,"cards_obtained":["Bite","Bite","Bite","Bite","Bite"]},{"damage_healed":0,"gold_gain":0,"player_choice":"Obtained Book","damage_taken":16,"max_hp_gain":0,"max_hp_loss":0,"event_name":"Cursed Tome","floor":27,"gold_loss":0},{"damage_healed":0,"gold_gain":0,"player_choice":"Fight","damage_taken":0,"max_hp_gain":0,"max_hp_loss":0,"event_name":"Colosseum","floor":28,"gold_loss":0}],"is_beta":true,"boss_relics":[{"not_picked":["Orrery","Runic Pyramid"],"picked":"Sozu"}],"items_purged_floors":[12],"is_endless":false,"potions_floor_spawned":[2,6,16,18],"killed_by":"Colosseum Slavers","ascension_level":0}