{"path_per_floor":["M","$","?","?","M","R","E","$","T","R","M","M","E","M","R","B",null,"M","$","M","M","?","E","M","?","T","M","R"],"character_chosen":"THE_SILENT","items_purchased":["Slice","Footwork","Night Terror","Noxious Fumes","Dagger Spray"],"gold_per_floor":[110,58,58,28,48,48,82,43,94,94,104,118,148,160,160,258,258,275,12,27,41,41,72,88,38,38,56,56,56],"floor_reached":29,"campfire_rested":1,"playtime":1911,"item_purchase_floors":[2,8,19,19,19],"current_hp_per_floor":[69,69,69,69,69,69,51,51,51,51,55,57,54,52,52,27,70,49,49,53,49,49,48,39,39,39,8,29,0],"items_purged":[],"gold":56,"score":280,"play_id":"68b2e5c6-30d5-4113-812b-0636d470f44d","local_time":"20180623211836","is_prod":false,"is_daily":false,"chose_seed":false,"is_ascension_mode":false,"campfire_upgraded":3,"win_rate":0,"timestamp":1529813916,"campfire_choices":[{"data":"Outmaneuver","floor":6,"key":"SMITH"},{"data":"Doppelganger","floor":10,"key":"SMITH"},{"data":"Adrenaline","floor":15,"key":"SMITH"},{"floor":28,"key":"REST"}],"path_taken":["M","$","?","?","M","R","E","?","T","R","M","M","E","?","R","BOSS","M","$","M","M","?","E","M","?","T","M","R","E"],"build_version":"2018-06-21","seed_source_timestamp":734630281682998,"purchased_purges":0,"circlet_count":0,"victory":false,"master_deck":["Defend_G","Defend_G","Defend_G","Defend_G","Defend_G","Strike_G","Strike_G","Strike_G","Strike_G","Strike_G","Survivor","Neutralize+1","Infinite Blades","Slice","Outmaneuver+1","Doppelganger+1","Footwork","Flying Knee","Quick Slash","Adrenaline+1","Infinite Blades","Storm of Steel","Malaise","Caltrops","Sucker Punch","Backstab","Dash","Blur+1","Night Terror","Noxious Fumes","Dagger Spray","Die Die Die","Backflip+1","Calculated Gamble","Crippling Poison","Dagger Throw+1","Dash"],"max_hp_per_floor":[70,70,70,70,70,70,70,70,70,70,70,70,70,70,70,70,70,70,70,70,70,70,70,70,70,70,70,70,70],"relics":["Runic Pyramid","Bird Faced Urn","Boot","Darkstone Periapt","Orrery","Bag of Marbles","Bottled Flame"],"card_choices":[{"not_picked":["All Out Attack","Acrobatics"],"picked":"Infinite Blades","floor":1},{"not_picked":["Endless Agony","Acrobatics"],"picked":"Outmaneuver","floor":5},{"not_picked":["Bane","Expertise"],"picked":"Doppelganger","floor":7},{"not_picked":["Dagger Throw","Escape Plan"],"picked":"Flying Knee","floor":11},{"not_picked":["Prepared","Poisoned Stab"],"picked":"Quick Slash","floor":12},{"not_picked":["Noxious Fumes","Deflect"],"picked":"Adrenaline","floor":13},{"not_picked":["Reflex","Flechettes"],"picked":"Infinite Blades","floor":14},{"not_picked":["Glass Knife","Bullet Time"],"picked":"Storm of Steel","floor":16},{"not_picked":["Bouncing Flask","Poisoned Stab"],"picked":"Malaise","floor":17},{"not_picked":["Dagger Spray","Sucker Punch"],"picked":"Caltrops","floor":17},{"not_picked":["Dodge and Roll","Cloak And Dagger"],"picked":"Sucker Punch","floor":17},{"not_picked":["Catalyst","Acrobatics"],"picked":"Backstab","floor":17},{"not_picked":["Bouncing Flask","Calculated Gamble"],"picked":"Dash","floor":17},{"not_picked":["Bane","Cloak And Dagger"],"picked":"Blur+1","floor":18},{"not_picked":["Flechettes","All Out Attack"],"picked":"Die Die Die","floor":20},{"not_picked":["Quick Slash","Outmaneuver+1"],"picked":"Backflip+1","floor":21},{"not_picked":["Noxious Fumes","Storm of Steel"],"picked":"Crippling Poison","floor":23},{"not_picked":["Heel Hook","Slice"],"picked":"Dagger Throw+1","floor":24},{"not_picked":["Predator","Sucker Punch"],"picked":"Dash","floor":27}],"player_experience":174277,"potions_floor_usage":[7,12,12,16,21,21],"damage_taken":[{"damage":1,"enemies":"Jaw Worm","floor":1,"turns":4},{"damage":0,"enemies":"Small Slimes","floor":5,"turns":3},{"damage":30,"enemies":"Gremlin Nob","floor":7,"turns":6},{"damage":0,"enemies":"Cultist","floor":11,"turns":4},{"damage":0,"enemies":"Large Slime","floor":12,"turns":4},{"damage":7,"enemies":"3 Sentries","floor":13,"turns":7},{"damage":4,"enemies":"Blue Slaver","floor":14,"turns":4},{"damage":31,"enemies":"The Guardian","floor":16,"turns":10},{"damage":23,"enemies":"2 Thieves","floor":18,"turns":4},{"damage":0,"enemies":"Spheric Guardian","floor":20,"turns":3},{"damage":12,"enemies":"Snake Plant","floor":21,"turns":4},{"damage":9,"enemies":"Book of Stabbing","floor":23,"turns":7},{"damage":17,"enemies":"Centurion and Healer","floor":24,"turns":8},{"damage":37,"enemies":"Slaver and Parasite","floor":27,"turns":8},{"damage":40,"enemies":"Slavers","floor":29,"turns":3}],"relics_obtained":[{"floor":7,"key":"Bird Faced Urn"},{"floor":9,"key":"Boot"},{"floor":13,"key":"Darkstone Periapt"},{"floor":23,"key":"Bag of Marbles"},{"floor":26,"key":"Bottled Flame"}],"event_choices":[{"event_name":"Living Wall","player_choice":"Grow","floor":3,"damage_taken":0},{"event_name":"The Woman in Blue","player_choice":"Bought 2 Potions","floor":4,"damage_taken":0},{"event_name":"The Library","player_choice":"Read","floor":22,"damage_taken":0},{"event_name":"The Joust","player_choice":"Bet on Owner","floor":25,"damage_taken":0}],"boss_relics":[{"not_picked":["Tiny House","Empty Cage"],"picked":"Orrery"}],"items_purged_floors":[],"is_endless":true,"potions_floor_spawned":[1,11,13,20],"seed_played":"-626638393674905810","killed_by":"Slavers","ascension_level":0,"potions_obtained":[{"floor":1,"key":"Explosive Potion"},{"floor":4,"key":"SpeedPotion"},{"floor":4,"key":"Regen Potion"},{"floor":11,"key":"Explosive Potion"},{"floor":13,"key":"LiquidBronze"},{"floor":20,"key":"PowerPotion"}],"is_trial":false}