{"gold_per_floor":[109,284,234,143,143,143,175,175,251,276,296,296,309,309,309,402,402,417,432,60,60,74,74,88,88,88,88,126,140,183,199,199,199],"floor_reached":33,"playtime":1379,"items_purged":["Strike_B"],"score":583,"play_id":"e99f0434-6bd3-4445-8228-3a68835469ef","local_time":"20190423023746","is_ascension_mode":true,"campfire_choices":[{"data":"Rainbow","floor":6,"key":"SMITH"},{"data":"Doom and Gloom","floor":8,"key":"SMITH"},{"data":"Dualcast","floor":12,"key":"SMITH"},{"data":"Barrage","floor":15,"key":"SMITH"},{"data":"Consume","floor":23,"key":"SMITH"},{"data":"Tempest","floor":25,"key":"SMITH"},{"floor":32,"key":"REST"}],"neow_cost":"NONE","seed_source_timestamp":0,"circlet_count":0,"master_deck":["AscendersBane","Strike_B","Strike_B","Strike_B","Defend_B","Defend_B","Defend_B","Defend_B","Zap+1","Dualcast+1","Rainbow+1","Auto Shields","Doom and Gloom+1","Tempest+1","Barrage+1","Rainbow+1","Auto Shields","Conserve Battery","Consume+1","Echo Form"],"special_seed":0,"relics":["Cracked Core","Bottled Lightning","Pocketwatch","Golden Idol","Sozu","Art of War","Happy Flower","Shuriken","Singing Bowl","Mercury Hourglass"],"potions_floor_usage":[22,29],"damage_taken":[{"damage":0,"enemies":"Small Slimes","floor":1,"turns":3},{"damage":15,"enemies":"3 Sentries","floor":7,"turns":5},{"damage":13,"enemies":"Lagavulin","floor":10,"turns":5},{"damage":0,"enemies":"2 Louse","floor":11,"turns":1},{"damage":0,"enemies":"Cultist","floor":13,"turns":3},{"damage":0,"enemies":"Slime Boss","floor":16,"turns":6},{"damage":5,"enemies":"Chosen","floor":18,"turns":3},{"damage":0,"enemies":"Spheric Guardian","floor":19,"turns":2},{"damage":1,"enemies":"Centurion and Healer","floor":22,"turns":4},{"damage":4,"enemies":"Cultist and Chosen","floor":24,"turns":3},{"damage":23,"enemies":"Book of Stabbing","floor":28,"turns":5},{"damage":0,"enemies":"Sentry and Sphere","floor":29,"turns":3},{"damage":20,"enemies":"Slavers","floor":30,"turns":4},{"damage":9,"enemies":"Centurion and Healer","floor":31,"turns":7},{"damage":28,"enemies":"Automaton","floor":33,"turns":6}],"seed_played":"2556832189447714200","potions_obtained":[{"floor":7,"key":"SteroidPotion"}],"is_trial":false,"path_per_floor":["M","?","?","$","?","R","E","R","T","E","M","R","M","?","R","B",null,"M","M","$","?","M","R","M","R","T","$","E","M","E","M","R","B"],"character_chosen":"DEFECT","items_purchased":["Doom and Gloom","AttackPotion","Art of War","Happy Flower"],"campfire_rested":1,"item_purchase_floors":[4,4,20,20],"current_hp_per_floor":[64,64,64,64,64,64,49,49,49,36,36,36,36,36,36,36,59,54,54,54,54,53,53,49,49,49,49,28,30,10,3,24,0],"gold":199,"neow_bonus":"ONE_RANDOM_RARE_CARD","is_prod":false,"is_daily":false,"chose_seed":false,"campfire_upgraded":6,"win_rate":0,"timestamp":1555997866,"path_taken":["M","?","?","$","?","R","E","R","T","E","M","R","?","?","R","BOSS","M","M","$","?","M","R","M","R","T","$","E","?","E","M","R","BOSS"],"build_version":"2019-01-23","purchased_purges":1,"victory":false,"max_hp_per_floor":[71,71,71,71,71,71,71,71,71,71,71,71,71,66,66,66,66,66,66,66,66,66,66,66,66,66,66,68,70,70,72,72,72],"card_choices":[{"not_picked":["Streamline","Coolheaded"],"picked":"Auto Shields","floor":1},{"not_picked":["Fusion","Steam Power","Turbo"],"picked":"SKIP","floor":7},{"not_picked":["Machine Learning","Hello World"],"picked":"Tempest","floor":10},{"not_picked":["Streamline","Double Energy","Doom and Gloom"],"picked":"SKIP","floor":11},{"not_picked":["Streamline","Redo"],"picked":"Barrage","floor":13},{"not_picked":["Buffer","Meteor Strike"],"picked":"Rainbow","floor":16},{"not_picked":["FTL","Blizzard"],"picked":"Auto Shields","floor":18},{"not_picked":["Melter","Auto Shields"],"picked":"Conserve Battery","floor":19},{"not_picked":["Go for the Eyes","Darkness"],"picked":"Consume","floor":22},{"not_picked":["Beam Cell","Chaos","Go for the Eyes"],"picked":"SKIP","floor":24},{"not_picked":["Consume","Fusion","Compile Driver"],"picked":"Singing Bowl","floor":28},{"not_picked":["Redo","Stack","Static Discharge"],"picked":"Singing Bowl","floor":29},{"not_picked":["Steam","Barrage"],"picked":"Echo Form","floor":30},{"not_picked":["Darkness","Ball Lightning","Steam"],"picked":"Singing Bowl","floor":31}],"player_experience":729969,"relics_obtained":[{"floor":9,"key":"Bottled Lightning"},{"floor":10,"key":"Pocketwatch"},{"floor":26,"key":"Shuriken"},{"floor":28,"key":"Singing Bowl"},{"floor":30,"key":"Mercury Hourglass"}],"event_choices":[{"damage_healed":0,"gold_gain":175,"player_choice":"AGREE","damage_taken":0,"max_hp_gain":0,"max_hp_loss":0,"event_name":"Liars Game","floor":2,"gold_loss":0,"cards_obtained":["Doubt"]},{"cards_removed":["Doubt"],"damage_healed":0,"gold_gain":0,"player_choice":"Card Removal","damage_taken":0,"max_hp_gain":0,"max_hp_loss":0,"event_name":"The Cleric","floor":3,"gold_loss":50},{"damage_healed":0,"gold_gain":0,"player_choice":"Upgraded","damage_taken":0,"max_hp_gain":0,"max_hp_loss":0,"event_name":"Upgrade Shrine","floor":5,"gold_loss":0,"cards_upgraded":["Zap"]},{"damage_healed":0,"gold_gain":0,"player_choice":"Lose Max HP","damage_taken":0,"relics_obtained":["Golden Idol"],"max_hp_gain":0,"max_hp_loss":5,"event_name":"Golden Idol","floor":14,"gold_loss":0},{"damage_healed":0,"gold_gain":0,"player_choice":"Upgraded","damage_taken":0,"max_hp_gain":0,"max_hp_loss":0,"event_name":"Upgrade Shrine","floor":21,"gold_loss":0,"cards_upgraded":["Rainbow"]}],"is_beta":false,"boss_relics":[{"not_picked":["Busted Crown","Astrolabe"],"picked":"Sozu"}],"items_purged_floors":[20],"is_endless":false,"potions_floor_spawned":[7,16,18,28,29],"killed_by":"Automaton","ascension_level":14}