{"gold_per_floor":[210,385,11,0,17,17,17,48,100,133,143,143,28,46,46,151,151,167,193,193,108,158,158,172,172],"floor_reached":25,"playtime":1113,"items_purged":["Doubt"],"score":207,"play_id":"568001ab-5cbf-4357-98a6-5b09b068735d","local_time":"20190326164938","is_ascension_mode":false,"campfire_choices":[{"data":"Neutralize","floor":6,"key":"SMITH"},{"data":"Dash","floor":12,"key":"SMITH"},{"data":"Dash","floor":15,"key":"SMITH"},{"floor":23,"key":"RECALL"}],"neow_cost":"NONE","seed_source_timestamp":88310442057357,"circlet_count":0,"master_deck":["Defend_G","Defend_G","Defend_G","Defend_G","Defend_G","Strike_G","Strike_G","Strike_G","Strike_G","Strike_G","Survivor","Neutralize+1","Blur","Dodge and Roll+1","Dash+1","Dash+1","Deflect+1","Dash","Quick Slash","Well Laid Plans+1","Footwork+1","Glass Knife","Quick Slash+1","Caltrops+1"],"relics":["Ring of the Snake","Toxic Egg 2","Potion Belt","Happy Flower","Frozen Egg 2","Fusion Hammer","Red Mask","Nilry\u0027s Codex","Tough Bandages"],"potions_floor_usage":[8,19],"damage_taken":[{"damage":3,"enemies":"Jaw Worm","floor":1,"turns":5},{"damage":0,"enemies":"Small Slimes","floor":5,"turns":4},{"damage":8,"enemies":"Lagavulin","floor":8,"turns":10},{"damage":6,"enemies":"3 Sentries","floor":10,"turns":12},{"damage":0,"enemies":"Cultist","floor":11,"turns":5},{"damage":0,"enemies":"2 Fungi Beasts","floor":14,"turns":4},{"damage":6,"enemies":"Hexaghost","floor":16,"turns":15},{"damage":0,"enemies":"Chosen","floor":18,"turns":5},{"damage":9,"enemies":"Masked Bandits","floor":19,"turns":7},{"damage":0,"enemies":"3 Byrds","floor":24,"turns":4},{"damage":15,"enemies":"Slavers","floor":25,"turns":3}],"seed_played":"1624947655847774166","potions_obtained":[{"floor":1,"key":"Poison Potion"},{"floor":5,"key":"Regen Potion"},{"floor":8,"key":"Weak Potion"},{"floor":11,"key":"GhostInAJar"}],"is_trial":false,"path_per_floor":["M","?","$","?","M","R","$","E","T","E","M","R","$","M","R","B",null,"M","?","?","?","?","R","M","E"],"character_chosen":"THE_SILENT","items_purchased":["Toxic Egg 2","Dodge and Roll+1","Quick Slash","Well Laid Plans+1"],"campfire_rested":0,"item_purchase_floors":[3,3,13,13],"current_hp_per_floor":[67,67,67,67,67,67,67,59,59,53,53,53,53,53,53,47,70,70,70,54,54,54,54,54,39],"gold":172,"neow_bonus":"HUNDRED_GOLD","is_prod":false,"is_daily":false,"chose_seed":false,"campfire_upgraded":3,"win_rate":0,"timestamp":1553629778,"path_taken":["M","?","$","?","M","R","?","E","T","E","M","R","$","M","R","BOSS","M","?","?","?","?","R","M","E"],"build_version":"2019-01-23","purchased_purges":1,"victory":false,"max_hp_per_floor":[70,70,70,70,70,70,70,70,70,70,70,70,70,70,70,70,70,70,70,70,70,70,70,70,70],"card_choices":[{"not_picked":["Acrobatics","Masterful Stab"],"picked":"Blur","floor":1},{"not_picked":["Flechettes","Escape Plan+1"],"picked":"Dash","floor":5},{"not_picked":["Tactician+1","Endless Agony"],"picked":"Dash","floor":8},{"not_picked":["Outmaneuver+1","Underhanded Strike"],"picked":"Deflect+1","floor":10},{"not_picked":["Prepared+1","Dodge and Roll+1"],"picked":"Dash","floor":11},{"not_picked":["Sucker Punch","Backstab"],"picked":"Footwork+1","floor":14},{"not_picked":["Night Terror+1","Malaise+1"],"picked":"Glass Knife","floor":16},{"not_picked":["Eviscerate","Infinite Blades+1","Concentrate+1"],"picked":"SKIP","floor":18},{"not_picked":["Outmaneuver+1","Prepared+1"],"picked":"Quick Slash+1","floor":19},{"not_picked":["Crippling Poison+1","Leg Sweep+1"],"picked":"Caltrops+1","floor":24}],"player_experience":385936,"relics_obtained":[{"floor":8,"key":"Potion Belt"},{"floor":9,"key":"Happy Flower"},{"floor":10,"key":"Frozen Egg 2"},{"floor":19,"key":"Red Mask"},{"floor":20,"key":"Nilry\u0027s Codex"}],"event_choices":[{"damage_healed":0,"gold_gain":175,"player_choice":"AGREE","damage_taken":0,"max_hp_gain":0,"max_hp_loss":0,"event_name":"Liars Game","floor":2,"gold_loss":0,"cards_obtained":["Doubt"]},{"damage_healed":0,"gold_gain":0,"player_choice":"Left Gold","damage_taken":0,"max_hp_gain":0,"max_hp_loss":0,"event_name":"World of Goop","floor":4,"gold_loss":11},{"damage_healed":0,"gold_gain":0,"player_choice":"Fought Bandits","damage_taken":0,"max_hp_gain":0,"max_hp_loss":0,"event_name":"Masked Bandits","floor":19,"gold_loss":0},{"damage_healed":0,"gold_gain":0,"player_choice":"Obtained Book","damage_taken":16,"max_hp_gain":0,"max_hp_loss":0,"event_name":"Cursed Tome","floor":20,"gold_loss":0},{"damage_healed":0,"gold_gain":0,"player_choice":"Obtained Relic","damage_taken":0,"relics_obtained":["Tough Bandages"],"max_hp_gain":0,"max_hp_loss":0,"event_name":"Addict","floor":21,"gold_loss":85},{"damage_healed":0,"gold_gain":100,"player_choice":"Bet on Murderer","damage_taken":0,"max_hp_gain":0,"max_hp_loss":0,"event_name":"The Joust","floor":22,"gold_loss":50}],"is_beta":false,"boss_relics":[{"not_picked":["Runic Dome","Coffee Dripper"],"picked":"Fusion Hammer"}],"items_purged_floors":[3],"is_endless":false,"potions_floor_spawned":[1,5,8,11],"killed_by":"Slavers","ascension_level":0}