{"gold_per_floor":[112,112,130,191,211,211,243,243,243,268,278,328,378,393,393,465,465,485,497,123,173,233,233,246,66,146,175,207,319,346,374,386,473,485,516,541,106,118,195,195,209,259,282,300,48,48,48,63,63,63,63],"floor_reached":52,"playtime":3014,"items_purged":["Strike_B"],"score":1751,"play_id":"8150c8cd-c8cd-416d-87d7-5a64332253c3","local_time":"20190109172527","is_ascension_mode":true,"campfire_choices":[{"data":"Zap","floor":6.0,"key":"SMITH"},{"floor":8.0,"key":"DIG"},{"floor":15.0,"key":"DIG"},{"floor":23.0,"key":"DIG"},{"floor":32.0,"key":"REST"},{"floor":40.0,"key":"REST"},{"floor":47.0,"key":"DIG"},{"floor":49.0,"key":"DIG"}],"neow_cost":"NONE","seed_source_timestamp":0,"circlet_count":0,"master_deck":["AscendersBane","Defend_B","Defend_B","Defend_B","Defend_B","Zap+1","Dualcast","Leap+1","Conserve Battery","Doom and Gloom+1","Hello World","Go for the Eyes+1","Streamline+1","Rip and Tear+1","Reboot","Darkness+1","Fusion+1","Skim+1","Ball Lightning+1","Core Surge+1","Glacier","Capacitor+1","Core Surge+1","Sweeping Beam+1","Chill+1","Leap+1","Redo+1","Biased Cognition","Redo+1","Coolheaded+1","Redo+1","Reinforced Body+1","FTL+1","Chaos+1","Biased Cognition"],"special_seed":0,"relics":["Cracked Core","Bag of Preparation","SsserpentHead","Shovel","Molten Egg 2","Mango","Kunai","Ornamental Fan","Astrolabe","Anchor","PreservedInsect","Toxic Egg 2","MawBank","Sozu","DataDisk","Frozen Eye","Dream Catcher","Bronze Scales","Lee\u0027s Waffle","Gremlin Horn","Happy Flower"],"potions_floor_usage":[],"damage_taken":[{"damage":1.0,"enemies":"Cultist","floor":1.0,"turns":3.0},{"damage":0.0,"enemies":"2 Louse","floor":3.0,"turns":2.0},{"damage":0.0,"enemies":"Jaw Worm","floor":4.0,"turns":3.0},{"damage":11.0,"enemies":"Exordium Wildlife","floor":5.0,"turns":3.0},{"damage":16.0,"enemies":"Lagavulin","floor":7.0,"turns":5.0},{"damage":27.0,"enemies":"Gremlin Nob","floor":10.0,"turns":4.0},{"damage":0.0,"enemies":"Red Slaver","floor":11.0,"turns":3.0},{"damage":3.0,"enemies":"Blue Slaver","floor":14.0,"turns":3.0},{"damage":5.0,"enemies":"Hexaghost","floor":16.0,"turns":6.0},{"damage":5.0,"enemies":"Chosen","floor":18.0,"turns":3.0},{"damage":6.0,"enemies":"3 Byrds","floor":19.0,"turns":5.0},{"damage":17.0,"enemies":"Snake Plant","floor":22.0,"turns":4.0},{"damage":5.0,"enemies":"Centurion and Healer","floor":24.0,"turns":5.0},{"damage":18.0,"enemies":"Book of Stabbing","floor":27.0,"turns":4.0},{"damage":11.0,"enemies":"Shelled Parasite and Fungi","floor":28.0,"turns":8.0},{"damage":1.0,"enemies":"Cultist and Chosen","floor":30.0,"turns":5.0},{"damage":0.0,"enemies":"Centurion and Healer","floor":31.0,"turns":6.0},{"damage":22.0,"enemies":"Champ","floor":33.0,"turns":10.0},{"damage":0.0,"enemies":"Orb Walker","floor":35.0,"turns":3.0},{"damage":20.0,"enemies":"3 Darklings","floor":36.0,"turns":8.0},{"damage":21.0,"enemies":"Spire Growth","floor":38.0,"turns":5.0},{"damage":0.0,"enemies":"4 Shapes","floor":41.0,"turns":4.0},{"damage":0.0,"enemies":"Transient","floor":44.0,"turns":6.0},{"damage":0.0,"enemies":"Sphere and 2 Shapes","floor":48.0,"turns":3.0},{"damage":42,"enemies":"Time Eater","floor":50,"turns":13},{"damage":12,"enemies":"Awakened One","floor":51,"turns":14}],"seed_played":"-3860640501418512377","potions_obtained":[{"floor":1.0,"key":"FearPotion"},{"floor":11.0,"key":"Energy Potion"},{"floor":16.0,"key":"AttackPotion"},{"floor":18.0,"key":"Weak Potion"},{"floor":22.0,"key":"GamblersBrew"},{"floor":24.0,"key":"PowerPotion"},{"floor":28.0,"key":"Regen Potion"},{"floor":30.0,"key":"SkillPotion"}],"is_trial":false,"path_per_floor":["M","?","M","M","M","R","E","R","T","E","M","?","?","M","R","B",null,"M","M","$","?","M","R","M","$","T","E","M","?","M","M","R","B",null,"M","M","$","M","T","R","M","?","T","M","$","$","R","M","R","B","B",null],"character_chosen":"DEFECT","items_purchased":["Core Surge+1","Anchor","AttackPotion","Core Surge+1","DataDisk","Frozen Eye","Lee\u0027s Waffle","Chaos+1"],"campfire_rested":2,"item_purchase_floors":[20,20,20,25,37,37,45,45],"current_hp_per_floor":[63,63,63,63,52,52,36,36,50,23,23,23,23,20,20,15,68,63,57,57,57,40,40,35,35,35,17,6,6,17,17,42,20,69,69,49,49,28,28,53,53,53,53,53,88,88,88,88,88,46,34],"gold":63,"neow_bonus":"RANDOM_COMMON_RELIC","is_prod":false,"is_daily":false,"chose_seed":false,"campfire_upgraded":1,"win_rate":0,"timestamp":1547051127,"path_taken":["M","?","M","?","M","R","E","R","T","E","M","?","?","M","R","BOSS","M","M","$","?","?","R","M","$","T","E","M","?","M","M","R","BOSS","M","M","$","M","?","R","M","?","T","M","?","$","R","M","R","BOSS","BOSS"],"build_version":"2019-01-03v4","purchased_purges":1,"victory":true,"max_hp_per_floor":[71,71,71,71,71,71,71,71,85,85,85,85,85,85,85,85,85,85,85,85,85,85,85,85,85,85,85,85,85,85,85,85,85,85,85,85,85,85,85,85,85,81,81,81,88,88,88,88,88,88,88],"card_choices":[{"not_picked":["Force Field","Compile Driver"],"picked":"Leap","floor":1.0},{"not_picked":["Scrape","Redo"],"picked":"Conserve Battery","floor":3.0},{"not_picked":["Aggregate","Self Repair"],"picked":"Doom and Gloom","floor":4.0},{"not_picked":["Fusion","Rebound"],"picked":"Hello World","floor":5.0},{"not_picked":["Leap","Barrage","Beam Cell"],"picked":"SKIP","floor":7.0},{"not_picked":["Capacitor","Hologram"],"picked":"Go for the Eyes+1","floor":10.0},{"not_picked":["Stack","Cold Snap+1"],"picked":"Streamline+1","floor":11.0},{"not_picked":["Fusion","Sweeping Beam+1"],"picked":"Rip and Tear+1","floor":14.0},{"not_picked":["Multi-Cast","Rainbow"],"picked":"Reboot","floor":16.0},{"not_picked":["Sweeping Beam+1","Redo","Rebound+1"],"picked":"SKIP","floor":18.0},{"not_picked":["Heatsinks","Consume"],"picked":"Ball Lightning+1","floor":19.0},{"not_picked":["Tempest","Reinforced Body"],"picked":"Glacier","floor":22.0},{"not_picked":["Gash+1","Cold Snap+1"],"picked":"Capacitor+1","floor":24.0},{"not_picked":["Leap+1","Storm"],"picked":"Sweeping Beam+1","floor":27.0},{"not_picked":["Tempest+1","Stack+1"],"picked":"Chill+1","floor":28.0},{"not_picked":["Steam+1","Defragment"],"picked":"Leap+1","floor":30.0},{"not_picked":["Turbo+1","Electrodynamics"],"picked":"Redo+1","floor":31.0},{"not_picked":["Rainbow+1","Creative AI"],"picked":"Biased Cognition","floor":33.0},{"not_picked":["Stack+1","Doom and Gloom+1"],"picked":"Redo+1","floor":35.0},{"not_picked":["Double Energy+1","Sweeping Beam+1"],"picked":"Coolheaded+1","floor":36.0},{"not_picked":["Gash+1","Stack+1"],"picked":"Redo+1","floor":38.0},{"not_picked":["Leap+1","Beam Cell+1"],"picked":"Reinforced Body+1","floor":40.0},{"not_picked":["Tempest+1","Barrage+1"],"picked":"FTL+1","floor":41.0},{"not_picked":["Turbo+1","Capacitor","Steam+1"],"picked":"SKIP","floor":44.0},{"not_picked":["Stack+1","Capacitor"],"picked":"Biased Cognition","floor":48.0}],"player_experience":1145253,"relics_obtained":[{"floor":7.0,"key":"Shovel"},{"floor":8.0,"key":"Molten Egg 2"},{"floor":9.0,"key":"Mango"},{"floor":10.0,"key":"Kunai"},{"floor":15.0,"key":"Ornamental Fan"},{"floor":23.0,"key":"PreservedInsect"},{"floor":26.0,"key":"Toxic Egg 2"},{"floor":27.0,"key":"MawBank"},{"floor":39.0,"key":"Dream Catcher"},{"floor":43.0,"key":"Bronze Scales"},{"floor":47.0,"key":"Gremlin Horn"},{"floor":49.0,"key":"Happy Flower"}],"event_choices":[{"damage_healed":0.0,"max_hp_gain":0.0,"max_hp_loss":0.0,"gold_gain":0.0,"event_name":"FaceTrader","player_choice":"Trade","floor":2.0,"gold_loss":0.0,"damage_taken":0.0,"relics_obtained":["SsserpentHead"]},{"damage_healed":0.0,"max_hp_gain":0.0,"max_hp_loss":0.0,"gold_gain":0.0,"event_name":"Living Wall","player_choice":"Grow","floor":12.0,"gold_loss":0.0,"damage_taken":0.0,"cards_upgraded":["Leap"]},{"damage_healed":0.0,"max_hp_gain":0.0,"max_hp_loss":0.0,"gold_gain":0.0,"event_name":"Liars Game","player_choice":"Ignored","floor":13.0,"gold_loss":0.0,"damage_taken":0.0},{"damage_healed":0.0,"max_hp_gain":0.0,"max_hp_loss":0.0,"gold_gain":0.0,"event_name":"Upgrade Shrine","player_choice":"Upgraded","floor":21.0,"gold_loss":0.0,"damage_taken":0.0,"cards_upgraded":["Doom and Gloom"]},{"damage_healed":0.0,"max_hp_gain":0.0,"max_hp_loss":0.0,"gold_gain":50.0,"event_name":"Golden Shrine","player_choice":"Pray","floor":29.0,"gold_loss":0.0,"damage_taken":0.0},{"damage_healed":0.0,"max_hp_gain":0.0,"max_hp_loss":4.0,"gold_gain":0.0,"event_name":"Winding Halls","player_choice":"Max HP","floor":42.0,"gold_loss":0.0,"damage_taken":0.0}],"is_beta":false,"boss_relics":[{"not_picked":["Orrery","Tiny House"],"picked":"Astrolabe"},{"not_picked":["Coffee Dripper","Runic Dome"],"picked":"Sozu"}],"items_purged_floors":[37],"is_endless":false,"potions_floor_spawned":[1,11,14,16,18,22,24,28,30,35,36,41,44],"ascension_level":20}