{"gold_per_floor":[119,129,129,129,149,149,196,226,226,243,243],"floor_reached":11,"playtime":364,"items_purged":[],"score":146,"play_id":"fed6a858-74e8-46ac-9766-0177c1d48f25","local_time":"20190109135022","is_ascension_mode":true,"campfire_choices":[{"data":"Zap","floor":6,"key":"SMITH"}],"neow_cost":"NONE","seed_source_timestamp":97272909544006,"circlet_count":0,"master_deck":["AscendersBane","Strike_B","Strike_B","Strike_B","Strike_B+1","Defend_B","Defend_B","Defend_B","Defend_B","Zap+1","Dualcast","Go for the Eyes+1","Glacier","Darkness","Decay","Coolheaded","Steam+1"],"relics":["Cracked Core","Blue Candle","Whetstone","Ginger","Toxic Egg 2"],"potions_floor_usage":[11],"damage_taken":[{"damage":3,"enemies":"Small Slimes","floor":1,"turns":4},{"damage":2,"enemies":"Jaw Worm","floor":2,"turns":3},{"damage":1,"enemies":"Cultist","floor":5,"turns":4},{"damage":26,"enemies":"Lagavulin","floor":8,"turns":8},{"damage":20,"enemies":"Exordium Thugs","floor":10,"turns":6},{"damage":7,"enemies":"Exordium Wildlife","floor":11,"turns":1}],"seed_played":"-2215892577209249194","potions_obtained":[{"floor":1,"key":"PowerPotion"},{"floor":5,"key":"GamblersBrew"}],"is_trial":false,"path_per_floor":["M","M","?","?","M","R","T","E","T","M","M"],"character_chosen":"DEFECT","items_purchased":[],"campfire_rested":0,"item_purchase_floors":[],"current_hp_per_floor":[61,59,48,48,47,47,47,21,21,1,0],"gold":243,"neow_bonus":"THREE_CARDS","is_prod":false,"is_daily":false,"chose_seed":false,"campfire_upgraded":1,"win_rate":0,"timestamp":1547038222,"path_taken":["M","M","?","?","?","R","?","E","T","M","M"],"build_version":"2019-01-03v4","purchased_purges":0,"victory":false,"max_hp_per_floor":[71,71,71,71,71,71,71,71,71,71,71],"card_choices":[{"not_picked":["Genetic Algorithm","Rebound"],"picked":"Go for the Eyes","floor":0},{"not_picked":["Self Repair","Tempest"],"picked":"Glacier","floor":1},{"not_picked":["Rebound","White Noise"],"picked":"Darkness","floor":2},{"not_picked":["Stack","Skim","Redo"],"picked":"SKIP","floor":5},{"not_picked":["Rip and Tear","FTL"],"picked":"Coolheaded","floor":8},{"not_picked":["Beam Cell","Sweeping Beam"],"picked":"Steam+1","floor":10}],"player_experience":1143076,"relics_obtained":[{"floor":7,"key":"Whetstone"},{"floor":8,"key":"Ginger"},{"floor":9,"key":"Toxic Egg 2"}],"event_choices":[{"damage_healed":0,"gold_gain":0,"player_choice":"Success","damage_taken":11,"relics_obtained":["Blue Candle"],"max_hp_gain":0,"max_hp_loss":0,"event_name":"Scrap Ooze","floor":3,"gold_loss":0},{"damage_healed":0,"gold_gain":0,"player_choice":"Cursed","damage_taken":0,"max_hp_gain":0,"max_hp_loss":0,"event_name":"Wheel of Change","floor":4,"gold_loss":0,"cards_obtained":["Decay"]}],"is_beta":false,"boss_relics":[],"items_purged_floors":[],"is_endless":false,"potions_floor_spawned":[1,5],"killed_by":"Exordium Wildlife","ascension_level":20}