{"gold_per_floor":[161,37,112,112,135,168,168,203,229,254,270,286,31,47,47,166,166,184,228,228],"floor_reached":20,"playtime":2639,"items_purged":["Strike_G","Strike_G"],"score":184,"play_id":"5d35847b-60b9-4bb7-bc14-3756e172ef89","local_time":"20181123115537","is_ascension_mode":false,"campfire_choices":[{"floor":7.0,"key":"REST"},{"floor":15.0,"key":"REST"}],"neow_cost":"NONE","seed_source_timestamp":470990172782627,"circlet_count":0,"master_deck":["Defend_G","Defend_G","Defend_G","Defend_G","Defend_G","Strike_G","Strike_G","Strike_G","Survivor+1","Neutralize","Deadly Poison","Envenom","Dagger Spray","Deadly Poison","Bane","Venomology","Bane","Footwork","Dramatic Entrance","Footwork","Infinite Blades","Well Laid Plans","Night Terror","Outmaneuver+1","Backflip"],"special_seed":0,"relics":["Tiny House","Golden Idol","Boot","Dream Catcher","Happy Flower","Runic Pyramid","Red Mask"],"potions_floor_usage":[20,20],"damage_taken":[{"damage":3.0,"enemies":"Jaw Worm","floor":1.0,"turns":4.0},{"damage":0.0,"enemies":"Small Slimes","floor":5.0,"turns":4.0},{"damage":30.0,"enemies":"Lagavulin","floor":6.0,"turns":7.0},{"damage":11.0,"enemies":"Gremlin Nob","floor":8.0,"turns":4.0},{"damage":1.0,"enemies":"2 Louse","floor":10.0,"turns":2.0},{"damage":0.0,"enemies":"Lots of Slimes","floor":11.0,"turns":2.0},{"damage":3.0,"enemies":"Large Slime","floor":12.0,"turns":6.0},{"damage":1.0,"enemies":"Exordium Wildlife","floor":14.0,"turns":3.0},{"damage":10.0,"enemies":"Hexaghost","floor":16.0,"turns":8.0},{"damage":21.0,"enemies":"Shell Parasite","floor":18.0,"turns":5.0},{"damage":9.0,"enemies":"Masked Bandits","floor":19.0,"turns":3.0},{"damage":53,"enemies":"3 Byrds","floor":20,"turns":3}],"seed_played":"390172388170968335","potions_obtained":[{"floor":0.0,"key":"Fire Potion"},{"floor":8.0,"key":"FearPotion"},{"floor":11.0,"key":"Strength Potion"},{"floor":12.0,"key":"Energy Potion"},{"floor":19.0,"key":"Fruit Juice"}],"is_trial":false,"path_per_floor":["M","M","$","?","?","M","E","R","E","T","M","M","M","$","M","R","B",null,"M","?","M"],"character_chosen":"THE_SILENT","items_purchased":["Dagger Spray","Dramatic Entrance","Footwork"],"campfire_rested":2,"item_purchase_floors":[2,13,13],"current_hp_per_floor":[72,72,61,43,43,13,35,24,24,23,23,20,20,19,41,31,75,54,45,0],"gold":228,"neow_bonus":"BOSS_RELIC","is_prod":false,"is_daily":false,"chose_seed":false,"campfire_upgraded":0,"win_rate":0,"timestamp":1543002937,"path_taken":["M","$","?","?","M","E","R","E","T","M","M","M","?","M","R","BOSS","M","?","M"],"build_version":"2018-11-15","purchased_purges":2,"victory":false,"max_hp_per_floor":[75,75,75,75,75,75,75,75,75,75,75,75,75,75,75,75,75,75,75,80],"card_choices":[{"not_picked":["Slice","Backflip"],"picked":"Deadly Poison","floor":0.0},{"not_picked":["Quick Slash","PiercingWail"],"picked":"Envenom","floor":1.0},{"not_picked":["Acrobatics","Finisher"],"picked":"Deadly Poison","floor":5.0},{"not_picked":["Backflip","Deadly Poison"],"picked":"Bane","floor":6.0},{"not_picked":["Flechettes","Sucker Punch"],"picked":"Venomology","floor":8.0},{"not_picked":["Accuracy","Acrobatics"],"picked":"Bane","floor":10.0},{"not_picked":["Slice","Blur"],"picked":"Footwork","floor":11.0},{"not_picked":["Deadly Poison","Underhanded Strike","Setup"],"picked":"SKIP","floor":12.0},{"not_picked":["PiercingWail","Dash"],"picked":"Infinite Blades","floor":14.0},{"not_picked":["Eviscerate","Grand Finale"],"picked":"Well Laid Plans","floor":15.0},{"not_picked":["Adrenaline","Phantasmal Killer"],"picked":"Night Terror","floor":16.0},{"not_picked":["Dash","Escape Plan+1"],"picked":"Outmaneuver+1","floor":18.0},{"not_picked":["Choke","Deadly Poison"],"picked":"Backflip","floor":19.0}],"player_experience":931317,"relics_obtained":[{"floor":6.0,"key":"Boot"},{"floor":8.0,"key":"Dream Catcher"},{"floor":9.0,"key":"Happy Flower"},{"floor":19.0,"key":"Red Mask"}],"event_choices":[{"damage_healed":0.0,"max_hp_gain":0.0,"max_hp_loss":0.0,"gold_gain":75.0,"event_name":"World of Goop","player_choice":"Gather Gold","floor":3.0,"gold_loss":0.0,"damage_taken":11.0},{"damage_healed":0.0,"max_hp_gain":0.0,"max_hp_loss":0.0,"gold_gain":0.0,"event_name":"Golden Idol","player_choice":"Take Damage","floor":4.0,"gold_loss":0.0,"damage_taken":18.0,"relics_obtained":["Golden Idol"]},{"damage_healed":0.0,"max_hp_gain":0.0,"max_hp_loss":0.0,"gold_gain":0.0,"event_name":"Masked Bandits","player_choice":"Fought Bandits","floor":19.0,"gold_loss":0.0,"damage_taken":0.0}],"is_beta":false,"boss_relics":[{"not_picked":["Empty Cage","Pandora\u0027s Box"],"picked":"Runic Pyramid"}],"items_purged_floors":[2,13],"is_endless":false,"potions_floor_spawned":[8,11,12,16,19],"killed_by":"3 Byrds","ascension_level":0}