{"gold_per_floor":[17,34,53,69,69,104,116,159,171,194,206,183,195,237,249,261],"floor_reached":16,"playtime":646,"items_purged":[],"score":186,"play_id":"49965e00-f802-4d77-8f24-0d9d7dd04735","local_time":"20181015135914","is_ascension_mode":true,"campfire_choices":[{"floor":7,"key":"REST"},{"floor":11,"key":"REST"},{"data":"Glacier","floor":13,"key":"SMITH"},{"floor":15,"key":"REST"}],"neow_cost":"NO_GOLD","seed_source_timestamp":251936695122181,"circlet_count":0,"master_deck":["Strike_B","Strike_B","Strike_B","Defend_B","Defend_B","Defend_B","Zap","Dualcast","AscendersBane","Melter","Sunder","Leap","Ball Lightning","Glacier+1","Rip and Tear","Rebound","Storm"],"relics":["Cracked Core","MawBank","Strawberry","Shuriken","Bird Faced Urn"],"potions_floor_usage":[4],"damage_taken":[{"damage":1,"enemies":"Small Slimes","floor":1,"turns":3},{"damage":3,"enemies":"2 Louse","floor":2,"turns":2},{"damage":2,"enemies":"Jaw Worm","floor":3,"turns":3},{"damage":1,"enemies":"Blue Slaver","floor":4,"turns":4},{"damage":31,"enemies":"3 Sentries","floor":6,"turns":7},{"damage":44,"enemies":"Gremlin Nob","floor":8,"turns":5},{"damage":0,"enemies":"2 Fungi Beasts","floor":10,"turns":3},{"damage":33,"enemies":"Lagavulin","floor":14,"turns":6},{"damage":56,"enemies":"Slime Boss","floor":16,"turns":9}],"seed_played":"7957393863445915344","potions_obtained":[{"floor":2,"key":"Strength Potion"},{"floor":3,"key":"Block Potion"},{"floor":6,"key":"EssenceOfSteel"}],"is_trial":false,"path_per_floor":["M","M","M","M","?","E","R","E","T","M","R","?","R","E","R"],"character_chosen":"DEFECT","items_purchased":[],"campfire_rested":3,"item_purchase_floors":[],"current_hp_per_floor":[67,64,62,61,61,30,52,15,15,15,39,59,59,26,50,0],"gold":261,"neow_bonus":"REMOVE_TWO","is_prod":false,"is_daily":false,"chose_seed":false,"campfire_upgraded":1,"win_rate":0,"timestamp":1539604754,"path_taken":["M","M","M","M","?","E","R","E","T","M","R","?","R","E","R","BOSS"],"build_version":"2018-10-11","purchased_purges":0,"victory":false,"max_hp_per_floor":[75,75,75,75,75,75,75,82,82,82,82,82,82,82,82,82],"card_choices":[{"not_picked":["Beam Cell","Steam"],"picked":"Melter","floor":1},{"not_picked":["Redo","Storm"],"picked":"Sunder","floor":2},{"not_picked":["Conserve Battery","Cold Snap"],"picked":"Leap","floor":3},{"not_picked":["Chaos","Gash"],"picked":"Ball Lightning","floor":4},{"not_picked":["Machine Learning","Stack"],"picked":"Glacier","floor":6},{"not_picked":["Darkness","Thunder Strike"],"picked":"Rip and Tear","floor":8},{"not_picked":["Compile Driver","Lockon"],"picked":"Rebound","floor":10},{"not_picked":["Reprogram","FTL"],"picked":"Storm","floor":14}],"player_experience":556103,"relics_obtained":[{"floor":6,"key":"MawBank"},{"floor":8,"key":"Strawberry"},{"floor":9,"key":"Shuriken"},{"floor":14,"key":"Bird Faced Urn"}],"event_choices":[{"event_name":"Liars Game","player_choice":"disagreed","floor":5,"damage_taken":0},{"event_name":"The Cleric","player_choice":"Healed","floor":12,"damage_taken":0}],"is_beta":false,"boss_relics":[],"items_purged_floors":[],"is_endless":false,"potions_floor_spawned":[2,3,6],"killed_by":"Slime Boss","ascension_level":11}