{"gold_per_floor":[110,130,23,41,0,0,35,35,35,47,58,58],"floor_reached":12,"playtime":805,"items_purged":[],"score":100,"play_id":"485cec73-963f-41cf-b3c9-59bb504e749c","local_time":"20180917143358","is_ascension_mode":true,"campfire_choices":[{"data":"Leg Sweep","floor":6,"key":"SMITH"},{"data":"Neutralize","floor":8,"key":"SMITH"}],"neow_cost":"NONE","seed_source_timestamp":1106973410071812,"circlet_count":0,"master_deck":["Defend_G","Defend_G","Defend_G","Defend_G","Defend_G","Strike_G","Strike_G","Strike_G","Strike_G","Strike_G","Survivor","Neutralize+1","Leg Sweep+1","Acrobatics","Backflip+1","Dodge and Roll+1"],"relics":["WristBlade","Letter Opener","Question Card","Toxic Egg 2"],"potions_floor_usage":[4,10],"damage_taken":[{"damage":0,"enemies":"Cultist","floor":1,"turns":5},{"damage":0,"enemies":"2 Louse","floor":2,"turns":4},{"damage":1,"enemies":"Jaw Worm","floor":4,"turns":5},{"damage":0,"enemies":"Looter","floor":5,"turns":5},{"damage":29,"enemies":"3 Sentries","floor":7,"turns":14},{"damage":0,"enemies":"Exordium Wildlife","floor":10,"turns":6},{"damage":7,"enemies":"Exordium Thugs","floor":11,"turns":7},{"damage":44,"enemies":"Gremlin Nob","floor":12,"turns":6}],"seed_played":"4828778841043360268","potions_obtained":[{"floor":1,"key":"Fruit Juice"},{"floor":7,"key":"SkillPotion"},{"floor":10,"key":"SkillPotion"}],"is_trial":false,"path_per_floor":["M","M","?","M","M","R","E","R","T","M","M"],"character_chosen":"THE_SILENT","items_purchased":[],"campfire_rested":0,"item_purchase_floors":[],"current_hp_per_floor":[70,70,70,74,74,74,45,45,45,45,38,0],"gold":58,"neow_bonus":"BOSS_RELIC","is_prod":false,"is_daily":false,"chose_seed":false,"campfire_upgraded":2,"win_rate":0,"timestamp":1537187638,"path_taken":["M","M","?","M","M","R","E","R","T","?","M","E"],"build_version":"2018-09-06","purchased_purges":0,"victory":false,"max_hp_per_floor":[70,70,70,75,75,75,75,75,75,75,75,75],"card_choices":[{"not_picked":["Riddle With Holes","Deadly Poison","Distraction"],"picked":"SKIP","floor":1},{"not_picked":["Calculated Gamble","Deadly Poison","Finisher"],"picked":"SKIP","floor":2},{"not_picked":["Noxious Fumes","All Out Attack"],"picked":"Leg Sweep","floor":4},{"not_picked":["Skewer","Reflex","Blur"],"picked":"SKIP","floor":5},{"not_picked":["Well Laid Plans","Caltrops"],"picked":"Acrobatics","floor":7},{"not_picked":["Infinite Blades","Well Laid Plans","Dodge and Roll+1"],"picked":"Backflip+1","floor":10},{"not_picked":["Tactician+1","Catalyst+1","Skewer"],"picked":"Dodge and Roll+1","floor":11}],"player_experience":359265,"relics_obtained":[{"floor":7,"key":"Question Card"},{"floor":9,"key":"Toxic Egg 2"}],"event_choices":[{"event_name":"WeMeetAgain","player_choice":"Gold","floor":3,"damage_taken":0}],"is_beta":false,"boss_relics":[],"items_purged_floors":[],"is_endless":false,"potions_floor_spawned":[1,7,10],"killed_by":"Gremlin Nob","ascension_level":5}