{"gold_per_floor":[119,129,146,163,163,192,207,207,234,234,262,273,285,285,285,285],"floor_reached":16,"playtime":581,"items_purged":[],"score":160,"play_id":"d7fc6bcf-7fbc-4eee-8454-600d852b68d2","local_time":"20180905164627","is_ascension_mode":true,"campfire_choices":[{"floor":8,"key":"REST"},{"floor":15,"key":"REST"}],"neow_cost":"","seed_source_timestamp":78278591391690,"circlet_count":0,"master_deck":["Strike_R","Strike_R","Strike_R","Strike_R","Defend_R","Defend_R","Defend_R","Defend_R","Bash","Shrug It Off","Thunderclap","Cleave","Dropkick","Spot Weakness","Sword Boomerang","Whirlwind"],"relics":["Burning Blood","Boot","Blood Vial","Bag of Marbles","Happy Flower"],"potions_floor_usage":[4,6,13,16],"damage_taken":[{"damage":10,"enemies":"Cultist","floor":1,"turns":5},{"damage":1,"enemies":"2 Louse","floor":2,"turns":4},{"damage":2,"enemies":"Jaw Worm","floor":3,"turns":5},{"damage":27,"enemies":"Gremlin Gang","floor":4,"turns":6},{"damage":22,"enemies":"3 Sentries","floor":6,"turns":8},{"damage":9,"enemies":"3 Louse","floor":7,"turns":2},{"damage":35,"enemies":"Gremlin Nob","floor":11,"turns":4},{"damage":15,"enemies":"Looter","floor":12,"turns":4},{"damage":14,"enemies":"Exordium Wildlife","floor":13,"turns":2},{"damage":55,"enemies":"The Guardian","floor":16,"turns":7}],"seed_played":"5952646726049493552","potions_obtained":[{"floor":1,"key":"GamblersBrew"},{"floor":2,"key":"Weak Potion"},{"floor":11,"key":"Energy Potion"},{"floor":13,"key":"SteroidPotion"}],"is_trial":false,"path_per_floor":["M","M","M","M","?","E","M","R","T","?","E","M","M","?","R"],"character_chosen":"IRONCLAD","items_purchased":[],"campfire_rested":2,"item_purchase_floors":[],"current_hp_per_floor":[68,73,77,56,56,40,37,61,61,66,39,32,26,19,44,0],"gold":285,"neow_bonus":"","is_prod":false,"is_daily":false,"chose_seed":false,"campfire_upgraded":0,"win_rate":0,"timestamp":1536158787,"path_taken":["M","M","M","?","?","E","M","R","T","?","E","?","M","?","R","BOSS"],"build_version":"2018-08-30","purchased_purges":0,"victory":false,"max_hp_per_floor":[80,80,80,80,80,80,80,80,80,85,85,85,85,85,85,85],"card_choices":[{"not_picked":["Fire Breathing","Dual Wield"],"picked":"Shrug It Off","floor":1},{"not_picked":["Clash","Perfected Strike","Rage"],"picked":"SKIP","floor":2},{"not_picked":["Perfected Strike","Body Slam"],"picked":"Thunderclap","floor":3},{"not_picked":["Clothesline","Twin Strike"],"picked":"Cleave","floor":4},{"not_picked":["Headbutt","Wild Strike"],"picked":"Dropkick","floor":6},{"not_picked":["Wild Strike","Flame Barrier"],"picked":"Spot Weakness","floor":7},{"not_picked":["Second Wind","Sentinel"],"picked":"Sword Boomerang","floor":11},{"not_picked":["Cleave","Combust"],"picked":"Whirlwind","floor":12},{"not_picked":["Barricade","Infernal Blade","Rupture"],"picked":"SKIP","floor":13}],"player_experience":312634,"relics_obtained":[{"floor":6,"key":"Boot"},{"floor":9,"key":"Blood Vial"},{"floor":11,"key":"Bag of Marbles"}],"event_choices":[{"event_name":"Bonfire Elementals","player_choice":"BASIC","floor":5,"damage_taken":0},{"event_name":"Big Fish","player_choice":"Donut","floor":10,"damage_taken":0},{"event_name":"Scrap Ooze","player_choice":"success","floor":14,"damage_taken":7}],"is_beta":false,"boss_relics":[],"items_purged_floors":[],"is_endless":false,"potions_floor_spawned":[1,2,11,13],"killed_by":"The Guardian","ascension_level":8}