{"gold_per_floor":[111,130,130,150,165,205,218,254,278,52,66,66,143,143,143,234,234,253,343,363,308,308,308,308],"floor_reached":24,"playtime":658,"items_purged":["Strike_B"],"score":412,"play_id":"77088122-8776-4972-85ee-0db096909f63","local_time":"20190108125012","is_ascension_mode":true,"campfire_choices":[{"floor":12,"key":"REST"},{"floor":15,"key":"REST"},{"data":"Buffer","floor":23,"key":"SMITH"}],"neow_cost":"NONE","seed_source_timestamp":6964852594568,"circlet_count":0,"master_deck":["AscendersBane","Defend_B+1","Defend_B+1","Defend_B+1","Defend_B+1","Zap","Dualcast","Sweeping Beam","Gash","Doom and Gloom","Conserve Battery","Cold Snap","Ball Lightning","Loop","Leap","Buffer+1","Stack+1","Leap+1","Consume+1","Ball Lightning","Sweeping Beam+1"],"relics":["Cracked Core","Golden Idol","Blue Candle","Ginger","Ancient Tea Set","Bronze Scales","Astrolabe","Tiny Chest"],"potions_floor_usage":[6,6,8,11],"damage_taken":[{"damage":1,"enemies":"Cultist","floor":1,"turns":3},{"damage":7,"enemies":"Small Slimes","floor":2,"turns":3},{"damage":4,"enemies":"Jaw Worm","floor":4,"turns":3},{"damage":9,"enemies":"3 Louse","floor":5,"turns":2},{"damage":23,"enemies":"Lagavulin","floor":6,"turns":6},{"damage":4,"enemies":"Blue Slaver","floor":7,"turns":4},{"damage":28,"enemies":"Gremlin Nob","floor":8,"turns":5},{"damage":0,"enemies":"Lots of Slimes","floor":11,"turns":2},{"damage":34,"enemies":"The Guardian","floor":16,"turns":12},{"damage":11,"enemies":"3 Byrds","floor":18,"turns":4},{"damage":2,"enemies":"Chosen","floor":20,"turns":4},{"damage":27,"enemies":"Slavers","floor":24,"turns":1}],"seed_played":"691457937480526068","potions_obtained":[{"floor":0,"key":"SneckoOil"},{"floor":0,"key":"FearPotion"},{"floor":2,"key":"SteroidPotion"},{"floor":4,"key":"Regen Potion"},{"floor":6,"key":"Ancient Potion"}],"is_trial":false,"path_per_floor":["M","M","?","M","M","E","M","E","T","$","M","R","?","?","R","B",null,"M","?","M","?","?","R","E"],"character_chosen":"DEFECT","items_purchased":["Loop","SteroidPotion","Leap"],"campfire_rested":2,"item_purchase_floors":[10,10,10],"current_hp_per_floor":[63,56,56,52,43,35,31,3,3,3,3,22,22,22,41,7,50,39,27,25,25,25,25,0],"gold":308,"neow_bonus":"THREE_SMALL_POTIONS","is_prod":false,"is_daily":false,"chose_seed":false,"campfire_upgraded":1,"win_rate":0,"timestamp":1546948212,"path_taken":["M","?","?","M","M","E","M","E","T","$","M","R","?","?","R","BOSS","M","?","?","?","?","R","E"],"build_version":"2019-01-03v4","purchased_purges":1,"victory":false,"max_hp_per_floor":[71,71,64,64,64,64,64,64,64,64,64,64,64,64,64,64,64,64,64,64,64,64,64,64],"card_choices":[{"not_picked":["Gash","Steam"],"picked":"Sweeping Beam","floor":1},{"not_picked":["Streamline","Undo"],"picked":"Gash","floor":2},{"not_picked":["Steam","Self Repair"],"picked":"Doom and Gloom","floor":4},{"not_picked":["Leap","Turbo"],"picked":"Conserve Battery","floor":5},{"not_picked":["Hologram","Multi-Cast"],"picked":"Cold Snap","floor":6},{"not_picked":["Rebound","Chaos","Doom and Gloom"],"picked":"SKIP","floor":7},{"not_picked":["Coolheaded","Streamline"],"picked":"Ball Lightning","floor":8},{"not_picked":["Fission","Streamline","Tempest"],"picked":"SKIP","floor":11},{"not_picked":["Amplify","Thunder Strike"],"picked":"Buffer","floor":16},{"not_picked":["Redo","Chaos"],"picked":"Ball Lightning","floor":18},{"not_picked":["Capacitor","Cold Snap"],"picked":"Sweeping Beam+1","floor":20}],"player_experience":1135554,"relics_obtained":[{"floor":6,"key":"Blue Candle"},{"floor":8,"key":"Ginger"},{"floor":9,"key":"Ancient Tea Set"}],"event_choices":[{"damage_healed":0,"gold_gain":0,"player_choice":"Lose Max HP","damage_taken":0,"relics_obtained":["Golden Idol"],"max_hp_gain":0,"max_hp_loss":7,"event_name":"Golden Idol","floor":3,"gold_loss":0},{"damage_healed":0,"gold_gain":77,"player_choice":"Gained Gold","damage_taken":0,"max_hp_gain":0,"max_hp_loss":0,"event_name":"Golden Wing","floor":13,"gold_loss":0},{"damage_healed":0,"gold_gain":0,"player_choice":"Searched \u00271\u0027 times","damage_taken":0,"relics_obtained":["Bronze Scales"],"max_hp_gain":0,"max_hp_loss":0,"event_name":"Dead Adventurer","floor":14,"gold_loss":0},{"damage_healed":0,"gold_gain":90,"player_choice":"GOLD ","damage_taken":12,"max_hp_gain":0,"max_hp_loss":0,"event_name":"Knowing Skull","floor":19,"potions_obtained":[],"gold_loss":0,"cards_obtained":[]},{"damage_healed":0,"gold_gain":0,"player_choice":"Obtained Relic","damage_taken":0,"relics_obtained":["Tiny Chest"],"max_hp_gain":0,"max_hp_loss":0,"event_name":"Addict","floor":21,"gold_loss":85},{"damage_healed":0,"gold_gain":0,"player_choice":"Simplicity","damage_taken":0,"max_hp_gain":0,"max_hp_loss":0,"event_name":"Back to Basics","floor":22,"gold_loss":0,"cards_upgraded":["Defend_B","Defend_B","Defend_B","Defend_B"]}],"is_beta":false,"boss_relics":[{"not_picked":["Busted Crown","Runic Dome"],"picked":"Astrolabe"}],"items_purged_floors":[10],"is_endless":false,"potions_floor_spawned":[2,4,6],"killed_by":"Slavers","ascension_level":20}