{"gold_per_floor":[111,111,111,111,123,155,155,188,188,9,24,24,59,71,71,169,169,186,186,211,21,0],"floor_reached":22,"playtime":1373,"items_purged":["Regret"],"score":236,"play_id":"8df192a8-ebe5-41e0-b6b2-458dd20244df","local_time":"20190210110520","is_ascension_mode":true,"campfire_choices":[{"data":"Go for the Eyes","floor":7,"key":"SMITH"},{"floor":15,"key":"REST"}],"neow_cost":"NONE","seed_source_timestamp":2279296517883000,"circlet_count":0,"master_deck":["Dualcast","Conserve Battery","Compile Driver","Go for the Eyes+1","Storm","Coolheaded","Storm","Heatsinks","Capacitor","Defragment","Steam","Echo Form","Hologram","Melter","Echo Form","Amplify","Sweeping Beam","White Noise","All For One","Self Repair","Chaos","Meteor Strike","Auto Shields+1","Self Repair","Compile Driver","Heatsinks","Storm"],"relics":["Cracked Core","NeowsBlessing","Gambling Chip","The Courier","PreservedInsect","Cables","Emotion Chip","Nunchaku","Pandora\u0027s Box","Red Mask"],"potions_floor_usage":[8,13,13,14,16,20,20],"damage_taken":[{"damage":0,"enemies":"Jaw Worm","floor":1,"turns":1},{"damage":0,"enemies":"2 Louse","floor":5,"turns":1},{"damage":0,"enemies":"Gremlin Nob","floor":6,"turns":1},{"damage":19,"enemies":"3 Sentries","floor":8,"turns":5},{"damage":0,"enemies":"Cultist","floor":11,"turns":3},{"damage":7,"enemies":"Gremlin Nob","floor":13,"turns":3},{"damage":0,"enemies":"Exordium Thugs","floor":14,"turns":5},{"damage":19,"enemies":"Slime Boss","floor":16,"turns":7},{"damage":23,"enemies":"Shell Parasite","floor":18,"turns":4},{"damage":41,"enemies":"Masked Bandits","floor":20,"turns":5},{"damage":11,"enemies":"2 Thieves","floor":22,"turns":1}],"seed_played":"-4206888671107117039","potions_obtained":[{"floor":1,"key":"LiquidBronze"},{"floor":11,"key":"EntropicBrew"},{"floor":13,"key":"Energy Potion"},{"floor":16,"key":"Ancient Potion"}],"is_trial":false,"path_per_floor":["M","?","?","?","M","E","R","E","T","$","M","$","E","M","R","B",null,"M","?","?","$","M"],"character_chosen":"DEFECT","items_purchased":["Storm","Heatsinks","Self Repair","Compile Driver","Heatsinks","Storm"],"campfire_rested":1,"item_purchase_floors":[10,10,21,21,21,21],"current_hp_per_floor":[75,75,63,63,63,63,63,44,44,44,44,44,37,37,59,40,75,52,52,11,11,0],"gold":0,"neow_bonus":"THREE_ENEMY_KILL","is_prod":false,"is_daily":false,"chose_seed":false,"campfire_upgraded":1,"win_rate":0,"timestamp":1549821920,"path_taken":["M","?","?","?","M","E","R","E","T","$","?","?","E","M","R","BOSS","M","?","?","$","M"],"build_version":"2019-02-06","purchased_purges":1,"victory":false,"max_hp_per_floor":[75,75,75,75,75,75,75,75,75,75,75,75,75,75,75,75,75,75,75,75,75,75],"card_choices":[{"not_picked":["Aggregate","Stack"],"picked":"Conserve Battery","floor":1},{"not_picked":["Redo","Compile Driver"],"picked":"Go for the Eyes","floor":5},{"not_picked":["Darkness","Steam"],"picked":"Storm","floor":6},{"not_picked":["Undo","Stack"],"picked":"Coolheaded","floor":8},{"not_picked":["Steam","Barrage"],"picked":"Capacitor","floor":11},{"not_picked":["Scrape","Stack"],"picked":"Defragment","floor":13},{"not_picked":["Lockon","Reprogram"],"picked":"Steam","floor":14},{"not_picked":["Electrodynamics","Hyperbeam"],"picked":"Echo Form","floor":16},{"not_picked":["Coolheaded","Leap+1"],"picked":"Self Repair","floor":18},{"not_picked":["Coolheaded","Hologram"],"picked":"Auto Shields+1","floor":20}],"player_experience":476444,"relics_obtained":[{"floor":6,"key":"PreservedInsect"},{"floor":8,"key":"Cables"},{"floor":9,"key":"Emotion Chip"},{"floor":13,"key":"Nunchaku"},{"floor":20,"key":"Red Mask"}],"event_choices":[{"damage_healed":0,"gold_gain":0,"player_choice":"Box","damage_taken":0,"relics_obtained":["Gambling Chip"],"max_hp_gain":0,"max_hp_loss":0,"event_name":"Big Fish","floor":2,"gold_loss":0,"cards_obtained":["Regret"]},{"damage_healed":0,"gold_gain":0,"player_choice":"Success","damage_taken":12,"relics_obtained":["The Courier"],"max_hp_gain":0,"max_hp_loss":0,"event_name":"Scrap Ooze","floor":3,"gold_loss":0},{"damage_healed":0,"gold_gain":0,"player_choice":"1 cards matched","damage_taken":0,"max_hp_gain":0,"max_hp_loss":0,"event_name":"Match and Keep!","floor":4,"gold_loss":0,"cards_obtained":["Compile Driver"]},{"damage_healed":0,"gold_gain":0,"cards_transformed":["Zap","Rip and Tear"],"player_choice":"Became Test Subject","damage_taken":0,"max_hp_gain":0,"max_hp_loss":0,"event_name":"Drug Dealer","floor":19,"gold_loss":0,"cards_obtained":["Chaos","Meteor Strike"]},{"damage_healed":0,"gold_gain":0,"player_choice":"Fought Bandits","damage_taken":0,"max_hp_gain":0,"max_hp_loss":0,"event_name":"Masked Bandits","floor":20,"gold_loss":0}],"is_beta":true,"boss_relics":[{"not_picked":["Calling Bell","FrozenCore"],"picked":"Pandora\u0027s Box"}],"items_purged_floors":[10],"is_endless":false,"potions_floor_spawned":[1,11,13,16],"killed_by":"2 Thieves","ascension_level":1}