{"gold_per_floor":[112,124,139,214,214,241,241,254,281,308,308,308,338,62,62,134,134,148,148,73,123,143,143,157,157,157,186,197,197,197,227,227,304,304,322,332,111,111,211,242,242,192,262,274,287,317,328,343,343,343,343,343,343,15,15],"floor_reached":55,"playtime":7645,"items_purged":["Strike_B","Strike_B+1","Strike_B+1"],"score":1896,"play_id":"1a8ffb6a-47ea-4cf3-9a8e-59e1523fd576","local_time":"20190428010957","is_ascension_mode":true,"campfire_choices":[{"data":"Sweeping Beam","floor":7.0,"key":"SMITH"},{"floor":12.0,"key":"REST"},{"data":"Compile Driver","floor":15.0,"key":"SMITH"},{"data":"Coolheaded","floor":23.0,"key":"SMITH"},{"data":"Static Discharge","floor":25.0,"key":"SMITH"},{"floor":30.0,"key":"REST"},{"floor":32.0,"key":"REST"},{"floor":41,"key":"RECALL"},{"floor":49,"key":"REST"},{"floor":53,"key":"REST"}],"neow_cost":"NONE","seed_source_timestamp":0,"circlet_count":0,"master_deck":["AscendersBane","Defend_B+1","Defend_B+1","Defend_B+1","Defend_B+1","Zap+1","Dualcast","Compile Driver+1","Steam","Coolheaded+1","Sweeping Beam+1","Echo Form","Electrodynamics","Hologram","Reinforced Body","Static Discharge+1","Ball Lightning","Cold Snap","All For One","Hologram","Echo Form+1","Static Discharge+1","Loop+1","Capacitor+1","Sweeping Beam+1","All For One"],"special_seed":0,"relics":["Cracked Core","War Paint","Omamori","Centennial Puzzle","Smiling Mask","Vajra","Gremlin Horn","Blood Vial","Lee\u0027s Waffle","Snecko Eye","Strawberry","Frozen Egg 2","Bronze Scales","Shuriken","Fusion Hammer","Medical Kit","Thread and Needle","Pantograph","Bottled Tornado","DollysMirror"],"potions_floor_usage":[47,51,51,55],"damage_taken":[{"damage":0.0,"enemies":"Jaw Worm","floor":1.0,"turns":3.0},{"damage":1.0,"enemies":"2 Louse","floor":2.0,"turns":2.0},{"damage":5.0,"enemies":"Small Slimes","floor":3.0,"turns":3.0},{"damage":11.0,"enemies":"Lagavulin","floor":6.0,"turns":7.0},{"damage":2.0,"enemies":"Exordium Wildlife","floor":8.0,"turns":3.0},{"damage":35.0,"enemies":"Gremlin Nob","floor":13.0,"turns":4.0},{"damage":15.0,"enemies":"Slime Boss","floor":16.0,"turns":9.0},{"damage":34.0,"enemies":"3 Byrds","floor":18.0,"turns":3.0},{"damage":7.0,"enemies":"Spheric Guardian","floor":22.0,"turns":3.0},{"damage":3.0,"enemies":"Snecko","floor":24.0,"turns":9.0},{"damage":13.0,"enemies":"Slavers","floor":27.0,"turns":2.0},{"damage":11.0,"enemies":"Centurion and Healer","floor":28.0,"turns":5.0},{"damage":18.0,"enemies":"Book of Stabbing","floor":31.0,"turns":4.0},{"damage":48.0,"enemies":"Collector","floor":33.0,"turns":8.0},{"damage":0,"enemies":"Orb Walker","floor":35,"turns":3},{"damage":27,"enemies":"3 Darklings","floor":36,"turns":3},{"damage":0,"enemies":"Mind Bloom Boss Battle","floor":39,"turns":6},{"damage":5,"enemies":"Nemesis","floor":40,"turns":5},{"damage":0,"enemies":"Sphere and 2 Shapes","floor":44,"turns":2},{"damage":13,"enemies":"Writhing Mass","floor":45,"turns":7},{"damage":0,"enemies":"Reptomancer","floor":46,"turns":6},{"damage":5,"enemies":"4 Shapes","floor":47,"turns":2},{"damage":7,"enemies":"Sphere and 2 Shapes","floor":48,"turns":3},{"damage":46,"enemies":"Donu and Deca","floor":50,"turns":6},{"damage":21,"enemies":"Awakened One","floor":51,"turns":17},{"damage":81,"enemies":"Shield and Spear","floor":55,"turns":5}],"seed_played":"-5014779760278808332","potions_obtained":[{"floor":2.0,"key":"Regen Potion"},{"floor":3.0,"key":"Fire Potion"},{"floor":6.0,"key":"Explosive Potion"},{"floor":13.0,"key":"EntropicBrew"},{"floor":18.0,"key":"FearPotion"},{"floor":27.0,"key":"Ancient Potion"},{"floor":36,"key":"Fire Potion"},{"floor":40,"key":"Dexterity Potion"},{"floor":47,"key":"AttackPotion"},{"floor":48,"key":"EssenceOfSteel"}],"is_trial":false,"path_per_floor":["M","M","M","?","?","E","R","M","T","T","?","R","E","$","R","B",null,"M","?","?","?","M","R","M","R","T","E","M","?","R","E","R","B",null,"M","M","$","?","?","E","R","$","T","M","M","E","M","M","R","B","B",null,"R","$","E"],"character_chosen":"DEFECT","items_purchased":["Lee\u0027s Waffle","Medical Kit","Swift Potion","DollysMirror"],"campfire_rested":5,"item_purchase_floors":[14,37,54,54],"current_hp_per_floor":[64,63,58,47,29,33,33,31,31,31,31,52,17,78,78,63,74,42,49,49,49,44,44,43,43,43,32,23,23,48,32,57,11,67,69,44,44,44,46,43,43,43,43,45,34,36,33,28,52,33,39,71,81,81,0],"gold":15,"neow_bonus":"RANDOM_COMMON_RELIC","is_prod":false,"is_daily":false,"chose_seed":false,"campfire_upgraded":4,"win_rate":0,"timestamp":1556406597,"path_taken":["M","M","M","?","?","E","R","M","T","?","?","R","E","$","R","BOSS","M","?","?","?","M","R","M","R","T","E","M","?","R","E","R","BOSS","M","M","$","?","?","E","R","$","T","M","M","E","M","M","R","BOSS","BOSS","R","$","E"],"build_version":"2019-01-23","purchased_purges":3,"victory":false,"max_hp_per_floor":[71,71,71,71,71,71,71,71,71,71,71,71,71,78,78,78,78,78,85,85,85,85,85,85,85,85,85,85,85,85,85,85,85,85,85,85,85,81,81,81,81,81,81,81,81,81,81,81,81,81,81,81,81,81,81],"card_choices":[{"not_picked":["Rebound","Coolheaded"],"picked":"Compile Driver","floor":1.0},{"not_picked":["Heatsinks","Turbo"],"picked":"Steam","floor":2.0},{"not_picked":["Double Energy","Storm"],"picked":"Coolheaded","floor":3.0},{"not_picked":["Steam","Cold Snap"],"picked":"Sweeping Beam","floor":6.0},{"not_picked":["Tempest","Blizzard","Steam"],"picked":"SKIP","floor":8.0},{"not_picked":["BootSequence","Streamline"],"picked":"Echo Form","floor":13.0},{"not_picked":["Amplify","Multi-Cast"],"picked":"Electrodynamics","floor":16.0},{"not_picked":["Conserve Battery","Ball Lightning"],"picked":"Hologram","floor":18.0},{"not_picked":["Cold Snap","Hologram"],"picked":"Reinforced Body","floor":22.0},{"not_picked":["Storm","Hologram"],"picked":"Static Discharge","floor":24.0},{"not_picked":["Compile Driver+1","Hello World+1"],"picked":"Ball Lightning","floor":27.0},{"not_picked":["Steam","Double Energy","Redo"],"picked":"SKIP","floor":28.0},{"not_picked":["Streamline+1","Redo"],"picked":"Cold Snap","floor":31.0},{"not_picked":["Rainbow","Amplify"],"picked":"All For One","floor":33.0},{"not_picked":["Chaos","Go for the Eyes"],"picked":"Hologram","floor":35},{"not_picked":["Static Discharge+1","Recycle","Reprogram"],"picked":"SKIP","floor":36},{"not_picked":["Beam Cell","Static Discharge+1"],"picked":"Echo Form+1","floor":39},{"not_picked":["Leap","Steam","Stack+1"],"picked":"SKIP","floor":40},{"not_picked":["Darkness+1","Storm+1","Consume"],"picked":"SKIP","floor":44},{"not_picked":["Streamline","BootSequence+1"],"picked":"Static Discharge+1","floor":45},{"not_picked":["Tempest+1","Auto Shields"],"picked":"Loop+1","floor":46},{"not_picked":["Leap+1","Redo+1"],"picked":"Capacitor+1","floor":47},{"not_picked":["Ball Lightning","Loop+1"],"picked":"Sweeping Beam+1","floor":48}],"player_experience":851401,"relics_obtained":[{"floor":6.0,"key":"Centennial Puzzle"},{"floor":9.0,"key":"Smiling Mask"},{"floor":10.0,"key":"Vajra"},{"floor":13.0,"key":"Blood Vial"},{"floor":26.0,"key":"Frozen Egg 2"},{"floor":27.0,"key":"Bronze Scales"},{"floor":31.0,"key":"Shuriken"},{"floor":39,"key":"Thread and Needle"},{"floor":40,"key":"Pantograph"},{"floor":46,"key":"Bottled Tornado"}],"event_choices":[{"damage_healed":0.0,"max_hp_gain":0.0,"max_hp_loss":0.0,"gold_gain":75.0,"event_name":"World of Goop","player_choice":"Gather Gold","floor":4.0,"gold_loss":0.0,"damage_taken":11.0},{"damage_healed":0.0,"max_hp_gain":0.0,"max_hp_loss":0.0,"gold_gain":0.0,"event_name":"Scrap Ooze","player_choice":"Success","floor":5.0,"gold_loss":0.0,"damage_taken":18.0,"relics_obtained":["Omamori"]},{"damage_healed":0.0,"max_hp_gain":0.0,"max_hp_loss":0.0,"gold_gain":0.0,"event_name":"Big Fish","player_choice":"Box","floor":11.0,"gold_loss":0.0,"damage_taken":0.0,"relics_obtained":["Gremlin Horn"],"cards_obtained":["Regret"]},{"damage_healed":0.0,"max_hp_gain":0.0,"max_hp_loss":0.0,"gold_gain":0.0,"event_name":"Addict","player_choice":"Stole Relic","floor":19.0,"gold_loss":0.0,"damage_taken":0.0,"relics_obtained":["Strawberry"],"cards_obtained":["Shame"]},{"cards_removed":["Strike_B"],"damage_healed":0.0,"max_hp_gain":0.0,"max_hp_loss":0.0,"gold_gain":0.0,"event_name":"Beggar","player_choice":"Gave Gold","floor":20.0,"gold_loss":75.0,"damage_taken":0.0},{"damage_healed":0.0,"max_hp_gain":0.0,"max_hp_loss":0.0,"gold_gain":50.0,"event_name":"Nest","player_choice":"Stole From Cult","floor":21.0,"gold_loss":0.0,"damage_taken":0.0},{"damage_healed":0.0,"max_hp_gain":0.0,"max_hp_loss":0.0,"gold_gain":0.0,"event_name":"Back to Basics","player_choice":"Simplicity","floor":29.0,"gold_loss":0.0,"damage_taken":0.0,"cards_upgraded":["Strike_B","Strike_B","Defend_B","Defend_B","Defend_B"]},{"damage_healed":0,"gold_gain":0,"player_choice":"Max HP","damage_taken":0,"max_hp_gain":0,"max_hp_loss":4,"event_name":"Winding Halls","floor":38,"gold_loss":0},{"damage_healed":0,"gold_gain":0,"player_choice":"Fight","damage_taken":0,"max_hp_gain":0,"max_hp_loss":0,"event_name":"MindBloom","floor":39,"gold_loss":0}],"is_beta":false,"boss_relics":[{"not_picked":["Runic Dome","Calling Bell"],"picked":"Snecko Eye"},{"not_picked":["Tiny House","Inserter"],"picked":"Fusion Hammer"}],"items_purged_floors":[14,42,54],"is_endless":false,"potions_floor_spawned":[2,3,6,13,18,27,28,36,40,45,47,48],"killed_by":"Shield and Spear","ascension_level":20}