{"path_per_floor":["M","?","$","M","M","R","?","M","T","M","?","R","M","M","R","B",null,"M","?","$","?"],"character_chosen":"THE_SILENT","items_purchased":["Envenom"],"gold_per_floor":[119,119,44,69,92,92,92,107,107,125,75,75,100,121,121,244,244,217,217,65,65,65],"floor_reached":22,"campfire_rested":3,"playtime":1320,"item_purchase_floors":[20],"current_hp_per_floor":[70,53,53,42,38,59,52,10,10,9,9,30,30,27,48,44,70,30,30,30,30,0],"items_purged":["Strike_G"],"gold":65,"score":201,"play_id":"784a5c63-c51d-4d0b-837a-22f2d0a6a991","local_time":"20180530222444","is_prod":false,"is_daily":false,"chose_seed":false,"is_ascension_mode":true,"campfire_upgraded":0,"win_rate":0,"timestamp":1527744284,"campfire_choices":[{"floor":6,"key":"REST"},{"floor":12,"key":"REST"},{"floor":15,"key":"REST"}],"path_taken":["M","?","?","?","M","R","?","?","T","M","?","R","M","M","R","BOSS","M","?","$","?","?"],"build_version":"2018-05-24","seed_source_timestamp":278852589867729,"purchased_purges":1,"victory":false,"master_deck":["Defend_G","Defend_G","Defend_G","Defend_G","Strike_G","Strike_G","Strike_G","Survivor","Neutralize","Acrobatics","Deadly Poison","Terror","Die Die Die","Well Laid Plans","Deadly Poison","Tactician","Injury","Clumsy","Infinite Blades","Envenom"],"max_hp_per_floor":[70,70,70,70,70,70,70,70,70,70,70,70,70,70,70,70,70,70,70,70,70,70],"relics":["Ring of the Snake","Golden Idol","Lantern","Calling Bell","Omamori","Centennial Puzzle","Gambling Chip","Spirit Poop","Darkstone Periapt"],"card_choices":[{"not_picked":["Slice","Reflex"],"picked":"Acrobatics","floor":1},{"not_picked":["Poisoned Stab","Dagger Spray"],"picked":"Deadly Poison","floor":4},{"not_picked":["Underhanded Strike","Dodge and Roll"],"picked":"Terror","floor":5},{"not_picked":["Malaise","Quick Slash"],"picked":"Die Die Die","floor":8},{"not_picked":["PiercingWail","All Out Attack"],"picked":"Well Laid Plans","floor":10},{"not_picked":["Deflect","Sucker Punch"],"picked":"Deadly Poison","floor":13},{"not_picked":["Cloak And Dagger","Underhanded Strike","Sucker Punch"],"picked":"SKIP","floor":14},{"not_picked":["Doppelganger","Phantasmal Killer"],"picked":"Tactician","floor":16},{"not_picked":["Outmaneuver","PiercingWail"],"picked":"Infinite Blades","floor":18}],"player_experience":450841,"potions_floor_usage":[16,16,16],"damage_taken":[{"damage":0,"enemies":"Small Slimes","floor":1,"turns":4},{"damage":11,"enemies":"Jaw Worm","floor":4,"turns":6},{"damage":4,"enemies":"Cultist","floor":5,"turns":4},{"damage":42,"enemies":"Exordium Thugs","floor":8,"turns":6},{"damage":1,"enemies":"3 Louse","floor":10,"turns":3},{"damage":0,"enemies":"2 Fungi Beasts","floor":13,"turns":3},{"damage":3,"enemies":"Red Slaver","floor":14,"turns":4},{"damage":4,"enemies":"Hexaghost","floor":16,"turns":8},{"damage":40,"enemies":"2 Thieves","floor":18,"turns":5},{"damage":30,"enemies":"3 Byrds","floor":22,"turns":4}],"relics_obtained":[{"floor":9,"key":"Lantern"},{"floor":17,"key":"Omamori"},{"floor":17,"key":"Centennial Puzzle"},{"floor":17,"key":"Gambling Chip"}],"event_choices":[{"event_name":"Golden Idol","player_choice":"Take Damage","floor":2,"damage_taken":0},{"event_name":"Golden Wing","player_choice":"Card Removal","floor":7,"damage_taken":0},{"event_name":"The Cleric","player_choice":"Card Removal","floor":11,"damage_taken":0},{"event_name":"Bonfire Elementals","player_choice":"CURSE","floor":19,"damage_taken":0},{"event_name":"The Mausoleum","player_choice":"Yes","floor":21,"damage_taken":0}],"boss_relics":[{"not_picked":["Philosopher\u0027s Stone","Orrery"],"picked":"Calling Bell"}],"items_purged_floors":[3],"potions_floor_spawned":[10,13,14],"seed_played":"5666684780775540707","killed_by":"3 Byrds","ascension_level":3,"potions_obtained":[{"floor":10,"key":"Weak Potion"},{"floor":13,"key":"Dexterity Potion"},{"floor":14,"key":"PowerPotion"}],"is_trial":false}