{"gold_per_floor":[119,119,194,369,369,399,399,417,442,442,455,182,182,201,201,300,300,312,17,117,127,139,139,139,166,220,235,235,235,160,160,160,255,255,269,20,37,37,55,55,90,90,90,122,19,19,30,44,44,44,44,44,44,44],"floor_reached":54,"playtime":2505,"items_purged":["Doubt"],"score":736,"play_id":"8f01697f-89fa-47c1-8c47-b44511d2253f","local_time":"20190324033028","is_ascension_mode":false,"campfire_choices":[{"data":"Flame Barrier","floor":7,"key":"SMITH"},{"data":"Iron Wave","floor":10,"key":"SMITH"},{"data":"Corruption","floor":13,"key":"SMITH"},{"data":"Feel No Pain","floor":15,"key":"SMITH"},{"data":"Bludgeon","floor":23,"key":"SMITH"},{"data":"Whirlwind","floor":28,"key":"SMITH"},{"data":"Demon Form","floor":32,"key":"SMITH"},{"data":"True Grit","floor":40,"key":"SMITH"},{"data":"Demon Form","floor":42,"key":"SMITH"},{"data":"Evolve","floor":46,"key":"SMITH"},{"floor":49,"key":"RECALL"},{"data":"Havoc","floor":52,"key":"SMITH"}],"neow_cost":"NONE","seed_source_timestamp":34234137868852,"circlet_count":0,"master_deck":["Defend_R","Defend_R","Defend_R+1","Defend_R","Bash+1","Iron Wave+1","Feel No Pain+1","Flame Barrier+1","Iron Wave+1","Spot Weakness","Havoc+1","Corruption+1","Spot Weakness","Shrug It Off","Bludgeon+1","Clothesline+1","Limit Break+1","Clothesline+1","Demon Form+1","Whirlwind+1","Demon Form+1","Warcry+1","Headbutt","Twin Strike+1","True Grit+1","Shrug It Off","Evolve+1","Armaments+1","Anger+1"],"relics":["Burning Blood","Bag of Marbles","Orichalcum","Empty Cage","Art of War","Magic Flower","Gremlin Horn","Meat on the Bone","Bronze Scales","Busted Crown","Sling","Regal Pillow","Ornamental Fan","Torii"],"potions_floor_usage":[16,20,25,44,44,48,50],"damage_taken":[{"damage":6,"enemies":"Small Slimes","floor":1,"turns":4},{"damage":38,"enemies":"Lagavulin","floor":6,"turns":10},{"damage":0,"enemies":"2 Louse","floor":8,"turns":3},{"damage":0,"enemies":"Cultist","floor":11,"turns":3},{"damage":0,"enemies":"Blue Slaver","floor":14,"turns":3},{"damage":30,"enemies":"The Guardian","floor":16,"turns":12},{"damage":12,"enemies":"2 Thieves","floor":18,"turns":5},{"damage":23,"enemies":"Colosseum Slavers","floor":20,"turns":5},{"damage":22,"enemies":"Colosseum Nobs","floor":20,"turns":8},{"damage":12,"enemies":"Chosen","floor":21,"turns":6},{"damage":14,"enemies":"Snake Plant","floor":22,"turns":4},{"damage":28,"enemies":"Slavers","floor":25,"turns":7},{"damage":6,"enemies":"Snecko","floor":27,"turns":5},{"damage":28,"enemies":"Champ","floor":33,"turns":8},{"damage":24,"enemies":"3 Darklings","floor":35,"turns":3},{"damage":3,"enemies":"Orb Walker","floor":37,"turns":2},{"damage":23,"enemies":"Sphere and 2 Shapes","floor":39,"turns":5},{"damage":20,"enemies":"Reptomancer","floor":41,"turns":6},{"damage":58,"enemies":"Nemesis","floor":44,"turns":7},{"damage":0,"enemies":"4 Shapes","floor":47,"turns":6},{"damage":21,"enemies":"Spire Growth","floor":48,"turns":4},{"damage":35,"enemies":"Time Eater","floor":50,"turns":9},{"damage":96,"enemies":"Shield and Spear","floor":54,"turns":6}],"seed_played":"47702873573857618","potions_obtained":[{"floor":11,"key":"SteroidPotion"},{"floor":16,"key":"Regen Potion"},{"floor":20,"key":"Energy Potion"},{"floor":25,"key":"BloodPotion"},{"floor":27,"key":"SteroidPotion"},{"floor":39,"key":"BloodPotion"},{"floor":44,"key":"SpeedPotion"},{"floor":47,"key":"Ancient Potion"}],"is_trial":false,"path_per_floor":["M","?","?","?","?","E","R","M","T","R","M","$","R","M","R","B",null,"M","$","?","M","M","R","?","E","T","M","R","?","?","T","R","B",null,"M","$","M","?","M","R","E","R","T","E","$","R","M","M","R","B",null,"R","$","E"],"character_chosen":"IRONCLAD","items_purchased":["Havoc","Corruption","Spot Weakness","Limit Break","Art of War","Sling","Headbutt","Shrug It Off","Evolve"],"campfire_rested":0,"item_purchase_floors":[12,12,12,19,19,36,36,45,45],"current_hp_per_floor":[80,64,53,53,53,21,21,27,27,27,33,33,33,39,39,15,80,74,74,56,53,48,48,48,29,29,50,50,50,50,50,50,49,80,65,65,71,71,57,57,64,64,64,57,57,57,66,54,54,46,80,80,80,0],"gold":44,"neow_bonus":"UPGRADE_CARD","is_prod":false,"is_daily":false,"chose_seed":false,"campfire_upgraded":11,"win_rate":0,"timestamp":1553409028,"path_taken":["M","?","?","?","?","E","R","M","T","R","M","$","R","M","R","BOSS","M","$","?","M","M","R","?","E","T","?","R","?","?","?","R","BOSS","M","$","M","?","M","R","E","R","T","E","$","R","M","M","R","BOSS","R","$","E"],"build_version":"2019-01-23","purchased_purges":1,"victory":false,"max_hp_per_floor":[80,80,80,80,80,80,80,80,80,80,80,80,80,80,80,80,80,80,80,80,80,80,80,80,80,80,80,80,80,80,80,80,80,80,80,80,80,80,80,80,80,80,80,80,80,80,80,80,80,80,80,80,80,80],"card_choices":[{"not_picked":["Thunderclap","Metallicize"],"picked":"Iron Wave","floor":1},{"not_picked":["Clothesline","Immolate"],"picked":"Flame Barrier","floor":6},{"not_picked":["Anger","Shrug It Off"],"picked":"Iron Wave","floor":8},{"not_picked":["Twin Strike","Seeing Red"],"picked":"Spot Weakness","floor":11},{"not_picked":["Clash","Cleave"],"picked":"Shrug It Off","floor":14},{"not_picked":["Feed","Fiend Fire"],"picked":"Bludgeon","floor":16},{"not_picked":["Power Through","Sever Soul"],"picked":"Clothesline+1","floor":18},{"not_picked":["Dual Wield","Wild Strike"],"picked":"Clothesline+1","floor":21},{"not_picked":["Armaments","True Grit","Iron Wave"],"picked":"SKIP","floor":22},{"not_picked":["Evolve","Infernal Blade"],"picked":"Demon Form","floor":25},{"not_picked":["Bloodletting+1","Clash"],"picked":"Whirlwind","floor":27},{"not_picked":["Dark Embrace","Bludgeon"],"picked":"Demon Form","floor":33},{"not_picked":[],"picked":"Warcry+1","floor":35},{"not_picked":[],"picked":"Twin Strike+1","floor":37},{"not_picked":["Fire Breathing+1"],"picked":"SKIP","floor":39},{"not_picked":["Clash"],"picked":"SKIP","floor":41},{"not_picked":["Reckless Charge+1"],"picked":"SKIP","floor":44},{"not_picked":[],"picked":"Armaments+1","floor":47},{"not_picked":[],"picked":"Anger+1","floor":48}],"player_experience":363213,"relics_obtained":[{"floor":6,"key":"Bag of Marbles"},{"floor":9,"key":"Orichalcum"},{"floor":20,"key":"Magic Flower"},{"floor":20,"key":"Gremlin Horn"},{"floor":25,"key":"Meat on the Bone"},{"floor":26,"key":"Bronze Scales"},{"floor":41,"key":"Regal Pillow"},{"floor":43,"key":"Ornamental Fan"},{"floor":44,"key":"Torii"}],"event_choices":[{"damage_healed":0,"gold_gain":0,"player_choice":"Entered Light","damage_taken":16,"max_hp_gain":0,"max_hp_loss":0,"event_name":"Shining Light","floor":2,"gold_loss":0,"cards_upgraded":["Iron Wave","Defend_R"]},{"damage_healed":0,"gold_gain":75,"player_choice":"Gather Gold","damage_taken":11,"max_hp_gain":0,"max_hp_loss":0,"event_name":"World of Goop","floor":3,"gold_loss":0},{"damage_healed":0,"gold_gain":175,"player_choice":"AGREE","damage_taken":0,"max_hp_gain":0,"max_hp_loss":0,"event_name":"Liars Game","floor":4,"gold_loss":0,"cards_obtained":["Doubt"]},{"damage_healed":0,"gold_gain":0,"cards_transformed":["Strike_R"],"player_choice":"Transformed","damage_taken":0,"max_hp_gain":0,"max_hp_loss":0,"event_name":"Transmorgrifier","floor":5,"gold_loss":0,"cards_obtained":["Feel No Pain"]},{"damage_healed":0,"gold_gain":0,"player_choice":"Fight","damage_taken":0,"max_hp_gain":0,"max_hp_loss":0,"event_name":"Colosseum","floor":20,"gold_loss":0},{"damage_healed":0,"gold_gain":0,"player_choice":"Fought Nobs","damage_taken":0,"max_hp_gain":0,"max_hp_loss":0,"event_name":"Colosseum","floor":20,"gold_loss":0},{"damage_healed":0,"gold_gain":0,"player_choice":"Upgraded","damage_taken":0,"max_hp_gain":0,"max_hp_loss":0,"event_name":"Upgrade Shrine","floor":24,"gold_loss":0,"cards_upgraded":["Limit Break"]},{"damage_healed":0,"gold_gain":0,"player_choice":"Ignored","damage_taken":0,"max_hp_gain":0,"max_hp_loss":0,"event_name":"The Mausoleum","floor":29,"gold_loss":0},{"cards_removed":["Strike_R"],"damage_healed":0,"gold_gain":0,"player_choice":"Gave Gold","damage_taken":0,"max_hp_gain":0,"max_hp_loss":0,"event_name":"Beggar","floor":30,"gold_loss":75},{"damage_healed":0,"gold_gain":0,"cards_transformed":["Strike_R"],"player_choice":"Transformed","damage_taken":0,"max_hp_gain":0,"max_hp_loss":0,"event_name":"Transmorgrifier","floor":38,"gold_loss":0,"cards_obtained":["True Grit"]}],"is_beta":false,"boss_relics":[{"not_picked":["Runic Cube","Velvet Choker"],"picked":"Empty Cage"},{"not_picked":["Mark of Pain","Astrolabe"],"picked":"Busted Crown"}],"items_purged_floors":[12],"is_endless":false,"potions_floor_spawned":[11,16,20,25,27,39,44,47],"killed_by":"Shield and Spear","ascension_level":0}