{"gold_per_floor":[114,64,81,81,96,129,129,159,159,173,191,219,1,1,1,76,76,90,90,90,10,10,10,38,38,38,58,5,18,18,34,34,34],"floor_reached":33,"playtime":2515,"items_purged":["Strike_R"],"score":467,"play_id":"932b6b72-3e23-47c7-8d78-002ea076c576","local_time":"20190403165219","is_ascension_mode":true,"campfire_choices":[{"data":"Bash","floor":7,"key":"SMITH"},{"floor":15,"key":"REST"},{"floor":23,"key":"REST"},{"data":"True Grit","floor":25,"key":"SMITH"},{"floor":32,"key":"REST"}],"neow_cost":"NONE","seed_source_timestamp":3412042892751,"circlet_count":0,"master_deck":["AscendersBane","Strike_R","Strike_R","Defend_R","Defend_R+1","Defend_R","Defend_R","Bash+1","Clothesline","Cleave+1","Shockwave","Anger","Carnage","Disarm","Armaments","Impervious","Inflame","True Grit+1","True Grit+1","Flame Barrier","Shrug It Off"],"relics":["Black Blood","Torii","Bottled Flame","Question Card","Charon\u0027s Ashes","Nilry\u0027s Codex","Gremlin Horn","Darkstone Periapt","Bag of Preparation","Shuriken"],"potions_floor_usage":[8,16,33,33],"damage_taken":[{"damage":3,"enemies":"2 Louse","floor":1,"turns":3},{"damage":4,"enemies":"Small Slimes","floor":3,"turns":4},{"damage":0,"enemies":"Cultist","floor":5,"turns":3},{"damage":30,"enemies":"Gremlin Nob","floor":6,"turns":5},{"damage":14,"enemies":"3 Sentries","floor":8,"turns":7},{"damage":12,"enemies":"Exordium Wildlife","floor":10,"turns":3},{"damage":2,"enemies":"2 Fungi Beasts","floor":11,"turns":4},{"damage":30,"enemies":"Lagavulin","floor":12,"turns":5},{"damage":29,"enemies":"Slime Boss","floor":16,"turns":8},{"damage":2,"enemies":"Chosen","floor":18,"turns":3},{"damage":38,"enemies":"Book of Stabbing","floor":24,"turns":8},{"damage":13,"enemies":"3 Byrds","floor":27,"turns":4},{"damage":30,"enemies":"Snecko","floor":29,"turns":6},{"damage":2,"enemies":"Cultist and Chosen","floor":31,"turns":7},{"damage":62,"enemies":"Collector","floor":33,"turns":9}],"seed_played":"2358352106797436674","potions_obtained":[{"floor":3,"key":"Energy Potion"},{"floor":5,"key":"SmokeBomb"},{"floor":10,"key":"Ancient Potion"},{"floor":16,"key":"Weak Potion"},{"floor":18,"key":"Dexterity Potion"}],"is_trial":false,"path_per_floor":["M","?","M","?","M","E","R","E","T","M","M","E","$","?","R","B",null,"M","?","?","$","T","R","E","R","T","M","?","M","$","M","R","B"],"character_chosen":"IRONCLAD","items_purchased":["Disarm","Armaments","Block Potion","Inflame"],"campfire_rested":3,"item_purchase_floors":[13,13,13,21],"current_hp_per_floor":[83,83,85,85,88,64,64,56,56,50,54,30,30,12,38,15,70,78,61,45,45,45,72,44,44,44,41,41,21,21,29,56,0],"gold":34,"neow_bonus":"TEN_PERCENT_HP_BONUS","is_prod":false,"is_daily":false,"chose_seed":false,"campfire_upgraded":2,"win_rate":0,"timestamp":1554321139,"path_taken":["M","?","M","?","M","E","R","E","T","?","M","E","$","?","R","BOSS","M","?","?","$","?","R","E","R","T","?","?","?","?","M","R","BOSS"],"build_version":"2019-01-23","purchased_purges":1,"victory":false,"max_hp_per_floor":[88,88,88,88,88,88,88,88,88,88,88,88,88,88,88,88,88,88,93,93,93,93,93,93,93,93,93,93,93,93,93,93,93],"card_choices":[{"not_picked":["Shrug It Off","Evolve"],"picked":"Clothesline","floor":1},{"not_picked":["Perfected Strike","Thunderclap","Sentinel"],"picked":"SKIP","floor":3},{"not_picked":["Power Through","Sword Boomerang"],"picked":"Cleave","floor":5},{"not_picked":["Havoc","Searing Blow","Thunderclap"],"picked":"SKIP","floor":6},{"not_picked":["Thunderclap","Limit Break"],"picked":"Shockwave","floor":8},{"not_picked":["Clash","Combust","Battle Trance"],"picked":"Anger","floor":10},{"not_picked":["Iron Wave","Warcry","Reckless Charge"],"picked":"Carnage","floor":11},{"not_picked":["Searing Blow","Cleave","Juggernaut","Clash"],"picked":"SKIP","floor":12},{"not_picked":["Double Tap","Feed","Brutality"],"picked":"Impervious","floor":16},{"not_picked":["Cleave","Armaments","Perfected Strike+1","Clothesline"],"picked":"SKIP","floor":18},{"not_picked":["Clothesline","Shockwave","Barricade"],"picked":"True Grit","floor":24},{"not_picked":["Second Wind+1","Dual Wield","Havoc"],"picked":"True Grit+1","floor":27},{"not_picked":["Wild Strike","Bloodletting","Cleave"],"picked":"Flame Barrier","floor":29},{"not_picked":["Reckless Charge","Flex","Sever Soul"],"picked":"Shrug It Off","floor":31}],"player_experience":485579,"relics_obtained":[{"floor":6,"key":"Torii"},{"floor":8,"key":"Bottled Flame"},{"floor":9,"key":"Question Card"},{"floor":12,"key":"Charon\u0027s Ashes"},{"floor":20,"key":"Nilry\u0027s Codex"},{"floor":22,"key":"Gremlin Horn"},{"floor":24,"key":"Darkstone Periapt"},{"floor":26,"key":"Bag of Preparation"}],"event_choices":[{"cards_removed":["Strike_R"],"damage_healed":0,"gold_gain":0,"player_choice":"Card Removal","damage_taken":0,"max_hp_gain":0,"max_hp_loss":0,"event_name":"The Cleric","floor":2,"gold_loss":50},{"cards_removed":["Strike_R"],"damage_healed":0,"gold_gain":0,"player_choice":"Purged","damage_taken":0,"max_hp_gain":0,"max_hp_loss":0,"event_name":"Purifier","floor":4,"gold_loss":0},{"damage_healed":0,"gold_gain":0,"player_choice":"Entered Light","damage_taken":18,"max_hp_gain":0,"max_hp_loss":0,"event_name":"Shining Light","floor":14,"gold_loss":0,"cards_upgraded":["Defend_R","Cleave"]},{"damage_healed":0,"gold_gain":0,"player_choice":"Shed Blood","damage_taken":22,"max_hp_gain":5,"max_hp_loss":0,"event_name":"Forgotten Altar","floor":19,"gold_loss":0},{"damage_healed":0,"gold_gain":0,"player_choice":"Obtained Book","damage_taken":16,"max_hp_gain":0,"max_hp_loss":0,"event_name":"Cursed Tome","floor":20,"gold_loss":0},{"damage_healed":0,"gold_gain":0,"player_choice":"Paid Gold","damage_taken":0,"relics_obtained":["Shuriken"],"max_hp_gain":0,"max_hp_loss":0,"event_name":"WeMeetAgain","floor":28,"gold_loss":53}],"is_beta":false,"boss_relics":[{"not_picked":["Coffee Dripper","White Beast Statue"],"picked":"Black Blood"}],"items_purged_floors":[13],"is_endless":false,"potions_floor_spawned":[3,5,10,11,16,18,27,29],"killed_by":"Collector","ascension_level":13}