{"gold_per_floor":[118,5,20,35,46,46,79,79,79,114,114,189,189,56,56,56],"floor_reached":16,"playtime":431,"items_purged":[],"score":200,"play_id":"c9d57688-7abc-4680-9225-021b41162963","local_time":"20190423215255","is_ascension_mode":true,"campfire_choices":[{"data":"Carnage","floor":6,"key":"SMITH"},{"data":"Sword Boomerang","floor":8,"key":"SMITH"},{"data":"Cleave","floor":11,"key":"SMITH"},{"data":"Immolate","floor":15,"key":"SMITH"}],"neow_cost":"NONE","seed_source_timestamp":23768902208880,"circlet_count":0,"master_deck":["AscendersBane","Strike_R","Strike_R","Strike_R","Strike_R","Strike_R","Defend_R","Defend_R","Defend_R","Defend_R","Bash+1","Sword Boomerang+1","Carnage+1","Cleave+1","Immolate+1","Armaments+1"],"relics":["Burning Blood","PreservedInsect","Toxic Egg 2","Bird Faced Urn","Golden Idol"],"potions_floor_usage":[16],"damage_taken":[{"damage":3,"enemies":"2 Louse","floor":1,"turns":3},{"damage":7,"enemies":"Small Slimes","floor":3,"turns":3},{"damage":7,"enemies":"Jaw Worm","floor":4,"turns":3},{"damage":6,"enemies":"2 Fungi Beasts","floor":5,"turns":3},{"damage":30,"enemies":"Lagavulin","floor":7,"turns":5},{"damage":15,"enemies":"3 Sentries","floor":10,"turns":6},{"damage":34,"enemies":"Slime Boss","floor":16,"turns":6}],"seed_played":"6428993943348864941","potions_obtained":[{"floor":7,"key":"Dexterity Potion"}],"is_trial":false,"path_per_floor":["M","$","M","M","M","R","E","R","T","E","R","?","?","$","R","B"],"character_chosen":"IRONCLAD","items_purchased":["Sword Boomerang","Explosive Potion","Immolate","Armaments+1"],"campfire_rested":0,"item_purchase_floors":[2,2,14,14],"current_hp_per_floor":[71,71,70,69,69,69,45,45,45,36,36,25,25,25,25,0],"gold":56,"neow_bonus":"UPGRADE_CARD","is_prod":false,"is_daily":false,"chose_seed":false,"campfire_upgraded":4,"win_rate":0,"timestamp":1556067175,"path_taken":["M","$","M","M","M","R","E","R","T","E","R","?","?","?","R","BOSS"],"build_version":"2019-01-23","purchased_purges":0,"victory":false,"max_hp_per_floor":[75,75,75,75,75,75,75,75,75,75,75,75,68,68,68,68],"card_choices":[{"not_picked":["Warcry","Flex","Ghostly Armor"],"picked":"SKIP","floor":1},{"not_picked":["Clothesline","Sentinel"],"picked":"Carnage","floor":3},{"not_picked":["Pommel Strike","Heavy Blade","Dropkick"],"picked":"SKIP","floor":4},{"not_picked":["Infernal Blade","Body Slam"],"picked":"Cleave","floor":5},{"not_picked":["Evolve","Warcry","Juggernaut"],"picked":"SKIP","floor":7},{"not_picked":["Pommel Strike","Warcry+1","Dropkick"],"picked":"SKIP","floor":10}],"player_experience":740958,"relics_obtained":[{"floor":7,"key":"PreservedInsect"},{"floor":9,"key":"Toxic Egg 2"},{"floor":10,"key":"Bird Faced Urn"}],"event_choices":[{"damage_healed":0,"gold_gain":75,"player_choice":"Gather Gold","damage_taken":11,"max_hp_gain":0,"max_hp_loss":0,"event_name":"World of Goop","floor":12,"gold_loss":0},{"damage_healed":0,"gold_gain":0,"player_choice":"Lose Max HP","damage_taken":0,"relics_obtained":["Golden Idol"],"max_hp_gain":0,"max_hp_loss":7,"event_name":"Golden Idol","floor":13,"gold_loss":0}],"is_beta":false,"boss_relics":[],"items_purged_floors":[],"is_endless":false,"potions_floor_spawned":[7,10],"killed_by":"Slime Boss","ascension_level":17}