{"gold_per_floor":[116,116,127,5,19,51,51,69,69,84,84,101,131,142,142,214,214,228,228,143,143,155,184,134,162,186,186,205,205,55,68,68,68],"floor_reached":33,"playtime":1352,"items_purged":["Pain","Strike_R"],"score":520,"play_id":"9232f17d-deff-48b6-835f-7b54d1de4935","local_time":"20181129135139","is_ascension_mode":true,"campfire_choices":[{"data":"True Grit","floor":7,"key":"SMITH"},{"data":"Havoc","floor":11,"key":"SMITH"},{"data":"Warcry","floor":15,"key":"SMITH"},{"floor":27,"key":"REST"},{"data":"Uppercut","floor":29,"key":"SMITH"},{"floor":32,"key":"REST"}],"neow_cost":"NONE","seed_source_timestamp":269186210579296,"circlet_count":0,"master_deck":["AscendersBane","Strike_R","Strike_R","Strike_R","Strike_R","Defend_R","Defend_R","Defend_R","Defend_R","Bash","Spot Weakness","Heavy Blade","Twin Strike","Havoc+1","True Grit+1","Warcry+1","Rage+1","Flame Barrier+1","Uppercut+1","Flame Barrier+1","Blood for Blood+1","Shrug It Off+1"],"relics":["Burning Blood","NeowsBlessing","WarpedTongs","Omamori","Toxic Egg 2","Magic Flower","Snecko Eye","Happy Flower","Ancient Tea Set","Singing Bowl","Potion Belt"],"potions_floor_usage":[6,10,13,16,22,23,33],"damage_taken":[{"damage":0,"enemies":"Jaw Worm","floor":1,"turns":1},{"damage":0,"enemies":"Cultist","floor":3,"turns":1},{"damage":0,"enemies":"2 Louse","floor":5,"turns":1},{"damage":29,"enemies":"3 Sentries","floor":6,"turns":7},{"damage":35,"enemies":"Exordium Wildlife","floor":8,"turns":5},{"damage":0,"enemies":"2 Fungi Beasts","floor":10,"turns":3},{"damage":0,"enemies":"Blue Slaver","floor":12,"turns":2},{"damage":12,"enemies":"Gremlin Nob","floor":13,"turns":3},{"damage":0,"enemies":"3 Louse","floor":14,"turns":5},{"damage":13,"enemies":"The Guardian","floor":16,"turns":9},{"damage":2,"enemies":"Chosen","floor":18,"turns":3},{"damage":7,"enemies":"3 Byrds","floor":22,"turns":4},{"damage":22,"enemies":"Book of Stabbing","floor":23,"turns":5},{"damage":35,"enemies":"Slavers","floor":25,"turns":6},{"damage":2,"enemies":"Snake Plant","floor":28,"turns":2},{"damage":10,"enemies":"Shelled Parasite and Fungi","floor":31,"turns":5},{"damage":98,"enemies":"Champ","floor":33,"turns":11}],"seed_played":"5093915458306629835","potions_obtained":[{"floor":1,"key":"EssenceOfSteel"},{"floor":5,"key":"AttackPotion"},{"floor":8,"key":"BloodPotion"},{"floor":10,"key":"Explosive Potion"},{"floor":14,"key":"AttackPotion"},{"floor":18,"key":"LiquidBronze"},{"floor":23,"key":"PowerPotion"}],"is_trial":false,"path_per_floor":["M","?","M","$","M","E","R","M","T","M","R","M","E","M","R","B",null,"M","?","?","?","M","E","?","E","T","R","M","R","$","M","R","B"],"character_chosen":"IRONCLAD","items_purchased":["Twin Strike","SteroidPotion"],"campfire_rested":2,"item_purchase_floors":[4,30],"current_hp_per_floor":[74,74,75,75,75,52,52,23,23,36,36,42,36,45,45,41,67,74,74,74,53,55,42,42,16,16,40,49,49,49,50,75,0],"gold":68,"neow_bonus":"THREE_ENEMY_KILL","is_prod":false,"is_daily":false,"chose_seed":false,"campfire_upgraded":4,"win_rate":0,"timestamp":1543495899,"path_taken":["M","?","?","$","M","E","R","M","T","M","R","?","E","M","R","BOSS","M","?","?","?","?","E","?","E","T","R","M","R","?","M","R","BOSS"],"build_version":"2018-11-15","purchased_purges":2,"victory":false,"max_hp_per_floor":[75,75,75,75,75,75,75,75,75,75,75,75,75,75,75,75,75,75,75,75,80,80,80,80,80,80,80,82,82,82,84,84,84],"card_choices":[{"not_picked":["True Grit","Rupture"],"picked":"Spot Weakness","floor":1},{"not_picked":["Anger","Pummel"],"picked":"Heavy Blade","floor":3},{"not_picked":["Headbutt","Searing Blow"],"picked":"Havoc","floor":5},{"not_picked":["Intimidate","Pommel Strike"],"picked":"True Grit","floor":6},{"not_picked":["Headbutt","Fiend Fire"],"picked":"Warcry","floor":8},{"not_picked":["Heavy Blade","Clothesline","Corruption"],"picked":"SKIP","floor":10},{"not_picked":["Cleave","Dual Wield+1"],"picked":"Rage+1","floor":12},{"not_picked":["Havoc+1","Searing Blow","Clash"],"picked":"SKIP","floor":13},{"not_picked":["Feel No Pain","Uppercut"],"picked":"Flame Barrier+1","floor":14},{"not_picked":["Dropkick+1","Iron Wave+1"],"picked":"Uppercut","floor":18},{"not_picked":["Sword Boomerang","Intimidate+1"],"picked":"Flame Barrier+1","floor":22},{"not_picked":["Entrench+1","Hemokinesis+1"],"picked":"Blood for Blood","floor":23},{"not_picked":["Entrench+1","Sword Boomerang"],"picked":"Shrug It Off+1","floor":25},{"not_picked":["Heavy Blade","Perfected Strike","Headbutt"],"picked":"Singing Bowl","floor":28},{"not_picked":["Sever Soul","Cleave","Clothesline"],"picked":"Singing Bowl","floor":31}],"player_experience":872792,"relics_obtained":[{"floor":6,"key":"Omamori"},{"floor":9,"key":"Toxic Egg 2"},{"floor":13,"key":"Magic Flower"},{"floor":23,"key":"Ancient Tea Set"},{"floor":25,"key":"Singing Bowl"},{"floor":26,"key":"Potion Belt"}],"event_choices":[{"damage_healed":0,"gold_gain":0,"player_choice":"Rummage","damage_taken":0,"relics_obtained":["WarpedTongs"],"max_hp_gain":0,"max_hp_loss":0,"event_name":"Accursed Blacksmith","floor":2,"gold_loss":0,"cards_obtained":["Pain"]},{"damage_healed":0,"gold_gain":0,"player_choice":"Ignored","damage_taken":0,"max_hp_gain":0,"max_hp_loss":0,"event_name":"Vampires","floor":19,"gold_loss":0},{"damage_healed":0,"gold_gain":0,"player_choice":"Obtained Relic","damage_taken":0,"relics_obtained":["Happy Flower"],"max_hp_gain":0,"max_hp_loss":0,"event_name":"Addict","floor":20,"gold_loss":85},{"damage_healed":0,"gold_gain":0,"player_choice":"Shed Blood","damage_taken":26,"max_hp_gain":5,"max_hp_loss":0,"event_name":"Forgotten Altar","floor":21,"gold_loss":0},{"damage_healed":0,"gold_gain":0,"player_choice":"Upgrade","damage_taken":0,"max_hp_gain":0,"max_hp_loss":0,"event_name":"Designer","floor":24,"gold_loss":50,"cards_upgraded":["Blood for Blood"]}],"is_beta":false,"boss_relics":[{"not_picked":["Runic Pyramid","Coffee Dripper"],"picked":"Snecko Eye"}],"items_purged_floors":[4,30],"is_endless":false,"potions_floor_spawned":[1,5,8,10,12,14,18,23],"killed_by":"Champ","ascension_level":15}