{"gold_per_floor":[116,66,80,92,108,108,126,126,149,167,167,201,257,257,257,352,352,366,384,235,251,269,296,296,9,9,21,33,45,57,85,97,109],"floor_reached":33,"playtime":2223,"items_purged":[],"score":267,"play_id":"be24bc84-6a6d-45a6-8b0c-899ce915df21","local_time":"20190305030452","is_ascension_mode":false,"campfire_choices":[{"data":"Noxious Fumes","floor":6,"key":"SMITH"},{"floor":8,"key":"REST"},{"floor":11,"key":"REST"},{"data":"Bane","floor":15,"key":"SMITH"},{"floor":24,"key":"REST"},{"data":"Bane","floor":27,"key":"SMITH"},{"data":"Crippling Poison","floor":30,"key":"SMITH"},{"data":"Blur","floor":32,"key":"SMITH"}],"neow_cost":"CURSE","seed_source_timestamp":167368185863555,"circlet_count":0,"master_deck":["Defend_G","Defend_G","Defend_G","Defend_G","Strike_G","Strike_G","Strike_G","Strike_G","Strike_G","Survivor","Neutralize","Corpse Explosion","Noxious Fumes+1","Backstab","Bane+1","Prepared","Infinite Blades","Deadly Poison","Blur+1","Bane+1","Quick Slash+1","Crippling Poison+1"],"relics":["Ring of the Serpent","Vajra","Snake Skull","Regal Pillow","Juzu Bracelet","The Specimen","MawBank"],"potions_floor_usage":[16,16,19,19,23,33],"damage_taken":[{"damage":0,"enemies":"Small Slimes","floor":1,"turns":2},{"damage":3,"enemies":"Jaw Worm","floor":3,"turns":4},{"damage":1,"enemies":"Cultist","floor":4,"turns":4},{"damage":25,"enemies":"Large Slime","floor":5,"turns":5},{"damage":2,"enemies":"Looter","floor":7,"turns":3},{"damage":21,"enemies":"Exordium Wildlife","floor":10,"turns":5},{"damage":9,"enemies":"3 Sentries","floor":12,"turns":2},{"damage":14,"enemies":"Hexaghost","floor":16,"turns":7},{"damage":5,"enemies":"Chosen","floor":18,"turns":4},{"damage":0,"enemies":"2 Thieves","floor":19,"turns":1},{"damage":2,"enemies":"Cultist and Chosen","floor":21,"turns":4},{"damage":8,"enemies":"Snecko","floor":22,"turns":4},{"damage":32,"enemies":"Book of Stabbing","floor":23,"turns":5},{"damage":0,"enemies":"3 Cultists","floor":31,"turns":3},{"damage":70,"enemies":"Champ","floor":33,"turns":12}],"seed_played":"-5668565603357728413","potions_obtained":[{"floor":3,"key":"PowerPotion"},{"floor":5,"key":"Fire Potion"},{"floor":7,"key":"EssenceOfSteel"},{"floor":16,"key":"Explosive Potion"},{"floor":18,"key":"Weak Potion"},{"floor":22,"key":"Weak Potion"}],"is_trial":false,"path_per_floor":["?","?","?","M","?","?"],"character_chosen":"THE_SILENT","items_purchased":["Regal Pillow","The Specimen"],"campfire_rested":3,"item_purchase_floors":[20,25],"current_hp_per_floor":[70,70,67,66,41,41,39,60,60,39,60,51,51,51,51,37,70,65,65,65,63,55,23,59,59,59,59,59,59,59,59,59,0],"gold":109,"neow_bonus":"THREE_RARE_CARDS","is_prod":false,"is_daily":false,"chose_seed":false,"campfire_upgraded":5,"win_rate":0.0,"timestamp":1551729892,"path_taken":["M","?","M","M","M","R","M","R","T","M","R","E","?","?","R","BOSS","M","?","$","M","M","E","R","$","T","R","?","?","R","M","R","BOSS"],"build_version":"2019-01-23","purchased_purges":0,"victory":false,"max_hp_per_floor":[70,70,70,70,70,70,70,70,70,70,70,70,70,70,70,70,70,70,70,70,70,70,70,70,70,70,70,70,70,70,70,70,70],"card_choices":[{"not_picked":["Malaise","Doppelganger"],"picked":"Corpse Explosion","floor":0},{"not_picked":["Acrobatics","Choke"],"picked":"Noxious Fumes","floor":1},{"not_picked":["Crippling Poison","Calculated Gamble"],"picked":"Backstab","floor":3},{"not_picked":["Well Laid Plans","Leg Sweep","Dagger Spray"],"picked":"SKIP","floor":4},{"not_picked":["Accuracy","Acrobatics"],"picked":"Bane","floor":5},{"not_picked":["Infinite Blades","Blade Dance"],"picked":"Prepared","floor":7},{"not_picked":["Terror","Wraith Form v2"],"picked":"Infinite Blades","floor":10},{"not_picked":["Eviscerate","Blade Dance"],"picked":"Deadly Poison","floor":12},{"not_picked":["Skewer+1","Caltrops","Dagger Throw"],"picked":"SKIP","floor":18},{"not_picked":["PiercingWail","Dagger Spray+1"],"picked":"Blur","floor":19},{"not_picked":["Dagger Spray","Cloak And Dagger+1"],"picked":"Bane","floor":21},{"not_picked":["Dodge and Roll","Heel Hook"],"picked":"Quick Slash+1","floor":22},{"not_picked":["Sucker Punch+1","Endless Agony+1"],"picked":"Crippling Poison","floor":23},{"not_picked":["Eviscerate","Slice","Blade Dance+1"],"picked":"SKIP","floor":31}],"player_experience":45132,"relics_obtained":[{"floor":9,"key":"Vajra"},{"floor":12,"key":"Snake Skull"},{"floor":23,"key":"Juzu Bracelet"},{"floor":26,"key":"MawBank"}],"event_choices":[{"cards_removed":["Defend_G"],"damage_healed":0,"gold_gain":0,"player_choice":"Card Removal","damage_taken":0,"max_hp_gain":0,"max_hp_loss":0,"event_name":"The Cleric","floor":2,"gold_loss":50},{"damage_healed":0,"gold_gain":56,"player_choice":"Gained Gold","damage_taken":0,"max_hp_gain":0,"max_hp_loss":0,"event_name":"Golden Wing","floor":13,"gold_loss":0},{"cards_removed":["Injury"],"damage_healed":0,"gold_gain":0,"player_choice":"Removed Curses","damage_taken":0,"max_hp_gain":0,"max_hp_loss":0,"event_name":"Fountain of Cleansing","floor":14,"gold_loss":0},{"damage_healed":0,"gold_gain":0,"player_choice":"Ignored","damage_taken":0,"max_hp_gain":0,"max_hp_loss":0,"event_name":"Beggar","floor":29,"gold_loss":0}],"is_beta":false,"boss_relics":[{"not_picked":["Astrolabe","Black Star"],"picked":"Ring of the Serpent"}],"items_purged_floors":[],"is_endless":false,"potions_floor_spawned":[3,5,7,16,18,22],"killed_by":"Champ","ascension_level":0}