{"gold_per_floor":[114,130,205,46,58,93,93,118,118,137,151,166,166,185,185,261,261,234,253,253],"floor_reached":20,"playtime":1282,"items_purged":["Strike_G"],"score":357,"play_id":"c581edf0-70f3-408e-8629-854443aa5556","local_time":"20181206134319","is_ascension_mode":true,"campfire_choices":[{"floor":13,"key":"REST"},{"floor":15,"key":"REST"}],"neow_cost":"NONE","seed_source_timestamp":587742531080985,"circlet_count":0,"master_deck":["AscendersBane","Defend_G","Defend_G","Defend_G","Defend_G","Defend_G","Strike_G","Strike_G","Strike_G","Strike_G","Survivor","Neutralize","Quick Slash","All Out Attack","Unload","Dodge and Roll","Bouncing Flask","Parasite","Well Laid Plans","Backflip","Dash","Tools of the Trade","Terror","Phantasmal Killer","Dagger Throw","Acrobatics"],"relics":["Ring of the Snake","NeowsBlessing","Mummified Hand","Ginger","Turnip","Runic Pyramid"],"potions_floor_usage":[6,8,16,20,20],"damage_taken":[{"damage":0,"enemies":"2 Louse","floor":1,"turns":1},{"damage":0,"enemies":"Jaw Worm","floor":2,"turns":1},{"damage":0,"enemies":"Cultist","floor":5,"turns":1},{"damage":34,"enemies":"Gremlin Nob","floor":6,"turns":4},{"damage":24,"enemies":"3 Sentries","floor":8,"turns":9},{"damage":0,"enemies":"2 Fungi Beasts","floor":10,"turns":3},{"damage":0,"enemies":"3 Louse","floor":11,"turns":2},{"damage":0,"enemies":"Large Slime","floor":12,"turns":5},{"damage":8,"enemies":"Gremlin Gang","floor":14,"turns":4},{"damage":20,"enemies":"The Guardian","floor":16,"turns":10},{"damage":13,"enemies":"2 Thieves","floor":18,"turns":4},{"damage":34,"enemies":"Spheric Guardian","floor":19,"turns":6},{"damage":9,"enemies":"Masked Bandits","floor":20,"turns":2}],"seed_played":"4218626079303902796","potions_obtained":[{"floor":1,"key":"Energy Potion"},{"floor":5,"key":"SkillPotion"},{"floor":8,"key":"PowerPotion"},{"floor":10,"key":"PowerPotion"},{"floor":16,"key":"Ancient Potion"},{"floor":19,"key":"PowerPotion"}],"is_trial":false,"path_per_floor":["M","M","?","$","M","E","?","E","T","M","M","M","R","M","R","B",null,"M","M","?"],"character_chosen":"THE_SILENT","items_purchased":["Unload"],"campfire_rested":2,"item_purchase_floors":[4],"current_hp_per_floor":[59,59,48,48,48,14,30,6,6,6,6,6,25,17,36,16,54,41,7,0],"gold":253,"neow_bonus":"THREE_ENEMY_KILL","is_prod":false,"is_daily":false,"chose_seed":false,"campfire_upgraded":0,"win_rate":0,"timestamp":1544100199,"path_taken":["M","M","?","$","M","E","?","E","T","M","M","M","R","M","R","BOSS","M","M","?"],"build_version":"2018-11-15","purchased_purges":1,"victory":false,"max_hp_per_floor":[66,66,66,66,66,66,66,66,66,66,66,66,66,66,66,66,66,66,66,66],"card_choices":[{"not_picked":["Accuracy","Deflect"],"picked":"Quick Slash","floor":1},{"not_picked":["Blade Dance","Backflip"],"picked":"All Out Attack","floor":2},{"not_picked":["Dagger Throw","Poisoned Stab"],"picked":"Dodge and Roll","floor":5},{"not_picked":["Blade Dance","Quick Slash"],"picked":"Bouncing Flask","floor":6},{"not_picked":["Catalyst","Phantasmal Killer"],"picked":"Well Laid Plans","floor":8},{"not_picked":["Deflect","Outmaneuver"],"picked":"Backflip","floor":10},{"not_picked":["Deflect","Deadly Poison"],"picked":"Dash","floor":11},{"not_picked":["Deflect","Quick Slash"],"picked":"Tools of the Trade","floor":12},{"not_picked":["Prepared","Sucker Punch"],"picked":"Terror","floor":14},{"not_picked":["Unload","A Thousand Cuts"],"picked":"Phantasmal Killer","floor":16},{"not_picked":["Underhanded Strike","Flechettes"],"picked":"Dagger Throw","floor":18},{"not_picked":["Leg Sweep","Cloak And Dagger"],"picked":"Acrobatics","floor":19}],"player_experience":901133,"relics_obtained":[{"floor":6,"key":"Mummified Hand"},{"floor":8,"key":"Ginger"},{"floor":9,"key":"Turnip"}],"event_choices":[{"damage_healed":0,"gold_gain":75,"player_choice":"Gather Gold","damage_taken":11,"max_hp_gain":0,"max_hp_loss":0,"event_name":"World of Goop","floor":3,"gold_loss":0},{"damage_healed":16,"gold_gain":0,"player_choice":"Healed and dodged fight","damage_taken":0,"max_hp_gain":0,"max_hp_loss":0,"event_name":"Mushrooms","floor":7,"gold_loss":0,"cards_obtained":["Parasite"]},{"damage_healed":0,"gold_gain":0,"player_choice":"Fought Bandits","damage_taken":0,"max_hp_gain":0,"max_hp_loss":0,"event_name":"Masked Bandits","floor":20,"gold_loss":0}],"is_beta":false,"boss_relics":[{"not_picked":["Coffee Dripper","Pandora\u0027s Box"],"picked":"Runic Pyramid"}],"items_purged_floors":[4],"is_endless":false,"potions_floor_spawned":[1,5,8,10,11,16,19],"killed_by":"Masked Bandits","ascension_level":18}