{"path_per_floor":["M","M","M","$","?","R","M","E","T","M","M","M","?","M","R","B",null,"M","M","M","$","M","E"],"character_chosen":"IRONCLAD","items_purchased":["Dramatic Entrance","Twin Strike","Orichalcum","Flash of Steel","Happy Flower"],"gold_per_floor":[114,129,143,9,259,259,276,303,352,363,378,391,341,351,351,448,448,464,483,495,108,122,148,148],"floor_reached":24,"campfire_rested":0,"playtime":2023,"current_hp_per_floor":[73,72,75,75,75,75,76,80,80,76,80,80,80,80,80,12,80,78,72,36,36,23,8,0],"items_purged":[],"gold":148,"score":249,"play_id":"be835300-2f59-4811-a81b-610011c3dee6","local_time":"20180505084002","is_prod":false,"is_daily":false,"chose_seed":false,"is_ascension_mode":false,"campfire_upgraded":2,"timestamp":1525534802,"path_taken":["M","M","?","$","?","R","?","E","T","?","M","M","?","M","R","BOSS","M","M","M","$","M","E","M"],"build_version":"2018-05-03","seed_source_timestamp":827199445790501,"purchased_purges":1,"victory":false,"master_deck":["Strike_R","Strike_R","Strike_R","Strike_R","Strike_R","Defend_R","Defend_R","Defend_R","Defend_R","Bash","Headbutt","Shrug It Off","Warcry+1","Dramatic Entrance","Twin Strike","Anger","Reaper","Battle Trance","Seeing Red+1","Warcry","Flex","Brutality","Entrench+1","Armaments+1","Headbutt+1","Flash of Steel","Shrug It Off+1","Sword Boomerang"],"max_hp_per_floor":[80,80,80,80,80,80,80,80,80,80,80,80,80,80,80,80,80,80,80,80,80,80,80,80],"relics":["Burning Blood","Centennial Puzzle","Bronze Scales","Sozu","Orichalcum","Happy Flower","Oddly Smooth Stone"],"card_choices":[{"not_picked":["Hemokinesis","Blood for Blood"],"picked":"Headbutt","floor":1},{"not_picked":["Second Wind","Warcry"],"picked":"Shrug It Off","floor":2},{"not_picked":["Shrug It Off","Blood for Blood"],"picked":"Warcry","floor":3},{"not_picked":["Cleave","Perfected Strike"],"picked":"Anger","floor":7},{"not_picked":["Anger","Shockwave"],"picked":"Reaper","floor":8},{"not_picked":["Feel No Pain","Iron Wave"],"picked":"Battle Trance","floor":10},{"not_picked":["Warcry","Headbutt"],"picked":"Seeing Red","floor":11},{"not_picked":["Clash","Blood for Blood"],"picked":"Warcry","floor":12},{"not_picked":["Entrench","Body Slam"],"picked":"Flex","floor":14},{"not_picked":["Fiend Fire","Reaper"],"picked":"Brutality","floor":16},{"not_picked":["Cleave","True Grit"],"picked":"Entrench","floor":18},{"not_picked":["Body Slam","Anger"],"picked":"Armaments","floor":19},{"not_picked":["Hemokinesis","Entrench"],"picked":"Headbutt","floor":20},{"not_picked":["Armaments","Body Slam"],"picked":"Shrug It Off","floor":22},{"not_picked":["Burning Pact","Dark Embrace"],"picked":"Sword Boomerang","floor":23}],"player_experience":0,"potions_floor_usage":[8,8,8,16,24],"damage_taken":[{"damage":13,"enemies":"Cultist","floor":1,"turns":6},{"damage":7,"enemies":"Jaw Worm","floor":2,"turns":5},{"damage":3,"enemies":"2 Louse","floor":3,"turns":3},{"damage":5,"enemies":"Lots of Slimes","floor":7,"turns":3},{"damage":2,"enemies":"Gremlin Nob","floor":8,"turns":2},{"damage":10,"enemies":"Looter","floor":10,"turns":2},{"damage":0,"enemies":"Blue Slaver","floor":11,"turns":3},{"damage":10,"enemies":"Exordium Wildlife","floor":12,"turns":4},{"damage":6,"enemies":"2 Fungi Beasts","floor":14,"turns":3},{"damage":74,"enemies":"The Guardian","floor":16,"turns":10},{"damage":8,"enemies":"3 Byrds","floor":18,"turns":4},{"damage":12,"enemies":"Chosen","floor":19,"turns":5},{"damage":46,"enemies":"Snecko","floor":20,"turns":7},{"damage":19,"enemies":"Snake Plant","floor":22,"turns":4},{"damage":21,"enemies":"Gremlin Leader","floor":23,"turns":5},{"damage":16,"enemies":"Sentry and Sphere","floor":24,"turns":3}],"event_choices":[{"event_name":"Golden Shrine","player_choice":"Desecrate","floor":5,"damage_taken":0},{"event_name":"The Cleric","player_choice":"Card Removal","floor":13,"damage_taken":0}],"boss_relics":[{"not_picked":["Tiny House","Runic Dome"],"picked":"Sozu"}],"potions_floor_spawned":[1,2,7,14,16,19],"seed_played":"-4371003810696861639","killed_by":"Sentry and Sphere","ascension_level":0,"is_trial":false}