{"gold_per_floor":[117,130,130,143,143,170,170,190,190,205,223,188,188,201,201,280,280,292,342,356,371,72,72,122,149,173,173],"floor_reached":27,"playtime":1392,"items_purged":[],"score":470,"play_id":"857d1ed2-478b-49b4-91a0-744c92df0ac7","local_time":"20190205141421","is_ascension_mode":true,"campfire_choices":[{"data":"Neutralize","floor":7.0,"key":"SMITH"},{"data":"Deadly Poison","floor":13.0,"key":"SMITH"},{"data":"Catalyst","floor":15.0,"key":"SMITH"},{"data":"Corpse Explosion","floor":23.0,"key":"SMITH"}],"neow_cost":"TEN_PERCENT_HP_LOSS","seed_source_timestamp":0,"circlet_count":0,"master_deck":["AscendersBane","Defend_G","Defend_G","Defend_G","Defend_G","Defend_G+1","Strike_G","Strike_G","Strike_G","Strike_G+1","Survivor","Neutralize+1","Venomology","All Out Attack","Deadly Poison+1","Backstab","Prepared","Calculated Gamble","Dagger Spray","Caltrops+1","Catalyst+1","Corpse Explosion+1","Backflip","All Out Attack+1","Catalyst","Noxious Fumes+1"],"special_seed":0,"relics":["Ring of the Snake","Oddly Smooth Stone","Frozen Egg 2","Eternal Feather","Membership Card","Regal Pillow","Incense Burner","Anchor"],"potions_floor_usage":[25,25,27],"damage_taken":[{"damage":0.0,"enemies":"Small Slimes","floor":1.0,"turns":6.0},{"damage":0.0,"enemies":"Cultist","floor":2.0,"turns":3.0},{"damage":0.0,"enemies":"2 Louse","floor":4.0,"turns":3.0},{"damage":18.0,"enemies":"Lagavulin","floor":6.0,"turns":7.0},{"damage":0.0,"enemies":"Looter","floor":8.0,"turns":2.0},{"damage":6.0,"enemies":"Exordium Wildlife","floor":10.0,"turns":4.0},{"damage":5.0,"enemies":"Gremlin Gang","floor":11.0,"turns":4.0},{"damage":1.0,"enemies":"3 Louse","floor":14.0,"turns":3.0},{"damage":7.0,"enemies":"The Guardian","floor":16.0,"turns":9.0},{"damage":0.0,"enemies":"3 Byrds","floor":18.0,"turns":2.0},{"damage":24.0,"enemies":"Spheric Guardian","floor":20.0,"turns":6.0},{"damage":1.0,"enemies":"Snecko","floor":21.0,"turns":4.0},{"damage":29,"enemies":"Slavers","floor":25,"turns":4},{"damage":18,"enemies":"Cultist and Chosen","floor":27,"turns":3}],"seed_played":"6026430127895377724","potions_obtained":[{"floor":4.0,"key":"Fire Potion"},{"floor":8.0,"key":"Ancient Potion"},{"floor":11.0,"key":"Swift Potion"},{"floor":20.0,"key":"GamblersBrew"},{"floor":21.0,"key":"SteroidPotion"}],"is_trial":false,"path_per_floor":["M","M","?","M","?","E","R","M","T","M","M","?","R","M","R","B",null,"M","?","M","M","$","R","?","E","T","M"],"character_chosen":"THE_SILENT","items_purchased":["Membership Card","Regal Pillow"],"campfire_rested":0,"item_purchase_floors":[22,22],"current_hp_per_floor":[59,59,41,41,41,23,23,23,23,17,12,27,27,26,26,19,50,50,44,20,19,19,34,34,5,5,0],"gold":173,"neow_bonus":"THREE_RARE_CARDS","is_prod":false,"is_daily":false,"chose_seed":false,"campfire_upgraded":4,"win_rate":0,"timestamp":1549372461,"path_taken":["M","M","?","M","?","E","R","M","T","?","M","?","R","M","R","BOSS","M","?","M","?","$","R","?","E","T","M"],"build_version":"2019-01-23","purchased_purges":0,"victory":false,"max_hp_per_floor":[60,60,60,60,60,60,60,60,60,60,60,60,60,60,60,60,60,60,60,60,60,60,60,60,60,60,60],"card_choices":[{"not_picked":["Grand Finale","Bullet Time"],"picked":"Venomology","floor":0.0},{"not_picked":["Concentrate","Deflect"],"picked":"All Out Attack","floor":1.0},{"not_picked":["Outmaneuver","Deflect"],"picked":"Deadly Poison","floor":2.0},{"not_picked":["PiercingWail","Dodge and Roll"],"picked":"Backstab","floor":4.0},{"not_picked":["Tactician","Dagger Throw"],"picked":"Calculated Gamble","floor":6.0},{"not_picked":["Underhanded Strike","Concentrate"],"picked":"Dagger Spray","floor":8.0},{"not_picked":["Sucker Punch","Quick Slash"],"picked":"Caltrops+1","floor":10.0},{"not_picked":["Deflect","Cloak And Dagger","Flying Knee"],"picked":"SKIP","floor":11.0},{"not_picked":["Outmaneuver","Prepared"],"picked":"Catalyst","floor":14.0},{"not_picked":["Envenom+1","Doppelganger"],"picked":"Corpse Explosion","floor":16.0},{"not_picked":["Outmaneuver+1","Dodge and Roll"],"picked":"Backflip","floor":18.0},{"not_picked":["Quick Slash+1","Poisoned Stab"],"picked":"All Out Attack+1","floor":20.0},{"not_picked":["All Out Attack","Underhanded Strike"],"picked":"Catalyst","floor":21.0},{"not_picked":["All Out Attack","Poisoned Stab"],"picked":"Noxious Fumes+1","floor":25}],"player_experience":1290872,"relics_obtained":[{"floor":6.0,"key":"Oddly Smooth Stone"},{"floor":9.0,"key":"Frozen Egg 2"},{"floor":25,"key":"Incense Burner"},{"floor":26,"key":"Anchor"}],"event_choices":[{"damage_healed":0.0,"max_hp_gain":0.0,"max_hp_loss":0.0,"gold_gain":0.0,"event_name":"Shining Light","player_choice":"Entered Light","floor":3.0,"gold_loss":0.0,"damage_taken":18.0,"cards_upgraded":["Strike_G","Defend_G"]},{"damage_healed":0.0,"max_hp_gain":0.0,"max_hp_loss":0.0,"gold_gain":0.0,"cards_transformed":["Strike_G"],"event_name":"Transmorgrifier","player_choice":"Transformed","floor":5.0,"gold_loss":0.0,"damage_taken":0.0,"cards_obtained":["Prepared"]},{"damage_healed":15.0,"max_hp_gain":0.0,"max_hp_loss":0.0,"gold_gain":0.0,"event_name":"The Cleric","player_choice":"Healed","floor":12.0,"gold_loss":35.0,"damage_taken":0.0},{"damage_healed":0.0,"max_hp_gain":0.0,"max_hp_loss":0.0,"gold_gain":50.0,"event_name":"FaceTrader","player_choice":"Touch","floor":19.0,"gold_loss":0.0,"damage_taken":6.0},{"damage_healed":0.0,"max_hp_gain":0.0,"max_hp_loss":0.0,"gold_gain":50.0,"event_name":"Nest","player_choice":"Stole From Cult","floor":24.0,"gold_loss":0.0,"damage_taken":0.0}],"is_beta":false,"boss_relics":[{"not_picked":["Lizard Tail","Tiny House"],"picked":"Eternal Feather"}],"items_purged_floors":[],"is_endless":false,"potions_floor_spawned":[4,8,11,14,16,20,21],"killed_by":"Cultist and Chosen","ascension_level":20}