{"gold_per_floor":[109,120,42,59,78,78,108,108,138,157,177,177,207,224,224,319,319,329,428,70,90,90,118,141,158,158,158,158,5,5,30,30,134,134,151,17,17,17,31,31,31,31,100,117,117],"floor_reached":45,"playtime":3940,"items_purged":["Strike_G","Strike_G"],"score":761,"play_id":"80034d15-d241-46ef-809e-3ea4d2c0e1b4","local_time":"20180911231457","is_ascension_mode":true,"campfire_choices":[{"floor":6.0,"key":"REST"},{"data":"Neutralize","floor":8.0,"key":"SMITH"},{"floor":15.0,"key":"REST"},{"data":"Burst","floor":27.0,"key":"SMITH"},{"floor":30.0,"key":"REST"},{"floor":32.0,"key":"REST"},{"floor":40.0,"key":"REST"},{"floor":42.0,"key":"REST"}],"neow_cost":"NONE","seed_source_timestamp":0,"circlet_count":0,"master_deck":["Defend_G","Defend_G","Defend_G","Defend_G","Defend_G","Strike_G","Strike_G","Strike_G","Survivor","Neutralize+1","Bouncing Flask","Storm of Steel","Footwork","Blade Dance","Blade Dance","Noxious Fumes","Accuracy","Catalyst","Deflect","Backflip","Burst+1","Blade Dance","Die Die Die+1","Blade Dance","Envenom","Backstab+1","Accuracy","Madness","Crippling Poison+1","Blade Dance+1","Clumsy","Bane+1","Decay","Pain","A Thousand Cuts+1","Bane+1","Well Laid Plans+1","Decay","Catalyst","Deflect","Pain","Accuracy+1"],"special_seed":0,"relics":["Orrery","Lantern","Tiny Chest","Question Card","Molten Egg 2","Cursed Key","Snake Skull","Darkstone Periapt","Ancient Tea Set","Pantograph","Pocketwatch","Oddly Smooth Stone","Frozen Egg 2","Black Star","Kunai"],"potions_floor_usage":[45],"damage_taken":[{"damage":6.0,"enemies":"Cultist","floor":1.0,"turns":3.0},{"damage":5.0,"enemies":"Jaw Worm","floor":2.0,"turns":4.0},{"damage":1.0,"enemies":"Small Slimes","floor":4.0,"turns":4.0},{"damage":20.0,"enemies":"2 Fungi Beasts","floor":5.0,"turns":5.0},{"damage":20.0,"enemies":"3 Sentries","floor":7.0,"turns":6.0},{"damage":11.0,"enemies":"Exordium Thugs","floor":10.0,"turns":5.0},{"damage":6.0,"enemies":"Looter","floor":11.0,"turns":4.0},{"damage":3.0,"enemies":"Lagavulin","floor":13.0,"turns":7.0},{"damage":0.0,"enemies":"Blue Slaver","floor":14.0,"turns":4.0},{"damage":19.0,"enemies":"The Guardian","floor":16.0,"turns":10.0},{"damage":12.0,"enemies":"Spheric Guardian","floor":18.0,"turns":4.0},{"damage":12.0,"enemies":"Shell Parasite","floor":21.0,"turns":4.0},{"damage":0.0,"enemies":"Gremlin Leader","floor":23.0,"turns":5.0},{"damage":4.0,"enemies":"3 Cultists","floor":25.0,"turns":3.0},{"damage":37.0,"enemies":"Slavers","floor":31.0,"turns":4.0},{"damage":75.0,"enemies":"Automaton","floor":33.0,"turns":8.0},{"damage":51.0,"enemies":"3 Darklings","floor":35.0,"turns":4.0},{"damage":29.0,"enemies":"Orb Walker","floor":39.0,"turns":4.0},{"damage":8.0,"enemies":"Sphere and 2 Shapes","floor":41.0,"turns":2.0},{"damage":38,"enemies":"3 Darklings","floor":44,"turns":5},{"damage":30,"enemies":"Nemesis","floor":45,"turns":6}],"seed_played":"3377453810928832157","potions_obtained":[{"floor":1.0,"key":"PowerPotion"},{"floor":5.0,"key":"AttackPotion"},{"floor":7.0,"key":"SpeedPotion"},{"floor":13.0,"key":"Weak Potion"},{"floor":14.0,"key":"SpeedPotion"},{"floor":16.0,"key":"SpeedPotion"},{"floor":22.0,"key":"EntropicBrew"},{"floor":22.0,"key":"Poison Potion"},{"floor":23.0,"key":"LiquidBronze"},{"floor":25.0,"key":"Dexterity Potion"},{"floor":44,"key":"FearPotion"}],"is_trial":false,"path_per_floor":["M","M","$","M","M","R","E","R","T","M","M","T","E","M","R","B",null,"M","?","$","M","?","E","T","M","T","R","T","$","R","E","R","B",null,"M","$","?","?","M","R","M","R","T","M"],"character_chosen":"THE_SILENT","items_purchased":["Accuracy","Snake Skull","Accuracy","Madness","Oddly Smooth Stone","Well Laid Plans+1"],"campfire_rested":6,"item_purchase_floors":[3,20,20,20,29,36],"current_hp_per_floor":[64,59,59,58,38,59,39,39,39,28,22,22,19,19,40,21,70,58,58,58,46,46,46,52,48,54,54,60,60,86,49,75,13,88,37,37,43,43,14,42,34,62,68,30,0],"gold":117,"neow_bonus":"BOSS_RELIC","is_prod":false,"is_daily":false,"chose_seed":false,"campfire_upgraded":2,"win_rate":0,"timestamp":1536732897,"path_taken":["M","M","$","M","?","R","E","R","T","M","?","?","E","M","R","BOSS","M","?","$","M","?","E","?","M","T","R","?","$","R","E","R","BOSS","M","$","?","?","M","R","?","R","T","?","E"],"build_version":"2018-09-06","purchased_purges":2,"victory":false,"max_hp_per_floor":[70,70,70,70,70,70,70,70,70,70,70,70,70,70,70,70,70,70,70,70,70,70,70,76,76,82,82,88,88,88,88,88,88,88,88,88,94,94,94,94,94,94,100,100,100],"card_choices":[{"not_picked":["Flying Knee","Dodge and Roll"],"picked":"Bouncing Flask","floor":0.0},{"not_picked":["Masterful Stab","Reflex"],"picked":"Storm of Steel","floor":0.0},{"not_picked":["Dagger Spray","Poisoned Stab"],"picked":"Footwork","floor":0.0},{"not_picked":["Backflip","Predator"],"picked":"Blade Dance","floor":0.0},{"not_picked":["Calculated Gamble","Quick Slash"],"picked":"Blade Dance","floor":0.0},{"not_picked":["Dodge and Roll","Dash"],"picked":"Noxious Fumes","floor":1.0},{"not_picked":["Prepared","PiercingWail","Dagger Spray"],"picked":"SKIP","floor":2.0},{"not_picked":["PiercingWail","Slice"],"picked":"Catalyst","floor":4.0},{"not_picked":["Prepared","Slice"],"picked":"Deflect","floor":5.0},{"not_picked":["Dagger Spray","Heel Hook"],"picked":"Backflip","floor":7.0},{"not_picked":["Dagger Throw","Backflip"],"picked":"Burst","floor":10.0},{"not_picked":["Eviscerate","Finisher"],"picked":"Blade Dance","floor":11.0},{"not_picked":["Flying Knee","Slice","Well Laid Plans"],"picked":"Die Die Die","floor":13.0},{"not_picked":["Eviscerate+1","Flying Knee+1","Quick Slash+1"],"picked":"Blade Dance","floor":14.0},{"not_picked":["Wraith Form v2","After Image","Bullet Time"],"picked":"Envenom","floor":16.0},{"not_picked":["Quick Slash+1","Acrobatics+1","Deflect"],"picked":"Backstab+1","floor":18.0},{"not_picked":["Blade Dance","Bouncing Flask","Distraction"],"picked":"Crippling Poison+1","floor":21.0},{"not_picked":["Quick Slash+1","Bane+1","Expertise"],"picked":"Blade Dance+1","floor":23.0},{"not_picked":["Skewer+1","Underhanded Strike+1","Outmaneuver"],"picked":"Bane+1","floor":25.0},{"not_picked":["Well Laid Plans","Outmaneuver","Setup","Reflex"],"picked":"SKIP","floor":31.0},{"not_picked":["Bullet Time","Adrenaline","Die Die Die+1"],"picked":"A Thousand Cuts+1","floor":33.0},{"not_picked":["Dagger Spray+1","Prepared+1","Choke+1"],"picked":"Bane+1","floor":35.0},{"not_picked":["Poisoned Stab+1","Deadly Poison+1","Leg Sweep+1"],"picked":"Deflect","floor":39.0},{"not_picked":["Deadly Poison","Cloak And Dagger+1","Expertise"],"picked":"Accuracy+1","floor":44}],"player_experience":776017,"relics_obtained":[{"floor":7.0,"key":"Lantern"},{"floor":9.0,"key":"Tiny Chest"},{"floor":12.0,"key":"Question Card"},{"floor":13.0,"key":"Molten Egg 2"},{"floor":23.0,"key":"Darkstone Periapt"},{"floor":24.0,"key":"Ancient Tea Set"},{"floor":26.0,"key":"Pantograph"},{"floor":28.0,"key":"Pocketwatch"},{"floor":31.0,"key":"Frozen Egg 2"},{"floor":43.0,"key":"Kunai"}],"event_choices":[{"event_name":"Nest","player_choice":"Stole From Cult","floor":19.0,"damage_taken":0.0},{"event_name":"The Lab","player_choice":"Got Potions","floor":22.0,"damage_taken":0.0},{"event_name":"Wheel of Change","player_choice":"Curse","floor":37.0,"damage_taken":0.0},{"event_name":"Duplicator","player_choice":"One dupe","floor":38.0,"damage_taken":0.0}],"is_beta":false,"boss_relics":[{"not_picked":["Fusion Hammer","Philosopher\u0027s Stone"],"picked":"Cursed Key"},{"not_picked":["Coffee Dripper","Busted Crown"],"picked":"Black Star"}],"items_purged_floors":[20,36],"is_endless":false,"potions_floor_spawned":[1,5,7,13,14,16,23,25,33,35,44],"killed_by":"Nemesis","ascension_level":3}