{"gold_per_floor":[114,114,127,138,150,150,180,180,180,480,129,154,154,171,171,171],"floor_reached":16,"playtime":598,"items_purged":[],"score":110,"play_id":"04b735fc-0777-4cd9-85bc-9c7590c27acb","local_time":"20180718120841","is_ascension_mode":false,"campfire_choices":[{"data":"Inflame","floor":6,"key":"SMITH"},{"data":"Flex","floor":8,"key":"SMITH"},{"data":"Armaments","floor":15,"key":"SMITH"}],"neow_cost":"NONE","seed_source_timestamp":4186383185340,"circlet_count":0,"master_deck":["Strike_R","Strike_R","Strike_R+1","Strike_R","Strike_R","Defend_R+1","Defend_R+1","Defend_R+1","Defend_R","Bash","Demon Form","Inflame+1","Heavy Blade","Flex+1","Bandage Up","Whirlwind","Rampage","Seeing Red","Armaments+1"],"relics":["Burning Blood","Shuriken","Charon\u0027s Ashes","Old Coin","War Paint","The Courier","Bag of Preparation"],"potions_floor_usage":[7,16,16],"damage_taken":[{"damage":5,"enemies":"Cultist","floor":1,"turns":4},{"damage":0,"enemies":"Jaw Worm","floor":3,"turns":3},{"damage":0,"enemies":"Small Slimes","floor":4,"turns":3},{"damage":20,"enemies":"Gremlin Gang","floor":5,"turns":5},{"damage":20,"enemies":"3 Sentries","floor":7,"turns":8},{"damage":20,"enemies":"Lagavulin","floor":12,"turns":6},{"damage":10,"enemies":"Looter","floor":14,"turns":2},{"damage":57,"enemies":"Hexaghost","floor":16,"turns":10}],"seed_played":"-5538167362580621544","potions_obtained":[{"floor":1,"key":"Swift Potion"},{"floor":4,"key":"Regen Potion"},{"floor":5,"key":"Swift Potion"}],"is_trial":false,"path_per_floor":["M","?","M","M","M","R","E","R","T","?","$","E","T","M","R"],"character_chosen":"IRONCLAD","items_purchased":["War Paint","Bandage Up","Whirlwind","Rampage"],"campfire_rested":0,"item_purchase_floors":[11,11,11,11],"current_hp_per_floor":[80,64,70,76,62,62,63,63,63,60,60,50,50,46,46,0],"gold":171,"neow_bonus":"ONE_RANDOM_RARE_CARD","is_prod":false,"is_daily":false,"chose_seed":false,"campfire_upgraded":3,"win_rate":0,"timestamp":1531908521,"path_taken":["M","?","M","?","M","R","E","R","T","?","$","E","?","M","R","BOSS"],"build_version":"2018-07-12","purchased_purges":0,"victory":false,"max_hp_per_floor":[80,80,80,80,80,80,80,80,80,80,80,80,80,80,80,80],"card_choices":[{"not_picked":["Pummel","Hemokinesis"],"picked":"Inflame","floor":1},{"not_picked":["Twin Strike","Body Slam"],"picked":"Heavy Blade","floor":3},{"not_picked":["Headbutt","Barricade","Disarm"],"picked":"SKIP","floor":4},{"not_picked":["Burning Pact","Clash","Havoc"],"picked":"SKIP","floor":5},{"not_picked":["Dual Wield","Pommel Strike"],"picked":"Flex","floor":7},{"not_picked":["Sword Boomerang","Wild Strike"],"picked":"Seeing Red","floor":12},{"not_picked":["Seeing Red","Evolve"],"picked":"Armaments","floor":14}],"player_experience":128964,"relics_obtained":[{"floor":7,"key":"Shuriken"},{"floor":9,"key":"Charon\u0027s Ashes"},{"floor":12,"key":"The Courier"},{"floor":13,"key":"Bag of Preparation"}],"event_choices":[{"event_name":"Shining Light","player_choice":"Entered Light","floor":2,"damage_taken":0},{"event_name":"Scrap Ooze","player_choice":"success","floor":10,"damage_taken":3}],"boss_relics":[],"items_purged_floors":[],"is_endless":false,"potions_floor_spawned":[1,4,5],"killed_by":"Hexaghost","ascension_level":0}