{"path_per_floor":["M","M","?","M","M","R","M","R","T","E","?","M","?","M","R","B",null,"M","$","M","?","M","R","E","M","T","M","M","M","E","?","R"],"character_chosen":"THE_SILENT","items_purchased":["Torii","Backflip","Dagger Throw"],"gold_per_floor":[12,24,199,215,227,227,237,237,237,267,267,283,283,298,298,398,398,408,6,22,22,36,36,63,74,98,115,126,145,178,178,178],"floor_reached":33,"campfire_rested":0,"playtime":5455,"current_hp_per_floor":[70,70,70,70,70,70,62,62,69,69,57,57,57,55,55,38,77,77,77,76,76,65,65,44,44,44,36,34,34,44,44,44],"items_purged":[],"gold":178,"score":370,"play_id":"dbd96163-551f-4593-932a-627bfe9f427d","is_prod":false,"is_daily":false,"is_ascension_mode":false,"campfire_upgraded":5,"path_taken":["M","M","?","M","M","R","M","R","T","E","?","M","?","M","R","BOSS","M","$","M","?","M","R","E","M","T","M","M","M","E","?","R","BOSS"],"build_version":"2018-02-08-PROD1","purchased_purges":0,"victory":false,"master_deck":["Defend_G","Defend_G","Defend_G","Survivor","Neutralize","Terror+1","Adrenaline+1","Backstab+1","Choke","Doubt","Outmaneuver","Backflip","Deflect","Quick Slash","Backflip","Regret","Skewer+1","Die Die Die","Dagger Throw+1","Backflip","Dagger Throw","Quick Slash","Dagger Throw+1","Poisoned Stab","Slice","Endless Agony+1","Dagger Throw+1","Quick Slash","Finisher+1","Bite+1","Bite","Bite","Bite","Bite"],"max_hp_per_floor":[70,70,70,70,70,70,70,70,77,77,77,77,77,77,77,77,77,77,77,77,77,77,77,77,77,77,77,77,77,87,60,60],"relics":["Ring of the Snake","Strawberry","Shuriken","Vajra","Happy Flower","Runic Pyramid","Torii","Ice Cream","Snake Skull","Bag of Marbles","Pear"],"card_choices":[{"not_picked":["Dagger Throw","Acrobatics"],"picked":"Backstab"},{"not_picked":["Sucker Punch","Quick Slash"],"picked":"Choke"},{"not_picked":["Acrobatics","Eviscerate"],"picked":"Outmaneuver"},{"not_picked":["Acrobatics","Malaise"],"picked":"Backflip"},{"not_picked":["Crippling Poison","Riddle With Holes"],"picked":"Deflect"},{"not_picked":["Bane","Corpse Explosion"],"picked":"Quick Slash"},{"not_picked":["Sucker Punch","Dodge and Roll"],"picked":"Backflip"},{"not_picked":["Slice","Distraction"],"picked":"Skewer"},{"not_picked":["Wraith Form","Adrenaline"],"picked":"Die Die Die"},{"not_picked":["Backflip","Dagger Spray"],"picked":"Dagger Throw"},{"not_picked":["Sucker Punch","Choke"],"picked":"Quick Slash"},{"not_picked":["Flying Knee","All Out Attack"],"picked":"Dagger Throw"},{"not_picked":["Deadly Poison","Crippling Poison"],"picked":"Poisoned Stab"},{"not_picked":["Outmaneuver","Deflect"],"picked":"Slice"},{"not_picked":["Deflect","PiercingWail"],"picked":"Endless Agony"},{"not_picked":["Quick Slash","Backflip"],"picked":"Dagger Throw"},{"not_picked":["Unload","Malaise"],"picked":"Quick Slash"},{"not_picked":["Slice","Calculated Gamble"],"picked":"Finisher"}],"player_experience":22091,"potions_floor_usage":[16,18,22,24,28,33,33],"damage_taken":[{"damage":0,"enemies":"2 Louse","floor":1,"turns":2},{"damage":0,"enemies":"Cultist","floor":2,"turns":2},{"damage":0,"enemies":"Small Slimes","floor":4,"turns":1},{"damage":0,"enemies":"3 Louse","floor":5,"turns":3},{"damage":8,"enemies":"Red Slaver","floor":7,"turns":5},{"damage":0,"enemies":"Gremlin Nob","floor":10,"turns":2},{"damage":0,"enemies":"2 Fungi Beasts","floor":12,"turns":2},{"damage":2,"enemies":"Large Slime","floor":14,"turns":4},{"damage":17,"enemies":"The Guardian","floor":16,"turns":6},{"damage":0,"enemies":"Spheric Guardian","floor":18,"turns":3},{"damage":1,"enemies":"Shell Parasite","floor":20,"turns":4},{"damage":11,"enemies":"Snake Plant","floor":22,"turns":4},{"damage":21,"enemies":"Book of Stabbing","floor":24,"turns":5},{"damage":0,"enemies":"Snecko","floor":25,"turns":2},{"damage":8,"enemies":"Slaver and Parasite","floor":27,"turns":4},{"damage":2,"enemies":"Cultist and Chosen","floor":28,"turns":4},{"damage":0,"enemies":"Centurion and Healer","floor":29,"turns":2},{"damage":0,"enemies":"Gremlin Leader","floor":30,"turns":3},{"damage":56,"enemies":"Automaton","floor":33,"turns":6}],"event_choices":[{"event_name":"Liars Game","player_choice":"agreed","floor":3,"damage_taken":0},{"event_name":"Scrap Ooze","player_choice":"success","floor":11,"damage_taken":12},{"event_name":"Big Fish","player_choice":"Box","floor":13,"damage_taken":0},{"event_name":"Wheel of Change","player_choice":"Relic","floor":21,"damage_taken":0},{"event_name":"Vampires","player_choice":"Became a vampire","floor":31,"damage_taken":0}],"boss_relics":[{"not_picked":["Philosopher\u0027s Stone","Tiny House"],"picked":"Runic Pyramid"}],"potions_floor_spawned":[1,7,10,12,16,18,20,28,30],"seed_played":"8914776879479609230","killed_by":"Automaton","ascension_level":0,"is_trial":false}