{"gold_per_floor":[118,130,143,93,18,44,59,59,108,120,120],"floor_reached":11,"playtime":275,"items_purged":["Strike_B"],"score":124,"play_id":"aa43ff22-d2c1-44a6-b545-4b2eef747dae","local_time":"20190422150801","is_ascension_mode":true,"campfire_choices":[{"data":"Gash","floor":11,"key":"SMITH"}],"neow_cost":"NONE","seed_source_timestamp":12304949305190,"circlet_count":0,"master_deck":["AscendersBane","Strike_B","Strike_B","Defend_B","Defend_B","Defend_B","Defend_B","Zap","Dualcast","Gash+1","Sweeping Beam"],"relics":["Cracked Core","NeowsBlessing","Bottled Flame","Ancient Tea Set"],"potions_floor_usage":[6],"damage_taken":[{"damage":0,"enemies":"Cultist","floor":1,"turns":1},{"damage":0,"enemies":"Small Slimes","floor":2,"turns":1},{"damage":0,"enemies":"2 Louse","floor":3,"turns":1},{"damage":45,"enemies":"3 Sentries","floor":6,"turns":9},{"damage":0,"enemies":"Blue Slaver","floor":7,"turns":4},{"damage":3,"enemies":"Exordium Wildlife","floor":10,"turns":3}],"seed_played":"6473097486102727578","potions_obtained":[{"floor":2,"key":"Explosive Potion"},{"floor":7,"key":"Strength Potion"},{"floor":10,"key":"Fire Potion"}],"is_trial":false,"path_per_floor":["M","M","M","?","$","E","M","?","T","M","R"],"character_chosen":"DEFECT","items_purchased":[],"campfire_rested":0,"item_purchase_floors":[],"current_hp_per_floor":[68,68,68,68,68,23,23,28,28,25,25],"gold":120,"neow_bonus":"THREE_ENEMY_KILL","is_prod":false,"is_daily":false,"chose_seed":false,"campfire_upgraded":1,"win_rate":0,"timestamp":1555956481,"path_taken":["M","M","?","?","$","E","M","?","T","M","R"],"build_version":"2019-01-23","purchased_purges":1,"victory":false,"max_hp_per_floor":[75,75,75,75,75,75,75,80,80,80,80],"card_choices":[{"not_picked":["Steam","Turbo","Beam Cell"],"picked":"SKIP","floor":1},{"not_picked":["Go for the Eyes","Reprogram","Barrage"],"picked":"SKIP","floor":2},{"not_picked":["Darkness","Streamline"],"picked":"Gash","floor":3},{"not_picked":["Fission","Redo","Cold Snap"],"picked":"SKIP","floor":6},{"not_picked":["Rip and Tear","Blizzard","Reprogram"],"picked":"SKIP","floor":7},{"not_picked":["Recycle","Reprogram"],"picked":"Sweeping Beam","floor":10}],"player_experience":721246,"relics_obtained":[{"floor":6,"key":"Bottled Flame"},{"floor":9,"key":"Ancient Tea Set"}],"event_choices":[{"cards_removed":["Strike_B"],"damage_healed":0,"gold_gain":0,"player_choice":"Card Removal","damage_taken":0,"max_hp_gain":0,"max_hp_loss":0,"event_name":"The Cleric","floor":4,"gold_loss":50},{"damage_healed":0,"gold_gain":0,"player_choice":"Donut","damage_taken":0,"max_hp_gain":5,"max_hp_loss":0,"event_name":"Big Fish","floor":8,"gold_loss":0}],"is_beta":false,"boss_relics":[],"items_purged_floors":[5],"is_endless":false,"potions_floor_spawned":[2,7,10],"ascension_level":13}