{"gold_per_floor":[113,44,119,139,150,177,177,204,256,256,256,290,290,290,290,411,411,424,392,392,425,450,450,481,481,481,481,505,505,505,543,543,543],"floor_reached":33,"playtime":1091,"items_purged":[],"score":314,"play_id":"ebdb21e2-e208-42bc-a086-1d5b766dc2c8","local_time":"20190309231246","is_ascension_mode":true,"campfire_choices":[{"data":"Whirlwind","floor":7,"key":"SMITH"},{"data":"Uppercut","floor":11,"key":"SMITH"},{"floor":15,"key":"REST"},{"data":"Rampage","floor":23,"key":"SMITH"},{"data":"Rampage","floor":25,"key":"SMITH"},{"data":"Rage","floor":29,"key":"SMITH"},{"data":"Bash","floor":32,"key":"SMITH"}],"neow_cost":"NONE","seed_source_timestamp":30755509310223,"circlet_count":0,"master_deck":["Strike_R","Strike_R","Defend_R","Defend_R","Defend_R","Defend_R","Bash+1","Uppercut+1","Rampage+1","Whirlwind+1","Rampage+1","Dropkick","Evolve","Rage+1","Shrug It Off+1"],"relics":["Burning Blood","Self Forming Clay","Strawberry","Bag of Preparation","Meat on the Bone","Golden Idol","Anchor","Black Star","Red Mask","Pen Nib","Toxic Egg 2","Nloth\u0027s Gift","Shuriken","Boot"],"potions_floor_usage":[6,6,12,21,33,33],"damage_taken":[{"damage":6,"enemies":"Cultist","floor":1,"turns":3},{"damage":7,"enemies":"Small Slimes","floor":4,"turns":3},{"damage":4,"enemies":"2 Louse","floor":5,"turns":2},{"damage":30,"enemies":"3 Sentries","floor":6,"turns":8},{"damage":33,"enemies":"Lagavulin","floor":8,"turns":5},{"damage":19,"enemies":"3 Sentries","floor":12,"turns":5},{"damage":29,"enemies":"The Guardian","floor":16,"turns":10},{"damage":13,"enemies":"Shell Parasite","floor":18,"turns":6},{"damage":17,"enemies":"2 Thieves","floor":19,"turns":5},{"damage":28,"enemies":"Masked Bandits","floor":21,"turns":4},{"damage":13,"enemies":"Snecko","floor":22,"turns":6},{"damage":19,"enemies":"Gremlin Leader","floor":24,"turns":6},{"damage":18,"enemies":"Chosen and Byrds","floor":28,"turns":6},{"damage":32,"enemies":"Book of Stabbing","floor":31,"turns":6},{"damage":38,"enemies":"Champ","floor":33,"turns":10}],"seed_played":"-3167035485427394818","potions_obtained":[{"floor":1,"key":"Swift Potion"},{"floor":4,"key":"Fire Potion"},{"floor":12,"key":"Fruit Juice"},{"floor":16,"key":"LiquidBronze"},{"floor":22,"key":"LiquidBronze"},{"floor":31,"key":"Block Potion"}],"is_trial":false,"path_per_floor":["M","$","?","M","M","E","R","E","T","?","R","E","?","T","R","B",null,"M","M","?","?","M","R","E","R","T","?","M","R","?","E","R","B"],"character_chosen":"IRONCLAD","items_purchased":["Whirlwind"],"campfire_rested":1,"item_purchase_floors":[2],"current_hp_per_floor":[80,80,69,68,70,46,46,26,26,26,26,18,18,18,43,32,85,78,67,67,57,50,50,49,49,49,49,49,49,49,35,35,0],"gold":543,"neow_bonus":"TRANSFORM_CARD","is_prod":false,"is_daily":false,"chose_seed":false,"campfire_upgraded":6,"win_rate":0,"timestamp":1552198366,"path_taken":["M","$","?","M","M","E","R","E","T","?","R","E","?","?","R","BOSS","M","?","?","?","M","R","E","R","T","?","M","R","?","E","R","BOSS"],"build_version":"2019-01-23","purchased_purges":0,"victory":false,"max_hp_per_floor":[80,80,80,80,80,80,80,87,87,87,87,92,85,85,85,85,85,85,85,85,85,85,85,85,85,85,85,85,85,85,85,85,85],"card_choices":[{"not_picked":["Feel No Pain","Thunderclap"],"picked":"Rampage","floor":1},{"not_picked":["Headbutt","Wild Strike"],"picked":"Rampage","floor":4},{"not_picked":["Perfected Strike","Anger","Cleave"],"picked":"SKIP","floor":5},{"not_picked":["Clothesline","Wild Strike","Juggernaut"],"picked":"SKIP","floor":6},{"not_picked":["Warcry","Hemokinesis","Feel No Pain"],"picked":"SKIP","floor":8},{"not_picked":["Cleave","Infernal Blade","Disarm"],"picked":"SKIP","floor":12},{"not_picked":["Heavy Blade+1","Sword Boomerang","Pommel Strike"],"picked":"SKIP","floor":18},{"not_picked":["Disarm","Metallicize+1"],"picked":"Dropkick","floor":19},{"not_picked":["Spot Weakness","Shrug It Off","Thunderclap"],"picked":"SKIP","floor":22},{"not_picked":["Whirlwind+1","Rampage","Armaments"],"picked":"SKIP","floor":24},{"not_picked":["Headbutt","Flex+1"],"picked":"Shrug It Off+1","floor":28},{"not_picked":["Rampage","Sword Boomerang","Body Slam"],"picked":"SKIP","floor":31}],"player_experience":797153,"relics_obtained":[{"floor":6,"key":"Self Forming Clay"},{"floor":8,"key":"Strawberry"},{"floor":9,"key":"Bag of Preparation"},{"floor":12,"key":"Meat on the Bone"},{"floor":14,"key":"Anchor"},{"floor":21,"key":"Red Mask"},{"floor":24,"key":"Dream Catcher"},{"floor":24,"key":"Pen Nib"},{"floor":26,"key":"Toxic Egg 2"},{"floor":31,"key":"Shuriken"},{"floor":31,"key":"Boot"}],"event_choices":[{"damage_healed":0,"gold_gain":75,"player_choice":"Gather Gold","damage_taken":11,"max_hp_gain":0,"max_hp_loss":0,"event_name":"World of Goop","floor":3,"gold_loss":0},{"damage_healed":0,"gold_gain":0,"player_choice":"Searched \u00271\u0027 times","damage_taken":0,"max_hp_gain":0,"max_hp_loss":0,"event_name":"Dead Adventurer","floor":10,"gold_loss":0},{"damage_healed":0,"gold_gain":0,"player_choice":"Lose Max HP","damage_taken":0,"relics_obtained":["Golden Idol"],"max_hp_gain":0,"max_hp_loss":7,"event_name":"Golden Idol","floor":13,"gold_loss":0},{"damage_healed":0,"gold_gain":0,"cards_transformed":["Strike_R","Strike_R"],"player_choice":"Became Test Subject","damage_taken":0,"max_hp_gain":0,"max_hp_loss":0,"event_name":"Drug Dealer","floor":20,"gold_loss":0,"cards_obtained":["Evolve","Rage"]},{"damage_healed":0,"gold_gain":0,"player_choice":"Fought Bandits","damage_taken":0,"max_hp_gain":0,"max_hp_loss":0,"event_name":"Masked Bandits","floor":21,"gold_loss":0},{"damage_healed":0,"gold_gain":0,"player_choice":"Ignored","damage_taken":0,"max_hp_gain":0,"max_hp_loss":0,"event_name":"Vampires","floor":27,"gold_loss":0},{"damage_healed":0,"gold_gain":0,"player_choice":"Traded Relic","damage_taken":0,"relics_obtained":["Nloth\u0027s Gift"],"max_hp_gain":0,"max_hp_loss":0,"event_name":"N\u0027loth","floor":30,"relics_lost":["Dream Catcher"],"gold_loss":0}],"is_beta":false,"boss_relics":[{"not_picked":["Tiny House","Eternal Feather"],"picked":"Black Star"}],"items_purged_floors":[],"is_endless":false,"potions_floor_spawned":[1,4,12,16,22,31],"killed_by":"Champ","ascension_level":1}