{"gold_per_floor":[117,135,152,227,245,276,276,310,356,356,356,29,57,73,73,177,177,189,288,299,309,309,334,0,19,19,32,46,66,66,81,81,178,178,190,190,190,190,207,241,258,258,258,105,120,137,156,187,187,187],"floor_reached":51,"playtime":2640,"items_purged":["Decay"],"score":1052,"play_id":"ee457235-7d2f-4249-8739-8d43a9b0d1ee","local_time":"20180803144224","is_ascension_mode":true,"campfire_choices":[{"data":"Neutralize","floor":7.0,"key":"SMITH"},{"data":"Noxious Fumes","floor":15.0,"key":"SMITH"},{"data":"After Image","floor":32,"key":"SMITH"},{"data":"Envenom","floor":42,"key":"SMITH"},{"data":"Footwork","floor":49,"key":"SMITH"}],"neow_cost":"NONE","seed_source_timestamp":0,"circlet_count":0,"master_deck":["Defend_G","Defend_G","Defend_G","Defend_G","Defend_G","Strike_G","Strike_G","Strike_G","Strike_G","Strike_G","Survivor","Neutralize+1","Infinite Blades","Dagger Spray","Backflip","Endless Agony","Underhanded Strike","Dodge and Roll","Noxious Fumes+1","Dagger Spray","Finisher","Backflip","After Image+1","Dagger Spray","Flying Knee","Dash","Footwork+1","Cloak And Dagger+1","Envenom+1","PiercingWail+1","Sucker Punch+1","Die Die Die","Cloak And Dagger+1","Acrobatics+1","Writhe","Terror+1","Cloak And Dagger+1","Noxious Fumes+1","Writhe","Skewer","Flying Knee+1","Footwork+1"],"special_seed":0,"relics":["Coffee Dripper","Juzu Bracelet","Darkstone Periapt","Art of War","Boot","Shuriken","Vajra","Cursed Key","Potion Belt","Turnip","Bottled Tornado","White Beast Statue","Ice Cream","Kunai","Gremlin Horn","Frozen Egg 2"],"potions_floor_usage":[40,45,46,47,47,50,50,50,50,50],"damage_taken":[{"damage":0.0,"enemies":"Cultist","floor":1.0,"turns":4.0},{"damage":0.0,"enemies":"2 Louse","floor":2.0,"turns":2.0},{"damage":0.0,"enemies":"Small Slimes","floor":3.0,"turns":3.0},{"damage":0.0,"enemies":"Exordium Wildlife","floor":5.0,"turns":4.0},{"damage":4.0,"enemies":"3 Sentries","floor":6.0,"turns":8.0},{"damage":22.0,"enemies":"Gremlin Nob","floor":8.0,"turns":5.0},{"damage":3.0,"enemies":"3 Sentries","floor":13.0,"turns":5.0},{"damage":3.0,"enemies":"3 Louse","floor":14.0,"turns":2.0},{"damage":0.0,"enemies":"Slime Boss","floor":16.0,"turns":6.0},{"damage":0.0,"enemies":"3 Byrds","floor":18.0,"turns":3.0},{"damage":1.0,"enemies":"Chosen","floor":20.0,"turns":4.0},{"damage":24.0,"enemies":"Snake Plant","floor":21.0,"turns":4.0},{"damage":16.0,"enemies":"Book of Stabbing","floor":23.0,"turns":5.0},{"damage":6.0,"enemies":"3 Cultists","floor":25.0,"turns":4.0},{"damage":4.0,"enemies":"Sentry and Sphere","floor":27.0,"turns":5.0},{"damage":0,"enemies":"Chosen and Byrds","floor":28,"turns":5},{"damage":0,"enemies":"Snake Plant","floor":29,"turns":4},{"damage":2,"enemies":"3 Cultists","floor":31,"turns":4},{"damage":0,"enemies":"Automaton","floor":33,"turns":6},{"damage":19,"enemies":"3 Shapes","floor":35,"turns":5},{"damage":0,"floor":36,"turns":6},{"damage":0,"enemies":"Orb Walker","floor":39,"turns":4},{"damage":11,"enemies":"2 Orb Walkers","floor":40,"turns":4},{"damage":16,"enemies":"3 Darklings","floor":41,"turns":4},{"damage":19,"enemies":"Sphere and 2 Shapes","floor":45,"turns":4},{"damage":0,"enemies":"Maw","floor":46,"turns":6},{"damage":25,"enemies":"Transient","floor":47,"turns":5},{"damage":0,"enemies":"Giant Head","floor":48,"turns":7},{"damage":28,"enemies":"Time Eater","floor":50,"turns":9}],"seed_played":"1755074037911520839","potions_obtained":[{"floor":1.0,"key":"GamblersBrew"},{"floor":5.0,"key":"Weak Potion"},{"floor":6.0,"key":"LiquidBronze"},{"floor":8.0,"key":"Poison Potion"},{"floor":14.0,"key":"PowerPotion"},{"floor":21.0,"key":"SkillPotion"},{"floor":23.0,"key":"Strength Potion"},{"floor":25.0,"key":"SteroidPotion"},{"floor":27,"key":"SpeedPotion"},{"floor":31,"key":"Poison Potion"},{"floor":35,"key":"Dexterity Potion"},{"floor":40,"key":"PowerPotion"},{"floor":45,"key":"Regen Potion"},{"floor":46,"key":"Regen Potion"},{"floor":47,"key":"Strength Potion"},{"floor":48,"key":"GamblersBrew"}],"is_trial":false,"path_per_floor":["M","M","M","?","M","E","R","E","T","?","?","$","E","M","R","B",null,"M","?","M","M","?","E","?","M","T","M","M","M","?","M","R","B",null,"M","?","?","?","M","E","M","R","T","$","M","M","M","E","R","B"],"character_chosen":"THE_SILENT","items_purchased":["Shuriken","Noxious Fumes","Dagger Spray","Skewer"],"campfire_rested":0,"item_purchase_floors":[12,12,12,44],"current_hp_per_floor":[70,70,70,59,59,55,55,33,33,30,30,30,27,24,24,24,70,70,70,69,45,45,29,29,23,29,25,25,25,25,23,23,23,76,57,57,82,82,82,71,55,55,61,61,42,57,47,47,47,19],"gold":187,"neow_bonus":"BOSS_RELIC","is_prod":false,"is_daily":false,"chose_seed":false,"campfire_upgraded":5,"win_rate":0,"timestamp":1533300144,"path_taken":["M","M","M","?","M","E","R","E","T","?","?","?","E","M","R","BOSS","M","?","M","M","?","E","?","M","T","M","M","M","?","M","R","BOSS","M","?","?","?","M","E","M","R","T","$","M","M","M","E","R","BOSS"],"build_version":"2018-08-02","purchased_purges":1,"victory":true,"max_hp_per_floor":[70,70,70,70,70,70,70,70,70,70,70,70,70,70,70,70,70,70,70,70,70,70,70,70,70,76,76,76,76,76,76,76,76,76,76,76,82,82,82,82,82,82,88,88,88,88,88,88,88,88],"card_choices":[{"not_picked":["Bane","All Out Attack"],"picked":"Infinite Blades","floor":1.0},{"not_picked":["Caltrops","Dagger Throw"],"picked":"Dagger Spray","floor":2.0},{"not_picked":["Underhanded Strike","Deadly Poison"],"picked":"Backflip","floor":3.0},{"not_picked":["Underhanded Strike","Quick Slash"],"picked":"Endless Agony","floor":5.0},{"not_picked":["Calculated Gamble","Deadly Poison"],"picked":"Underhanded Strike","floor":6.0},{"not_picked":["Well Laid Plans","Venomology"],"picked":"Dodge and Roll","floor":8.0},{"not_picked":["Predator","Poisoned Stab"],"picked":"Finisher","floor":13.0},{"not_picked":["Reflex","Quick Slash"],"picked":"Backflip","floor":14.0},{"not_picked":["Burst","Grand Finale"],"picked":"After Image","floor":16.0},{"not_picked":["Outmaneuver","Acrobatics"],"picked":"Dagger Spray","floor":18.0},{"not_picked":["Leg Sweep","Poisoned Stab"],"picked":"Flying Knee","floor":20.0},{"not_picked":["Crippling Poison","Blade Dance"],"picked":"Dash","floor":21.0},{"not_picked":["Poisoned Stab","Expertise","Acrobatics"],"picked":"SKIP","floor":23.0},{"not_picked":["Outmaneuver","Bane"],"picked":"Footwork","floor":25.0},{"not_picked":["Underhanded Strike","Deflect"],"picked":"Cloak And Dagger+1","floor":27},{"not_picked":["Blade Dance","Masterful Stab+1"],"picked":"Envenom","floor":28},{"not_picked":["Acrobatics","Predator"],"picked":"PiercingWail+1","floor":29},{"not_picked":["Flechettes+1","Blade Dance+1"],"picked":"Sucker Punch+1","floor":31},{"not_picked":["Venomology","Storm of Steel"],"picked":"Die Die Die","floor":33},{"not_picked":["Blur+1","Quick Slash"],"picked":"Cloak And Dagger+1","floor":35},{"not_picked":["Flying Knee","Flechettes"],"picked":"Acrobatics+1","floor":36},{"not_picked":["Concentrate+1","Cloak And Dagger"],"picked":"Terror+1","floor":39},{"not_picked":["Sucker Punch","Escape Plan+1"],"picked":"Cloak And Dagger+1","floor":40},{"not_picked":["Flying Knee","Caltrops"],"picked":"Noxious Fumes+1","floor":41},{"not_picked":["Slice+1","Riddle With Holes","Masterful Stab+1"],"picked":"SKIP","floor":45},{"not_picked":["Quick Slash","Escape Plan+1"],"picked":"Flying Knee+1","floor":46},{"not_picked":["Escape Plan+1","Eviscerate+1","Bane"],"picked":"SKIP","floor":47},{"not_picked":["Phantasmal Killer","Bullet Time"],"picked":"Footwork+1","floor":48}],"player_experience":214857,"relics_obtained":[{"floor":6.0,"key":"Juzu Bracelet"},{"floor":8.0,"key":"Darkstone Periapt"},{"floor":9.0,"key":"Art of War"},{"floor":13.0,"key":"Vajra"},{"floor":23.0,"key":"Turnip"},{"floor":26.0,"key":"Bottled Tornado"},{"floor":36,"key":"Ice Cream"},{"floor":40,"key":"Kunai"},{"floor":43,"key":"Gremlin Horn"},{"floor":48,"key":"Frozen Egg 2"}],"event_choices":[{"event_name":"World of Goop","player_choice":"Gather Gold","floor":4.0,"damage_taken":0.0},{"event_name":"Scrap Ooze","player_choice":"success","floor":10.0,"damage_taken":3.0},{"event_name":"Liars Game","player_choice":"disagreed","floor":11.0,"damage_taken":0.0},{"event_name":"Nest","player_choice":"Stole From Cult","floor":19.0,"damage_taken":0.0},{"event_name":"The Mausoleum","player_choice":"Yes","floor":22.0,"damage_taken":0.0},{"event_name":"Masked Bandits","player_choice":"Paid Bandits 334 gold","floor":24.0,"damage_taken":0.0},{"event_name":"Beggar","player_choice":"Ignored","floor":30,"damage_taken":0},{"event_name":"MindBloom","player_choice":"Fight","floor":36,"damage_taken":0},{"event_name":"Winding Halls","player_choice":"Writhe","floor":37,"damage_taken":0},{"event_name":"FaceTrader","player_choice":"Leave","floor":38,"damage_taken":0}],"is_beta":false,"boss_relics":[{"not_picked":["Runic Dome","Fusion Hammer"],"picked":"Cursed Key"},{"not_picked":["Pandora\u0027s Box","Calling Bell"],"picked":"White Beast Statue"}],"items_purged_floors":[44],"is_endless":false,"potions_floor_spawned":[1,5,6,8,14,21,23,25,27,31,35,36,39,40,41,45,46,47,48],"ascension_level":3}