{"gold_per_floor":[369,33,0,0,0,0,10,10,10,28,43,73,90,103,103,179,179,193,193,171,171],"floor_reached":21,"playtime":752,"items_purged":[],"score":362,"play_id":"52b891a7-1b22-4dd6-b50a-ecc00b8038ca","local_time":"20181226124834","is_ascension_mode":true,"campfire_choices":[{"data":"Terror","floor":6,"key":"SMITH"},{"data":"Neutralize","floor":8,"key":"SMITH"},{"floor":15,"key":"REST"}],"neow_cost":"PERCENT_DAMAGE","seed_source_timestamp":417504610225411,"circlet_count":0,"master_deck":["AscendersBane","Defend_G","Defend_G","Defend_G","Defend_G","Defend_G","Strike_G","Strike_G","Strike_G","Strike_G","Strike_G","Survivor","Neutralize+1","Terror+1","Caltrops","Noxious Fumes","PiercingWail","Backstab","Crippling Poison","Corpse Explosion"],"relics":["Ring of the Snake","Dead Branch","Shuriken","Anchor","Snecko Eye"],"potions_floor_usage":[12],"damage_taken":[{"damage":7,"enemies":"Small Slimes","floor":1,"turns":4},{"damage":2,"enemies":"Jaw Worm","floor":7,"turns":5},{"damage":0,"enemies":"Cultist","floor":10,"turns":2},{"damage":1,"enemies":"Large Slime","floor":11,"turns":5},{"damage":29,"enemies":"3 Sentries","floor":12,"turns":7},{"damage":0,"enemies":"Red Slaver","floor":13,"turns":2},{"damage":8,"enemies":"Exordium Thugs","floor":14,"turns":4},{"damage":14,"enemies":"The Guardian","floor":16,"turns":11},{"damage":0,"enemies":"3 Byrds","floor":18,"turns":2},{"damage":29,"enemies":"2 Thieves","floor":20,"turns":4},{"damage":22,"enemies":"Snake Plant","floor":21,"turns":4}],"seed_played":"-2967654340830987440","potions_obtained":[{"floor":7,"key":"SkillPotion"},{"floor":10,"key":"SpeedPotion"},{"floor":12,"key":"AttackPotion"},{"floor":13,"key":"Dexterity Potion"},{"floor":20,"key":"PowerPotion"}],"is_trial":false,"path_per_floor":["M","$","?","$","?","R","M","R","T","M","M","E","M","M","R","B",null,"M","?","M","M"],"character_chosen":"THE_SILENT","items_purchased":["Dead Branch"],"campfire_rested":1,"item_purchase_floors":[2],"current_hp_per_floor":[37,37,37,37,59,59,57,57,57,57,56,27,27,19,38,24,56,56,50,21,0],"gold":171,"neow_bonus":"TWO_FIFTY_GOLD","is_prod":false,"is_daily":false,"chose_seed":false,"campfire_upgraded":2,"win_rate":0,"timestamp":1545824914,"path_taken":["M","$","?","$","?","R","M","R","T","?","M","E","M","?","R","BOSS","M","?","?","M"],"build_version":"2018-12-20","purchased_purges":0,"victory":false,"max_hp_per_floor":[66,66,66,66,66,66,66,66,66,66,66,66,66,66,66,66,66,66,66,66,66],"card_choices":[{"not_picked":["Outmaneuver","Riddle With Holes"],"picked":"Terror","floor":1},{"not_picked":["Quick Slash","Bane"],"picked":"Caltrops","floor":7},{"not_picked":["Terror","Sucker Punch"],"picked":"Noxious Fumes","floor":10},{"not_picked":["Finisher","Poisoned Stab"],"picked":"PiercingWail","floor":11},{"not_picked":["Calculated Gamble","Choke"],"picked":"Backstab","floor":12},{"not_picked":["Bane","Noxious Fumes"],"picked":"Crippling Poison","floor":13},{"not_picked":["Backflip","Sucker Punch","Poisoned Stab"],"picked":"SKIP","floor":14},{"not_picked":["Grand Finale","Tools of the Trade"],"picked":"Corpse Explosion","floor":16},{"not_picked":["Slice","Acrobatics","Poisoned Stab"],"picked":"SKIP","floor":18},{"not_picked":["Bane","Predator","Quick Slash"],"picked":"SKIP","floor":20}],"player_experience":1022019,"relics_obtained":[{"floor":9,"key":"Shuriken"},{"floor":12,"key":"Anchor"}],"event_choices":[{"damage_healed":0,"gold_gain":0,"player_choice":"Left Gold","damage_taken":0,"max_hp_gain":0,"max_hp_loss":0,"event_name":"World of Goop","floor":3,"gold_loss":33},{"damage_healed":22,"gold_gain":0,"player_choice":"Banana","damage_taken":0,"max_hp_gain":0,"max_hp_loss":0,"event_name":"Big Fish","floor":5,"gold_loss":0},{"damage_healed":0,"gold_gain":0,"player_choice":"","damage_taken":6,"max_hp_gain":0,"max_hp_loss":0,"event_name":"Knowing Skull","floor":19,"potions_obtained":[],"gold_loss":0,"cards_obtained":[]}],"is_beta":false,"boss_relics":[{"not_picked":["Runic Dome","Lizard Tail"],"picked":"Snecko Eye"}],"items_purged_floors":[],"is_endless":false,"potions_floor_spawned":[7,10,12,13,18,20],"killed_by":"Snake Plant","ascension_level":20}