{"gold_per_floor":[11,23,38,53,76,76,94,128,128,128,141,175,18,29,29,130,130,142,159,159,170,187,187,218,237,318,318,273,273,287,320,320,425,425,440,457,1456,1456,872,901,901],"floor_reached":41,"playtime":2058,"items_purged":["Normality"],"score":500,"play_id":"64dccf35-3d42-41f2-a66e-c3b53348bd05","local_time":"20190319165724","is_ascension_mode":false,"campfire_choices":[{"data":"Gash","floor":6,"key":"SMITH"},{"floor":15,"key":"REST"},{"data":"Defragment","floor":23,"key":"SMITH"},{"data":"Thunder Strike","floor":27,"key":"SMITH"},{"data":"Electrodynamics","floor":29,"key":"SMITH"},{"floor":32,"key":"REST"}],"neow_cost":"NO_GOLD","seed_source_timestamp":4453960083226,"circlet_count":0,"master_deck":["Defend_B","Defend_B","Defend_B","Defend_B","Zap","Dualcast+1","Conserve Battery","Defragment+1","White Noise+1","Capacitor","Capacitor","Barrage","Meteor Strike","Electrodynamics+1","All For One+1","Double Energy+1","Cold Snap+1","Leap+1","Barrage","Thunder Strike+1","Capacitor","Leap","Conserve Battery","Ball Lightning","Cold Snap","Clumsy","Conserve Battery","Thunder Strike","Coolheaded"],"relics":["Cracked Core","Orichalcum","War Paint","Cables","Ice Cream","Art of War","Astrolabe","FossilizedHelix","Ornamental Fan","Eternal Feather","Question Card","Boot"],"potions_floor_usage":[11,16,16,16,16,24],"damage_taken":[{"damage":1,"enemies":"Cultist","floor":1,"turns":3},{"damage":2,"enemies":"Small Slimes","floor":2,"turns":4},{"damage":0,"enemies":"2 Louse","floor":3,"turns":2},{"damage":17,"enemies":"Gremlin Gang","floor":4,"turns":6},{"damage":2,"enemies":"2 Fungi Beasts","floor":7,"turns":4},{"damage":24,"enemies":"Gremlin Nob","floor":8,"turns":5},{"damage":4,"enemies":"Blue Slaver","floor":11,"turns":3},{"damage":14,"enemies":"Lagavulin","floor":12,"turns":6},{"damage":12,"enemies":"Exordium Thugs","floor":14,"turns":5},{"damage":19,"enemies":"The Guardian","floor":16,"turns":10},{"damage":4,"enemies":"3 Byrds","floor":18,"turns":2},{"damage":5,"enemies":"Chosen","floor":19,"turns":4},{"damage":0,"enemies":"Snecko","floor":21,"turns":5},{"damage":12,"enemies":"Chosen and Byrds","floor":22,"turns":6},{"damage":6,"enemies":"Gremlin Leader","floor":24,"turns":6},{"damage":0,"enemies":"Centurion and Healer","floor":25,"turns":6},{"damage":7,"enemies":"Snecko","floor":30,"turns":4},{"damage":28,"enemies":"Book of Stabbing","floor":31,"turns":5},{"damage":15,"enemies":"Automaton","floor":33,"turns":6},{"damage":0,"enemies":"3 Shapes","floor":35,"turns":3},{"damage":6,"enemies":"Orb Walker","floor":36,"turns":3},{"damage":40,"enemies":"Giant Head","floor":40,"turns":9},{"damage":29,"enemies":"Writhing Mass","floor":41,"turns":3}],"seed_played":"-8767660087051993054","potions_obtained":[{"floor":1,"key":"Ancient Potion"},{"floor":7,"key":"Regen Potion"},{"floor":10,"key":"Ancient Potion"},{"floor":11,"key":"EntropicBrew"},{"floor":12,"key":"SteroidPotion"},{"floor":14,"key":"EssenceOfSteel"},{"floor":16,"key":"GamblersBrew"},{"floor":24,"key":"LiquidBronze"},{"floor":31,"key":"Dexterity Potion"}],"is_trial":false,"path_per_floor":["M","M","M","M","T","R","M","E","T","?","M","E","$","M","R","B",null,"M","M","?","M","M","R","E","M","T","R","$","R","M","E","R","B",null,"M","M","?","?","$","E","M"],"character_chosen":"DEFECT","items_purchased":["Art of War","Ball Lightning","Conserve Battery","Question Card","Thunder Strike","PowerPotion"],"campfire_rested":2,"item_purchase_floors":[13,28,39,39,39,39],"current_hp_per_floor":[74,72,72,55,55,55,53,29,29,29,34,20,20,8,30,11,75,71,66,66,66,54,54,48,48,48,48,48,48,41,13,35,20,75,75,69,69,69,69,29,0],"gold":901,"neow_bonus":"REMOVE_TWO","is_prod":false,"is_daily":false,"chose_seed":false,"campfire_upgraded":4,"win_rate":0,"timestamp":1553025444,"path_taken":["M","M","?","M","?","R","M","E","T","?","M","E","$","?","R","BOSS","M","M","?","M","M","R","E","?","T","R","$","R","?","E","R","BOSS","M","?","?","?","$","E","?"],"build_version":"2019-01-23","purchased_purges":1,"victory":false,"max_hp_per_floor":[75,75,75,75,75,75,75,75,75,75,75,75,75,75,75,75,75,75,75,75,75,75,75,75,75,75,75,75,75,75,75,75,75,75,75,75,75,75,75,75,75],"card_choices":[{"not_picked":["Skim","Redo"],"picked":"Conserve Battery","floor":1},{"not_picked":["Fusion","Recycle"],"picked":"Defragment","floor":2},{"not_picked":["Stack","Conserve Battery"],"picked":"Gash","floor":3},{"not_picked":["Steam","Heatsinks"],"picked":"White Noise","floor":4},{"not_picked":["Undo","Heatsinks"],"picked":"Capacitor","floor":7},{"not_picked":["Go for the Eyes","Hello World"],"picked":"Capacitor","floor":8},{"not_picked":["Force Field","Sweeping Beam"],"picked":"Darkness","floor":11},{"not_picked":["Stack","Fusion"],"picked":"Barrage","floor":12},{"not_picked":["Redo","Blizzard"],"picked":"Meteor Strike","floor":14},{"not_picked":["Meteor Strike","Amplify"],"picked":"Electrodynamics","floor":16},{"not_picked":["Melter","Go for the Eyes"],"picked":"Leap+1","floor":18},{"not_picked":["Hello World","Rebound"],"picked":"Barrage","floor":19},{"not_picked":["Leap","Rebound"],"picked":"Capacitor","floor":21},{"not_picked":["Rebound+1","Gash"],"picked":"Leap","floor":22},{"not_picked":["Blizzard+1","Sweeping Beam","Amplify"],"picked":"SKIP","floor":24},{"not_picked":["Beam Cell","Compile Driver"],"picked":"Conserve Battery","floor":25},{"not_picked":["Turbo+1","Gash+1","Compile Driver"],"picked":"SKIP","floor":30},{"not_picked":["Redo","Rebound","Streamline"],"picked":"SKIP","floor":31},{"not_picked":["Redo","Static Discharge"],"picked":"Cold Snap","floor":35},{"not_picked":["Melter+1","Darkness","Turbo"],"picked":"SKIP","floor":36},{"not_picked":["Turbo+1","Rebound+1","Hello World+1"],"picked":"Coolheaded","floor":40}],"player_experience":345172,"relics_obtained":[{"floor":5,"key":"Orichalcum"},{"floor":8,"key":"War Paint"},{"floor":9,"key":"Cables"},{"floor":12,"key":"Ice Cream"},{"floor":24,"key":"FossilizedHelix"},{"floor":31,"key":"Ornamental Fan"},{"floor":40,"key":"Boot"}],"event_choices":[{"damage_healed":0,"gold_gain":0,"player_choice":"Got Potions","damage_taken":0,"max_hp_gain":0,"max_hp_loss":0,"event_name":"Lab","floor":10,"gold_loss":0},{"damage_healed":0,"gold_gain":0,"cards_transformed":["Darkness"],"player_choice":"Transformed","damage_taken":0,"max_hp_gain":0,"max_hp_loss":0,"event_name":"Transmorgrifier","floor":20,"gold_loss":0,"cards_obtained":["Thunder Strike"]},{"damage_healed":0,"gold_gain":999,"player_choice":"Gold","damage_taken":0,"max_hp_gain":0,"max_hp_loss":0,"event_name":"MindBloom","floor":37,"gold_loss":0,"cards_obtained":["Normality","Normality"]},{"damage_healed":0,"gold_gain":0,"cards_transformed":["Normality"],"player_choice":"Transformed","damage_taken":0,"max_hp_gain":0,"max_hp_loss":0,"event_name":"Transmorgrifier","floor":38,"gold_loss":0,"cards_obtained":["Clumsy"]}],"is_beta":false,"boss_relics":[{"not_picked":["Sozu","Velvet Choker"],"picked":"Astrolabe"},{"not_picked":["Philosopher\u0027s Stone","Runic Dome"],"picked":"Eternal Feather"}],"items_purged_floors":[39],"is_endless":false,"potions_floor_spawned":[1,7,11,12,14,16,24,25,30,31,33,40],"killed_by":"Writhing Mass","ascension_level":0}