{"gold_per_floor":[117,137,87,114,114,141,141,91,91,106,139,22,22,32,32,129,129,144,144,94,39,57,86,86,120,120,120,145,157,157,34,34,138,138,158,158,173,273,284,313,263,293,293,318,196,208,208,219,219,219],"floor_reached":51,"playtime":1753,"items_purged":["Strike_B","Strike_B","Strike_B","Injury","Thunder Strike+1","Defend_B+1"],"score":994,"play_id":"1ee5b7d9-00d5-461f-9897-7d5651918609","local_time":"20190227223704","is_ascension_mode":true,"campfire_choices":[{"data":"Darkness","floor":7,"key":"SMITH"},{"data":"Defragment","floor":13,"key":"SMITH"},{"data":"Dualcast","floor":15,"key":"SMITH"},{"data":"Buffer","floor":27,"key":"SMITH"},{"data":"Multi-Cast","floor":30,"key":"SMITH"},{"data":"Loop","floor":32,"key":"SMITH"},{"data":"Defragment","floor":49,"key":"SMITH"}],"neow_cost":"NONE","seed_source_timestamp":21275150610345,"circlet_count":0,"master_deck":["Dualcast+1","Darkness+1","Doom and Gloom","Chill+1","Multi-Cast+1","Defragment+1","Sunder","Buffer+1","Compile Driver","Conserve Battery","Compile Driver+1","Go for the Eyes+1","Loop+1","Amplify","Leap+1","Hyperbeam+1","Self Repair+1","Conserve Battery+1","Buffer","Defragment+1","FTL"],"relics":["Cracked Core","NeowsBlessing","Smiling Mask","PreservedInsect","Oddly Smooth Stone","Sundial","Nunchaku","Cursed Key","Tiny Chest","Vajra","Shuriken","Kunai","Bird Faced Urn","Astrolabe","Gambling Chip","Singing Bowl","War Paint","Bottled Lightning"],"potions_floor_usage":[16,16,23,25,28,40,40,40,40,48,50],"damage_taken":[{"damage":0,"enemies":"2 Louse","floor":1,"turns":1},{"damage":0,"enemies":"Jaw Worm","floor":2,"turns":1},{"damage":0,"enemies":"3 Sentries","floor":6,"turns":1},{"damage":0,"enemies":"Small Slimes","floor":10,"turns":3},{"damage":2,"enemies":"Gremlin Nob","floor":11,"turns":3},{"damage":7,"enemies":"2 Fungi Beasts","floor":14,"turns":3},{"damage":0,"enemies":"Slime Boss","floor":16,"turns":3},{"damage":4,"enemies":"Shell Parasite","floor":18,"turns":4},{"damage":0,"enemies":"Chosen","floor":22,"turns":4},{"damage":12,"enemies":"Book of Stabbing","floor":23,"turns":4},{"damage":11,"enemies":"Slavers","floor":25,"turns":3},{"damage":0,"enemies":"Book of Stabbing","floor":28,"turns":3},{"damage":0,"enemies":"3 Cultists","floor":29,"turns":5},{"damage":10,"enemies":"Collector","floor":33,"turns":7},{"damage":0,"enemies":"3 Shapes","floor":35,"turns":2},{"damage":0,"enemies":"3 Darklings","floor":37,"turns":5},{"damage":8,"enemies":"Mind Bloom Boss Battle","floor":38,"turns":6},{"damage":0,"enemies":"Sphere and 2 Shapes","floor":39,"turns":2},{"damage":9,"enemies":"Reptomancer","floor":40,"turns":5},{"damage":20,"enemies":"Nemesis","floor":42,"turns":5},{"damage":0,"enemies":"Reptomancer","floor":44,"turns":4},{"damage":0,"enemies":"Spire Growth","floor":46,"turns":5},{"damage":0,"enemies":"Transient","floor":48,"turns":5},{"damage":20,"enemies":"Awakened One","floor":50,"turns":8}],"seed_played":"945740604308817957","potions_obtained":[{"floor":2,"key":"Dexterity Potion"},{"floor":6,"key":"SteroidPotion"},{"floor":11,"key":"Strength Potion"},{"floor":22,"key":"GamblersBrew"},{"floor":25,"key":"Weak Potion"},{"floor":33,"key":"Poison Potion"},{"floor":39,"key":"EntropicBrew"},{"floor":42,"key":"Ancient Potion"},{"floor":44,"key":"Swift Potion"},{"floor":48,"key":"GamblersBrew"}],"is_trial":false,"path_per_floor":["M","M","?","T","?","E","R","$","T","M","E","$","R","M","R","B",null,"M","?","$","?","M","E","?","E","T","R","E","M","R","$","R","B",null,"M","?","M","?","M","E","$","E","T","E","$","M","?","M","R","B",null],"character_chosen":"DEFECT","items_purchased":["Defragment","Loop","Defragment"],"campfire_rested":0,"item_purchase_floors":[12,31,45],"current_hp_per_floor":[75,75,75,75,57,57,57,57,57,57,55,55,55,48,48,48,75,71,71,71,71,71,59,59,48,48,48,48,52,52,52,52,48,75,75,71,71,71,71,64,64,64,64,72,72,77,77,77,77,75],"gold":219,"neow_bonus":"THREE_ENEMY_KILL","is_prod":false,"is_daily":false,"chose_seed":false,"campfire_upgraded":7,"win_rate":0,"timestamp":1551332224,"path_taken":["M","M","?","?","?","E","R","$","T","M","E","$","R","M","R","BOSS","M","?","$","?","?","E","?","E","T","R","E","M","R","?","R","BOSS","M","?","M","?","M","E","$","E","T","E","$","M","?","?","R","BOSS"],"build_version":"2019-01-23","purchased_purges":6,"victory":true,"max_hp_per_floor":[75,75,75,75,75,75,75,75,75,75,75,75,75,75,75,75,75,75,75,75,75,75,75,75,75,75,75,75,75,75,75,75,75,75,75,71,71,71,71,73,73,75,75,75,75,77,77,77,77,77],"card_choices":[{"not_picked":["Barrage","Go for the Eyes"],"picked":"Darkness","floor":1},{"not_picked":["Go for the Eyes","Ball Lightning","Streamline"],"picked":"SKIP","floor":2},{"not_picked":["Gash","Streamline"],"picked":"Doom and Gloom","floor":6},{"not_picked":["Redo","Sweeping Beam"],"picked":"Chill","floor":10},{"not_picked":["Steam Power","Chill"],"picked":"Multi-Cast","floor":11},{"not_picked":["Beam Cell","Blizzard"],"picked":"Sunder","floor":14},{"not_picked":["Seek","Machine Learning"],"picked":"Buffer","floor":16},{"not_picked":["Turbo","Stack"],"picked":"Compile Driver","floor":18},{"not_picked":["Force Field","Go for the Eyes","Stack"],"picked":"SKIP","floor":22},{"not_picked":["Chill+1","Static Discharge","Cold Snap"],"picked":"SKIP","floor":23},{"not_picked":["Glacier","Capacitor"],"picked":"Conserve Battery","floor":25},{"not_picked":["Gash","Storm"],"picked":"Compile Driver+1","floor":28},{"not_picked":["Sunder","Redo"],"picked":"Go for the Eyes+1","floor":29},{"not_picked":["Meteor Strike","Seek"],"picked":"Amplify","floor":33},{"not_picked":["Auto Shields","Gash+1"],"picked":"Self Repair+1","floor":35},{"not_picked":["Redo","Glacier"],"picked":"Conserve Battery+1","floor":37},{"not_picked":["Beam Cell","Consume","Steam"],"picked":"SKIP","floor":39},{"not_picked":["Compile Driver","Capacitor","Chill+1"],"picked":"Singing Bowl","floor":40},{"not_picked":["Steam","Leap+1","Sweeping Beam"],"picked":"Singing Bowl","floor":42},{"not_picked":["Steam+1","Auto Shields"],"picked":"Buffer","floor":44},{"not_picked":["Chill+1","Rebound+1","Beam Cell+1"],"picked":"Singing Bowl","floor":46},{"not_picked":["Ball Lightning+1","Double Energy+1"],"picked":"FTL","floor":48}],"player_experience":772866,"relics_obtained":[{"floor":4,"key":"Smiling Mask"},{"floor":6,"key":"Oddly Smooth Stone"},{"floor":9,"key":"Sundial"},{"floor":11,"key":"Nunchaku"},{"floor":23,"key":"Vajra"},{"floor":25,"key":"Shuriken"},{"floor":26,"key":"Kunai"},{"floor":28,"key":"Bird Faced Urn"},{"floor":38,"key":"Gambling Chip"},{"floor":40,"key":"Singing Bowl"},{"floor":42,"key":"War Paint"},{"floor":44,"key":"Bottled Lightning"}],"event_choices":[{"cards_removed":["Strike_B"],"damage_healed":0,"gold_gain":0,"player_choice":"Card Removal","damage_taken":0,"max_hp_gain":0,"max_hp_loss":0,"event_name":"The Cleric","floor":3,"gold_loss":50},{"damage_healed":0,"gold_gain":0,"player_choice":"Success","damage_taken":18,"relics_obtained":["PreservedInsect"],"max_hp_gain":0,"max_hp_loss":0,"event_name":"Scrap Ooze","floor":5,"gold_loss":0},{"damage_healed":0,"gold_gain":0,"player_choice":"Ignored","damage_taken":0,"max_hp_gain":0,"max_hp_loss":0,"event_name":"Vampires","floor":19,"gold_loss":0},{"damage_healed":0,"gold_gain":0,"player_choice":"Obtained Relic","damage_taken":0,"relics_obtained":["Tiny Chest"],"max_hp_gain":0,"max_hp_loss":0,"event_name":"Addict","floor":21,"gold_loss":85},{"cards_removed":["Zap"],"damage_healed":0,"gold_gain":0,"player_choice":"Purged","damage_taken":0,"max_hp_gain":0,"max_hp_loss":0,"event_name":"Purifier","floor":24,"gold_loss":0},{"damage_healed":0,"gold_gain":0,"player_choice":"Max HP","damage_taken":0,"max_hp_gain":0,"max_hp_loss":4,"event_name":"Winding Halls","floor":36,"gold_loss":0},{"damage_healed":0,"gold_gain":0,"player_choice":"Fight","damage_taken":0,"max_hp_gain":0,"max_hp_loss":0,"event_name":"MindBloom","floor":38,"gold_loss":0},{"damage_healed":0,"gold_gain":0,"player_choice":"0 cards matched","damage_taken":0,"max_hp_gain":0,"max_hp_loss":0,"event_name":"Match and Keep!","floor":47,"gold_loss":0,"cards_obtained":[]}],"is_beta":false,"boss_relics":[{"not_picked":["Empty Cage","White Beast Statue"],"picked":"Cursed Key"},{"not_picked":["Runic Dome","Pandora\u0027s Box"],"picked":"Astrolabe"}],"items_purged_floors":[8,12,20,31,41,45],"is_endless":false,"potions_floor_spawned":[2,6,11,14,22,25,33,39,42,44,48],"ascension_level":1}