{"gold_per_floor":[114,114,134,134,20,20,54,54,54,54,64,81,92,120,120,225,225,243,276,276,293,311,311,325,325,325,100,120,120,132,232,232,328,328,344,344,566,578,32,32,60,60,60,93,205,217,10,21,21,21],"floor_reached":51,"playtime":2590,"items_purged":["Defend_R","Defend_R","Normality"],"score":788,"play_id":"aa18595c-7cab-4d0a-a3c9-266783bf4a50","local_time":"20190429095254","is_ascension_mode":false,"campfire_choices":[{"data":"Clothesline","floor":6.0,"key":"SMITH"},{"data":"Bash","floor":8.0,"key":"SMITH"},{"data":"Twin Strike","floor":10.0,"key":"SMITH"},{"data":"Uppercut","floor":15.0,"key":"SMITH"},{"data":"Perfected Strike","floor":23.0,"key":"SMITH"},{"data":"Heavy Blade","floor":25.0,"key":"SMITH"},{"data":"Spot Weakness","floor":29.0,"key":"SMITH"},{"floor":32.0,"key":"REST"},{"data":"Inflame","floor":40,"key":"SMITH"},{"data":"Panacea","floor":46,"key":"SMITH"},{"data":"Offering","floor":49,"key":"SMITH"}],"neow_cost":"NONE","seed_source_timestamp":1463515233912300,"circlet_count":0,"master_deck":["Strike_R+1","Strike_R+1","Strike_R","Strike_R","Strike_R","Defend_R","Bash+1","Twin Strike+1","Feel No Pain","Clothesline+1","PanicButton","Perfected Strike+1","Shrug It Off","True Grit","Uppercut+1","Reaper","Headbutt+1","Rampage","Spot Weakness+1","Shrug It Off","True Grit+1","Heavy Blade+1","Inflame+1","Headbutt","True Grit","Anger+1","Intimidate+1","Hemokinesis+1","Exhume","Havoc+1","PanicButton","Discovery","Panacea+1","Inflame","Exhume","Sentinel+1","Offering+1","Headbutt"],"special_seed":0,"relics":["Black Blood","Mercury Hourglass","Boot","Whetstone","Art of War","Red Mask","Juzu Bracelet","WingedGreaves","Self Forming Clay","Cursed Key","Orichalcum","Oddly Smooth Stone","Frozen Egg 2","Turnip","MawBank","FossilizedHelix"],"potions_floor_usage":[33,41,44,50,50,50],"damage_taken":[{"damage":0.0,"enemies":"Small Slimes","floor":1.0,"turns":5.0},{"damage":0.0,"enemies":"Cultist","floor":3.0,"turns":2.0},{"damage":15.0,"enemies":"3 Sentries","floor":7.0,"turns":5.0},{"damage":3.0,"enemies":"Jaw Worm","floor":11.0,"turns":3.0},{"damage":7.0,"enemies":"Blue Slaver","floor":12.0,"turns":3.0},{"damage":0.0,"enemies":"3 Louse","floor":13.0,"turns":2.0},{"damage":10.0,"enemies":"Gremlin Nob","floor":14.0,"turns":3.0},{"damage":31.0,"enemies":"The Guardian","floor":16.0,"turns":12.0},{"damage":10.0,"enemies":"Shell Parasite","floor":18.0,"turns":7.0},{"damage":16.0,"enemies":"Masked Bandits","floor":19.0,"turns":5.0},{"damage":0.0,"enemies":"Chosen","floor":21.0,"turns":4.0},{"damage":16.0,"enemies":"Shelled Parasite and Fungi","floor":22.0,"turns":7.0},{"damage":0.0,"enemies":"Centurion and Healer","floor":24.0,"turns":6.0},{"damage":24.0,"enemies":"Snake Plant","floor":28.0,"turns":3.0},{"damage":22.0,"enemies":"Sentry and Sphere","floor":30.0,"turns":4.0},{"damage":29.0,"enemies":"Colosseum Slavers","floor":31.0,"turns":5.0},{"damage":22.0,"enemies":"Colosseum Nobs","floor":31.0,"turns":6.0},{"damage":75,"enemies":"Collector","floor":33,"turns":10},{"damage":0,"enemies":"Orb Walker","floor":35,"turns":3},{"damage":20,"enemies":"3 Darklings","floor":38,"turns":7},{"damage":24,"enemies":"Reptomancer","floor":41,"turns":8},{"damage":16,"enemies":"Giant Head","floor":44,"turns":8},{"damage":0,"enemies":"Mind Bloom Boss Battle","floor":45,"turns":6},{"damage":16,"enemies":"Writhing Mass","floor":48,"turns":6},{"damage":31,"enemies":"Awakened One","floor":50,"turns":9}],"seed_played":"3747203863327563636","potions_obtained":[{"floor":1.0,"key":"Regen Potion"},{"floor":7.0,"key":"Fire Potion"},{"floor":11.0,"key":"SpeedPotion"},{"floor":13.0,"key":"LiquidBronze"},{"floor":24.0,"key":"FearPotion"},{"floor":28.0,"key":"SpeedPotion"},{"floor":33,"key":"Explosive Potion"},{"floor":41,"key":"PowerPotion"},{"floor":48,"key":"PowerPotion"}],"is_trial":false,"path_per_floor":["M","?","M","?","$","R","E","R","T","R","M","M","M","E","R","B",null,"M","?","?","M","M","R","M","R","T","$","M","R","M","?","R","B",null,"M","?","?","M","$","R","E","?","T","E","?","R","$","M","R","B",null],"character_chosen":"IRONCLAD","items_purchased":["Clothesline","PanicButton","Inflame","Headbutt","True Grit","Orichalcum","Inflame","Oddly Smooth Stone","Exhume","Strength Potion","Headbutt"],"campfire_rested":1,"item_purchase_floors":[5,5,27,27,27,39,39,39,39,47,47],"current_hp_per_floor":[80,62,68,68,68,68,59,59,59,59,62,61,67,63,63,38,80,80,79,79,80,80,80,80,80,80,80,66,66,54,55,79,29,80,80,70,70,76,76,76,76,76,76,70,80,80,80,80,80,80],"gold":21,"neow_bonus":"ONE_RANDOM_RARE_CARD","is_prod":false,"is_daily":false,"chose_seed":false,"campfire_upgraded":10,"win_rate":1,"timestamp":1556556774,"path_taken":["M","?","M","?","$","R","E","R","T","R","?","?","M","E","R","BOSS","M","?","?","M","M","R","M","R","T","$","M","R","M","?","R","BOSS","M","?","?","M","$","R","E","?","T","E","?","R","$","M","R","BOSS"],"build_version":"2019-01-23","purchased_purges":3,"victory":true,"max_hp_per_floor":[80,80,80,80,80,80,80,80,80,80,80,80,80,80,80,80,80,80,80,80,80,80,80,80,80,80,80,80,80,80,80,80,80,80,80,80,80,80,80,80,80,80,80,80,80,80,80,80,80,80],"card_choices":[{"not_picked":["Pommel Strike","Wild Strike"],"picked":"Twin Strike","floor":1.0},{"not_picked":["Cleave","Havoc"],"picked":"Feel No Pain","floor":3.0},{"not_picked":["Sword Boomerang","Dropkick","Havoc"],"picked":"SKIP","floor":7.0},{"not_picked":["Power Through","Shrug It Off"],"picked":"Perfected Strike","floor":11.0},{"not_picked":["Body Slam","Whirlwind"],"picked":"Shrug It Off","floor":12.0},{"not_picked":["Thunderclap","Fiend Fire"],"picked":"True Grit","floor":13.0},{"not_picked":["Sword Boomerang","Anger"],"picked":"Uppercut","floor":14.0},{"not_picked":["Limit Break","Demon Form"],"picked":"Reaper","floor":16.0},{"not_picked":["Clothesline","True Grit"],"picked":"Headbutt+1","floor":18.0},{"not_picked":["True Grit","Clothesline"],"picked":"Rampage","floor":19.0},{"not_picked":["Flex","Uppercut"],"picked":"Shrug It Off","floor":21.0},{"not_picked":["Pommel Strike","Twin Strike+1"],"picked":"True Grit+1","floor":22.0},{"not_picked":["Entrench+1","True Grit"],"picked":"Heavy Blade","floor":24.0},{"not_picked":["Iron Wave","Heavy Blade+1"],"picked":"Anger+1","floor":28.0},{"not_picked":["Fire Breathing","Sentinel"],"picked":"Intimidate+1","floor":30.0},{"not_picked":["Clash","Combust"],"picked":"Hemokinesis+1","floor":31.0},{"not_picked":["Reaper","Brutality"],"picked":"Exhume","floor":33},{"not_picked":["Wild Strike+1","True Grit"],"picked":"Havoc+1","floor":35},{"not_picked":["Dramatic Entrance","Dark Shackles"],"picked":"PanicButton","floor":36},{"not_picked":["Chrysalis","Impatience"],"picked":"Discovery","floor":36},{"not_picked":["Flash of Steel","Madness"],"picked":"Panacea","floor":36},{"not_picked":["Rampage+1","Rage","Combust+1"],"picked":"SKIP","floor":38},{"not_picked":["Warcry+1","Havoc"],"picked":"Sentinel+1","floor":41},{"not_picked":["Havoc","Wild Strike","Thunderclap+1"],"picked":"SKIP","floor":44},{"not_picked":["Hemokinesis+1","Reckless Charge+1","Sword Boomerang"],"picked":"SKIP","floor":48}],"player_experience":655772,"relics_obtained":[{"floor":7.0,"key":"Boot"},{"floor":9.0,"key":"Whetstone"},{"floor":14.0,"key":"Art of War"},{"floor":19.0,"key":"Red Mask"},{"floor":26.0,"key":"Juzu Bracelet"},{"floor":31.0,"key":"WingedGreaves"},{"floor":31.0,"key":"Self Forming Clay"},{"floor":41,"key":"Frozen Egg 2"},{"floor":43,"key":"Turnip"},{"floor":44,"key":"MawBank"},{"floor":45,"key":"FossilizedHelix"}],"event_choices":[{"damage_healed":0.0,"max_hp_gain":0.0,"max_hp_loss":0.0,"gold_gain":0.0,"event_name":"Scrap Ooze","player_choice":"Success","floor":2.0,"gold_loss":0.0,"damage_taken":18.0,"relics_obtained":["Mercury Hourglass"]},{"cards_removed":["Dark Embrace"],"damage_healed":0.0,"max_hp_gain":0.0,"max_hp_loss":0.0,"gold_gain":0.0,"event_name":"Wheel of Change","player_choice":"Card Removal","floor":4.0,"gold_loss":0.0,"damage_taken":0.0},{"damage_healed":0.0,"max_hp_gain":0.0,"max_hp_loss":0.0,"gold_gain":0.0,"event_name":"Masked Bandits","player_choice":"Fought Bandits","floor":19.0,"gold_loss":0.0,"damage_taken":0.0},{"damage_healed":0.0,"max_hp_gain":0.0,"max_hp_loss":0.0,"gold_gain":0.0,"event_name":"The Library","player_choice":"Read","floor":20.0,"gold_loss":0.0,"damage_taken":0.0,"cards_obtained":["Spot Weakness"]},{"damage_healed":0.0,"max_hp_gain":0.0,"max_hp_loss":0.0,"gold_gain":0.0,"event_name":"Colosseum","player_choice":"Fight","floor":31.0,"gold_loss":0.0,"damage_taken":0.0},{"damage_healed":0.0,"max_hp_gain":0.0,"max_hp_loss":0.0,"gold_gain":0.0,"event_name":"Colosseum","player_choice":"Fought Nobs","floor":31.0,"gold_loss":0.0,"damage_taken":0.0},{"damage_healed":0,"gold_gain":0,"player_choice":"Memory 3","damage_taken":10,"max_hp_gain":0,"max_hp_loss":0,"event_name":"SensoryStone","floor":36,"gold_loss":0},{"damage_healed":0,"gold_gain":222,"player_choice":"Wore Mask","damage_taken":0,"max_hp_gain":0,"max_hp_loss":0,"event_name":"Tomb of Lord Red Mask","floor":37,"gold_loss":0},{"damage_healed":0,"gold_gain":0,"cards_transformed":["Defend_R"],"player_choice":"Transformed","damage_taken":0,"max_hp_gain":0,"max_hp_loss":0,"event_name":"Transmorgrifier","floor":42,"gold_loss":0,"cards_obtained":["Offering"]},{"damage_healed":0,"gold_gain":0,"player_choice":"Fight","damage_taken":0,"max_hp_gain":0,"max_hp_loss":0,"event_name":"MindBloom","floor":45,"gold_loss":0}],"is_beta":false,"boss_relics":[{"not_picked":["Orrery","Tiny House"],"picked":"Black Blood"},{"not_picked":["Busted Crown","Runic Dome"],"picked":"Cursed Key"}],"items_purged_floors":[27,39,47],"is_endless":false,"potions_floor_spawned":[1,7,11,13,14,24,28,30,33,41,48],"ascension_level":0}