{"gold_per_floor":[112,129,129,54,68,94,94,122,147,164,164,223,250,270,270,344,344,344,344,294,99,99,99,99,99,99,99,99,2,2,2,2,2],"floor_reached":33,"playtime":3611,"items_purged":["Strike_R","Strike_R","Strike_R"],"score":517,"play_id":"4caca514-2adb-49de-a925-c7d0f774b443","local_time":"20190408020332","is_ascension_mode":true,"campfire_choices":[{"data":"Shockwave","floor":7,"key":"SMITH"},{"data":"Uppercut","floor":11,"key":"SMITH"},{"floor":15,"key":"REST"},{"data":"Spot Weakness","floor":23,"key":"SMITH"},{"data":"Cleave","floor":25,"key":"SMITH"},{"data":"Anger","floor":30,"key":"SMITH"},{"data":"Twin Strike","floor":32,"key":"SMITH"}],"neow_cost":"NONE","seed_source_timestamp":41415626989826,"circlet_count":0,"master_deck":["AscendersBane","Strike_R","Strike_R","Defend_R","Defend_R","Defend_R","Defend_R","Bash","Twin Strike+1","Cleave+1","Ghostly Armor","Shockwave+1","Spot Weakness+1","Uppercut+1","Headbutt","Demon Form+1","Ghostly Armor+1","Anger+1"],"relics":["Burning Blood","Strawberry","Bag of Preparation","Smiling Mask","Dream Catcher","Ectoplasm","Mango","Paper Frog","Happy Flower","Kunai","Mummified Hand"],"potions_floor_usage":[16,19,33,33],"damage_taken":[{"damage":11,"enemies":"Small Slimes","floor":1,"turns":4},{"damage":10,"enemies":"2 Louse","floor":2,"turns":3},{"damage":1,"enemies":"Cultist","floor":5,"turns":3},{"damage":32,"enemies":"Gremlin Nob","floor":6,"turns":4},{"damage":20,"enemies":"3 Sentries","floor":8,"turns":10},{"damage":9,"enemies":"Exordium Wildlife","floor":10,"turns":3},{"damage":23,"enemies":"Gremlin Nob","floor":13,"turns":4},{"damage":2,"enemies":"2 Fungi Beasts","floor":14,"turns":4},{"damage":20,"enemies":"The Guardian","floor":16,"turns":13},{"damage":15,"enemies":"Shell Parasite","floor":18,"turns":5},{"damage":23,"enemies":"Colosseum Slavers","floor":19,"turns":4},{"damage":19,"enemies":"Colosseum Nobs","floor":19,"turns":6},{"damage":0,"enemies":"Chosen","floor":22,"turns":4},{"damage":7,"enemies":"Book of Stabbing","floor":24,"turns":6},{"damage":2,"enemies":"Snecko","floor":31,"turns":3},{"damage":76,"enemies":"Automaton","floor":33,"turns":10}],"seed_played":"2175468963661871342","potions_obtained":[{"floor":0,"key":"Fire Potion"},{"floor":0,"key":"Dexterity Potion"},{"floor":19,"key":"Fruit Juice"},{"floor":31,"key":"Regen Potion"}],"is_trial":false,"path_per_floor":["M","M","?","$","M","E","R","E","T","M","R","?","E","M","R","B",null,"M","?","?","$","M","R","E","R","T","?","?","$","R","M","R","B"],"character_chosen":"IRONCLAD","items_purchased":["Happy Flower","Anger"],"campfire_rested":1,"item_purchase_floors":[21,29],"current_hp_per_floor":[63,59,64,64,69,50,50,36,36,33,33,33,16,20,46,32,73,64,53,53,53,59,59,58,58,58,58,58,58,58,62,62,0],"gold":2,"neow_bonus":"THREE_SMALL_POTIONS","is_prod":false,"is_daily":false,"chose_seed":false,"campfire_upgraded":6,"win_rate":0,"timestamp":1554699812,"path_taken":["M","M","?","$","M","E","R","E","T","M","R","?","E","M","R","BOSS","M","?","?","$","?","R","E","R","T","?","?","?","R","M","R","BOSS"],"build_version":"2019-01-23","purchased_purges":3,"victory":false,"max_hp_per_floor":[75,75,80,80,80,87,87,87,87,87,87,87,87,87,87,87,87,87,106,106,106,106,106,106,106,106,106,106,106,106,106,106,106],"card_choices":[{"not_picked":["Iron Wave","Wild Strike"],"picked":"Twin Strike","floor":1},{"not_picked":["Sword Boomerang","Reckless Charge"],"picked":"Cleave","floor":2},{"not_picked":["Sword Boomerang","Battle Trance"],"picked":"Ghostly Armor","floor":5},{"not_picked":["Reckless Charge","Body Slam"],"picked":"Shockwave","floor":6},{"not_picked":["Inflame","Cleave"],"picked":"Spot Weakness","floor":8},{"not_picked":["Brutality","Clothesline"],"picked":"Uppercut","floor":10},{"not_picked":["Body Slam","Pommel Strike"],"picked":"Headbutt","floor":13},{"not_picked":["Sword Boomerang","Iron Wave","Clothesline"],"picked":"SKIP","floor":14},{"not_picked":["Bludgeon","Double Tap"],"picked":"Demon Form","floor":16},{"not_picked":["Perfected Strike+1","True Grit"],"picked":"Ghostly Armor+1","floor":18},{"not_picked":["Wild Strike","Flex","Inflame"],"picked":"SKIP","floor":22},{"not_picked":["Iron Wave","Pommel Strike","Body Slam+1"],"picked":"SKIP","floor":24},{"not_picked":["Rampage","Shockwave","Body Slam"],"picked":"SKIP","floor":31}],"player_experience":550165,"relics_obtained":[{"floor":6,"key":"Strawberry"},{"floor":8,"key":"Bag of Preparation"},{"floor":9,"key":"Smiling Mask"},{"floor":13,"key":"Dream Catcher"},{"floor":19,"key":"Mango"},{"floor":19,"key":"Paper Frog"},{"floor":24,"key":"Kunai"},{"floor":26,"key":"Mummified Hand"}],"event_choices":[{"damage_healed":0,"gold_gain":0,"player_choice":"Donut","damage_taken":0,"max_hp_gain":5,"max_hp_loss":0,"event_name":"Big Fish","floor":3,"gold_loss":0},{"damage_healed":0,"gold_gain":59,"player_choice":"Gained Gold","damage_taken":0,"max_hp_gain":0,"max_hp_loss":0,"event_name":"Golden Wing","floor":12,"gold_loss":0},{"damage_healed":0,"gold_gain":0,"player_choice":"Fight","damage_taken":0,"max_hp_gain":0,"max_hp_loss":0,"event_name":"Colosseum","floor":19,"gold_loss":0},{"damage_healed":0,"gold_gain":0,"player_choice":"Fought Nobs","damage_taken":0,"max_hp_gain":0,"max_hp_loss":0,"event_name":"Colosseum","floor":19,"gold_loss":0},{"damage_healed":0,"gold_gain":0,"player_choice":"Upgrade","damage_taken":0,"max_hp_gain":0,"max_hp_loss":0,"event_name":"Designer","floor":20,"gold_loss":50,"cards_upgraded":["Demon Form"]},{"damage_healed":0,"gold_gain":0,"player_choice":"Ignored","damage_taken":0,"max_hp_gain":0,"max_hp_loss":0,"event_name":"Ghosts","floor":27,"gold_loss":0},{"damage_healed":0,"gold_gain":50,"player_choice":"Stole From Cult","damage_taken":0,"max_hp_gain":0,"max_hp_loss":0,"event_name":"Nest","floor":28,"gold_loss":0}],"is_beta":false,"boss_relics":[{"not_picked":["Runic Cube","Runic Dome"],"picked":"Ectoplasm"}],"items_purged_floors":[4,21,29],"is_endless":false,"potions_floor_spawned":[1,13,14,19,19,31],"killed_by":"Automaton","ascension_level":15}