{"gold_per_floor":[399],"floor_reached":0,"playtime":60,"items_purged":[],"score":0,"play_id":"20448c38-e2cf-469c-a72a-311e493423a7","local_time":"20190110040453","daily_mods":["Draft","Chimera","Diverse","Colorless Cards","Heirloom","Flight","DeadlyEvents"],"is_ascension_mode":true,"campfire_choices":[],"neow_cost":"","seed_source_timestamp":0,"circlet_count":0,"master_deck":["AscendersBane","Bash","Survivor","Zap","Strike_R","Strike_G","Strike_B","Defend_R","Defend_G","Defend_B","Outmaneuver","Flying Knee","Undo","Coolheaded","Backflip","Coolheaded","Fusion","Skim","Beam Cell","Outmaneuver","Conserve Battery","Sucker Punch","Good Instincts","Cold Snap","Auto Shields"],"relics":["Burning Blood","Old Coin"],"potions_floor_usage":[],"damage_taken":[],"seed_played":"-7286159421259641348","potions_obtained":[],"is_trial":true,"path_per_floor":[],"character_chosen":"IRONCLAD","items_purchased":[],"campfire_rested":0,"item_purchase_floors":[],"current_hp_per_floor":[68],"gold":399,"neow_bonus":"","is_prod":false,"is_daily":false,"chose_seed":false,"campfire_upgraded":0,"win_rate":0,"timestamp":1547093093,"path_taken":[],"build_version":"2019-01-08","purchased_purges":0,"victory":false,"max_hp_per_floor":[75],"card_choices":[{"not_picked":["Streamline","Acrobatics"],"picked":"Outmaneuver","floor":0},{"not_picked":["Twin Strike","Leap"],"picked":"Flying Knee","floor":0},{"not_picked":["Cloak And Dagger","Bane"],"picked":"Undo","floor":0},{"not_picked":["Outmaneuver","Genetic Algorithm"],"picked":"Coolheaded","floor":0},{"not_picked":["Heatsinks","Underhanded Strike"],"picked":"Backflip","floor":0},{"not_picked":["Sweeping Beam","Cold Snap"],"picked":"Coolheaded","floor":0},{"not_picked":["Entrench","Recycle"],"picked":"Fusion","floor":0},{"not_picked":["Cold Snap","Quick Slash"],"picked":"Skim","floor":0},{"not_picked":["Dagger Spray","Clothesline"],"picked":"Beam Cell","floor":0},{"not_picked":["Compile Driver","Reckless Charge"],"picked":"Outmaneuver","floor":0},{"not_picked":["Outmaneuver","Hologram"],"picked":"Conserve Battery","floor":0},{"not_picked":["Heavy Blade","Riddle With Holes"],"picked":"Sucker Punch","floor":0},{"not_picked":["Perfected Strike","Hello World"],"picked":"Good Instincts","floor":0},{"not_picked":["Heavy Blade","Consume"],"picked":"Cold Snap","floor":0},{"not_picked":["Wild Strike","Sweeping Beam"],"picked":"Auto Shields","floor":0}],"player_experience":394541,"relics_obtained":[],"event_choices":[],"is_beta":true,"boss_relics":[],"items_purged_floors":[],"is_endless":false,"potions_floor_spawned":[],"ascension_level":20}