{"gold_per_floor":[115,115,115,133,154,154,179,194,194,194,208,228,267,67,67,191,191,209,209,286,309,309,325,358,358,358,74,74,36,59,59,59,59],"floor_reached":33,"playtime":1341,"items_purged":[],"score":320,"play_id":"f86eda7d-064a-4df9-86a2-5f24c7c7b347","local_time":"20190207213509","is_ascension_mode":true,"campfire_choices":[{"data":"True Grit","floor":6,"key":"SMITH"},{"data":"Armaments","floor":10,"key":"SMITH"},{"floor":15,"key":"REST"},{"floor":28,"key":"REST"},{"floor":32,"key":"REST"}],"neow_cost":"NONE","seed_source_timestamp":21693552685399,"circlet_count":0,"master_deck":["Strike_R+1","Strike_R+1","Strike_R+1","Strike_R+1","Defend_R+1","Defend_R+1","Defend_R+1","Defend_R+1","Bash","Whirlwind+1","Twin Strike","Rampage","True Grit+1","Armaments+1","Power Through","Iron Wave","Flex","Body Slam","Dark Embrace","Inflame+1","RitualDagger","Intimidate","Metallicize","Metallicize","Writhe"],"relics":["Burning Blood","Golden Idol","Pocketwatch","Bottled Lightning","Orichalcum","Runic Pyramid","Dodecahedron","Peace Pipe","Girya","Toy Ornithopter","Darkstone Periapt"],"potions_floor_usage":[16,16,24,24],"damage_taken":[{"damage":8,"enemies":"2 Louse","floor":1,"turns":2},{"damage":7,"enemies":"Jaw Worm","floor":4,"turns":2},{"damage":0,"enemies":"Small Slimes","floor":5,"turns":2},{"damage":2,"enemies":"Exordium Thugs","floor":7,"turns":4},{"damage":9,"enemies":"Red Slaver","floor":8,"turns":3},{"damage":11,"enemies":"Looter","floor":11,"turns":2},{"damage":2,"enemies":"2 Fungi Beasts","floor":12,"turns":2},{"damage":15,"enemies":"Gremlin Nob","floor":13,"turns":4},{"damage":24,"enemies":"Hexaghost","floor":16,"turns":7},{"damage":22,"enemies":"Shell Parasite","floor":18,"turns":9},{"damage":7,"enemies":"Chosen","floor":21,"turns":4},{"damage":34,"enemies":"Snake Plant","floor":23,"turns":5},{"damage":25,"enemies":"Book of Stabbing","floor":24,"turns":5},{"damage":4,"enemies":"3 Cultists","floor":30,"turns":4},{"damage":87,"enemies":"Automaton","floor":33,"turns":12}],"seed_played":"3416641243276096172","potions_obtained":[{"floor":4,"key":"SteroidPotion"},{"floor":11,"key":"FearPotion"},{"floor":13,"key":"AttackPotion"},{"floor":16,"key":"PowerPotion"},{"floor":18,"key":"Weak Potion"}],"is_trial":false,"path_per_floor":["M","?","?","M","M","R","M","M","T","R","M","M","E","$","R","B",null,"M","?","T","M","?","M","E","?","T","$","R","$","M","?","R","B"],"character_chosen":"IRONCLAD","items_purchased":["Orichalcum","Body Slam","Metallicize","Toy Ornithopter","Metallicize"],"campfire_rested":3,"item_purchase_floors":[14,14,27,27,29],"current_hp_per_floor":[78,58,42,41,47,47,51,48,48,48,43,47,38,38,62,44,80,64,64,64,63,57,29,10,10,10,10,34,34,36,42,67,0],"gold":59,"neow_bonus":"TRANSFORM_CARD","is_prod":false,"is_daily":false,"chose_seed":false,"campfire_upgraded":2,"win_rate":0,"timestamp":1549571709,"path_taken":["M","?","?","M","M","R","M","M","T","R","M","M","E","$","R","BOSS","M","?","?","?","?","M","E","?","T","?","R","$","?","?","R","BOSS"],"build_version":"2019-01-23","purchased_purges":0,"victory":false,"max_hp_per_floor":[80,80,80,80,80,80,80,80,80,80,80,80,80,80,80,80,80,80,80,80,80,80,80,80,80,80,80,80,80,80,86,86,86],"card_choices":[{"not_picked":["Warcry","Sword Boomerang"],"picked":"Twin Strike","floor":1},{"not_picked":["Warcry","Wild Strike"],"picked":"Rampage","floor":4},{"not_picked":["Warcry","Shrug It Off"],"picked":"True Grit","floor":5},{"not_picked":["Burning Pact","Inflame"],"picked":"Armaments","floor":7},{"not_picked":["True Grit","Wild Strike"],"picked":"Power Through","floor":8},{"not_picked":["Thunderclap","Ghostly Armor"],"picked":"Iron Wave","floor":11},{"not_picked":["Cleave","Brutality","Havoc"],"picked":"SKIP","floor":12},{"not_picked":["Second Wind","Pummel"],"picked":"Flex","floor":13},{"not_picked":["Brutality","Berserk"],"picked":"Dark Embrace","floor":16},{"not_picked":["Seeing Red","Thunderclap"],"picked":"Inflame+1","floor":18},{"not_picked":["Shrug It Off","Hemokinesis","Twin Strike"],"picked":"SKIP","floor":21},{"not_picked":["Perfected Strike+1","Power Through","Twin Strike+1"],"picked":"SKIP","floor":23},{"not_picked":["Rage","Sword Boomerang"],"picked":"Intimidate","floor":24},{"not_picked":["Evolve","Flex","Havoc"],"picked":"SKIP","floor":30}],"player_experience":239699,"relics_obtained":[{"floor":9,"key":"Pocketwatch"},{"floor":13,"key":"Bottled Lightning"},{"floor":20,"key":"Dodecahedron"},{"floor":24,"key":"Peace Pipe"},{"floor":26,"key":"Girya"}],"event_choices":[{"damage_healed":0,"gold_gain":0,"player_choice":"Take Damage","damage_taken":20,"relics_obtained":["Golden Idol"],"max_hp_gain":0,"max_hp_loss":0,"event_name":"Golden Idol","floor":2,"gold_loss":0},{"damage_healed":0,"gold_gain":0,"player_choice":"Entered Light","damage_taken":16,"max_hp_gain":0,"max_hp_loss":0,"event_name":"Shining Light","floor":3,"gold_loss":0,"cards_upgraded":["Strike_R","Whirlwind"]},{"damage_healed":0,"gold_gain":0,"player_choice":"Simplicity","damage_taken":0,"max_hp_gain":0,"max_hp_loss":0,"event_name":"Back to Basics","floor":19,"gold_loss":0,"cards_upgraded":["Strike_R","Strike_R","Strike_R","Defend_R","Defend_R","Defend_R","Defend_R"]},{"damage_healed":0,"gold_gain":0,"player_choice":"Joined the Cult","damage_taken":6,"max_hp_gain":0,"max_hp_loss":0,"event_name":"Nest","floor":22,"gold_loss":0,"cards_obtained":["RitualDagger"]},{"damage_healed":0,"gold_gain":0,"player_choice":"Ignored","damage_taken":0,"max_hp_gain":0,"max_hp_loss":0,"event_name":"Ghosts","floor":25,"gold_loss":0},{"damage_healed":0,"gold_gain":0,"player_choice":"Opened","damage_taken":0,"relics_obtained":["Darkstone Periapt"],"max_hp_gain":0,"max_hp_loss":0,"event_name":"The Mausoleum","floor":31,"gold_loss":0,"cards_obtained":["Writhe"]}],"is_beta":false,"boss_relics":[{"not_picked":["Runic Cube","White Beast Statue"],"picked":"Runic Pyramid"}],"items_purged_floors":[],"is_endless":false,"potions_floor_spawned":[4,11,13,16,18],"killed_by":"Automaton","ascension_level":4}