{"gold_per_floor":[367,381,381,124,147,147,191,210,235,235,251,269,289,34,34,34],"floor_reached":16,"playtime":712,"items_purged":["Regret","Strike_R"],"score":125,"play_id":"eb324cef-fed8-4e5e-a9e0-c3c71568073c","local_time":"20181114195252","is_ascension_mode":true,"campfire_choices":[{"data":"Transmutation","floor":6.0,"key":"SMITH"},{"floor":15.0,"key":"REST"}],"neow_cost":"CURSE","seed_source_timestamp":0,"circlet_count":0,"master_deck":["Strike_R","Strike_R","Strike_R","Strike_R","Defend_R","Defend_R","Defend_R","Defend_R","Bash","Searing Blow","Thunderclap","Transmutation+1","Flex","Rage","Seeing Red"],"special_seed":0,"relics":["Burning Blood","Golden Idol","Lantern","Centennial Puzzle","Vajra"],"potions_floor_usage":[16],"damage_taken":[{"damage":10.0,"enemies":"Jaw Worm","floor":1.0,"turns":3.0},{"damage":3.0,"enemies":"Small Slimes","floor":2.0,"turns":4.0},{"damage":1.0,"enemies":"Cultist","floor":5.0,"turns":4.0},{"damage":73.0,"enemies":"Gremlin Nob","floor":7.0,"turns":5.0},{"damage":6.0,"enemies":"Gremlin Gang","floor":8.0,"turns":6.0},{"damage":3.0,"enemies":"Looter","floor":11.0,"turns":4.0},{"damage":9.0,"enemies":"3 Louse","floor":12.0,"turns":3.0},{"damage":3.0,"enemies":"Blue Slaver","floor":13.0,"turns":4.0},{"damage":56,"enemies":"Slime Boss","floor":16,"turns":5}],"seed_played":"5442317718376487809","potions_obtained":[{"floor":2.0,"key":"Energy Potion"},{"floor":7.0,"key":"Block Potion"},{"floor":12.0,"key":"SkillPotion"},{"floor":13.0,"key":"FearPotion"}],"is_trial":false,"path_per_floor":["M","M","?","$","M","R","E","M","T","?","M","M","M","$","R","B"],"character_chosen":"IRONCLAD","items_purchased":["Transmutation","Vajra"],"campfire_rested":1,"item_purchase_floors":[4,14],"current_hp_per_floor":[76,79,79,79,80,80,13,13,13,13,16,13,16,16,40,0],"gold":34,"neow_bonus":"TWO_FIFTY_GOLD","is_prod":false,"is_daily":false,"chose_seed":false,"campfire_upgraded":1,"win_rate":0,"timestamp":1542225172,"path_taken":["M","M","?","$","M","R","E","M","T","?","?","M","M","$","R","BOSS"],"build_version":"2018-11-13","purchased_purges":2,"victory":false,"max_hp_per_floor":[80,80,80,80,80,80,80,80,80,80,80,80,80,80,80,80],"card_choices":[{"not_picked":["Power Through","Corruption"],"picked":"Searing Blow","floor":1.0},{"not_picked":["Reckless Charge","Carnage"],"picked":"Thunderclap","floor":2.0},{"not_picked":["Pommel Strike","Warcry"],"picked":"Flex","floor":5.0},{"not_picked":["Havoc","Twin Strike","Cleave"],"picked":"SKIP","floor":7.0},{"not_picked":["Rupture","Sword Boomerang"],"picked":"Rage","floor":8.0},{"not_picked":["Entrench","Anger"],"picked":"Seeing Red","floor":11.0},{"not_picked":["Shrug It Off","Dark Embrace","Evolve"],"picked":"SKIP","floor":12.0},{"not_picked":["Anger","Carnage","Thunderclap"],"picked":"SKIP","floor":13.0}],"player_experience":303607,"relics_obtained":[{"floor":7.0,"key":"Lantern"},{"floor":9.0,"key":"Centennial Puzzle"}],"event_choices":[{"damage_healed":0.0,"max_hp_gain":0.0,"max_hp_loss":0.0,"gold_gain":0.0,"event_name":"Golden Idol","player_choice":"Take Wound","floor":3.0,"gold_loss":0.0,"damage_taken":0.0,"relics_obtained":["Golden Idol"],"cards_obtained":["Injury"]},{"cards_removed":["Injury"],"damage_healed":0.0,"max_hp_gain":0.0,"max_hp_loss":0.0,"gold_gain":0.0,"event_name":"Purifier","player_choice":"Purged","floor":10.0,"gold_loss":0.0,"damage_taken":0.0}],"is_beta":true,"boss_relics":[],"items_purged_floors":[4,14],"is_endless":false,"potions_floor_spawned":[2,7,12,13],"killed_by":"Slime Boss","ascension_level":4}