{"gold_per_floor":[110,285,184,194,10,10,35,55,55,55,75,150,150],"floor_reached":13,"playtime":544,"items_purged":["Doubt","Strike_B"],"score":137,"play_id":"c5bd2411-1cb3-4768-97a7-9c9a45cbd1fb","local_time":"20190208013003","is_ascension_mode":true,"campfire_choices":[{"data":"Discovery","floor":6,"key":"SMITH"}],"neow_cost":"NONE","seed_source_timestamp":102954429253305,"circlet_count":0,"master_deck":["AscendersBane","Strike_B","Strike_B","Strike_B","Defend_B","Defend_B","Defend_B","Zap","Dualcast","Go for the Eyes","Discovery+1","Static Discharge","Fusion"],"relics":["Runic Pyramid","Mummified Hand","Juzu Bracelet"],"potions_floor_usage":[7,13],"damage_taken":[{"damage":11,"enemies":"Jaw Worm","floor":1,"turns":4},{"damage":4,"enemies":"Small Slimes","floor":4,"turns":4},{"damage":19,"enemies":"Gremlin Nob","floor":7,"turns":5},{"damage":1,"enemies":"Cultist","floor":8,"turns":3},{"damage":15,"enemies":"3 Louse","floor":11,"turns":4},{"damage":7,"enemies":"Lots of Slimes","floor":13,"turns":1}],"seed_played":"-368300058009253874","potions_obtained":[{"floor":4,"key":"Dexterity Potion"},{"floor":8,"key":"LiquidBronze"}],"is_trial":false,"path_per_floor":["M","?","$","M","$","R","E","M","T","?","M","?","M"],"character_chosen":"DEFECT","items_purchased":["Go for the Eyes","Discovery"],"campfire_rested":0,"item_purchase_floors":[3,5],"current_hp_per_floor":[57,57,57,53,53,53,34,33,33,33,18,7,0],"gold":150,"neow_bonus":"BOSS_RELIC","is_prod":false,"is_daily":false,"chose_seed":false,"campfire_upgraded":1,"win_rate":0,"timestamp":1549589403,"path_taken":["M","?","$","M","$","R","E","M","T","?","M","?","M"],"build_version":"2019-02-06","purchased_purges":2,"victory":false,"max_hp_per_floor":[75,75,75,75,75,75,75,75,75,75,75,75,75],"card_choices":[{"not_picked":["Cold Snap","Auto Shields","Glacier"],"picked":"SKIP","floor":1},{"not_picked":["Barrage","Steam Power","Sweeping Beam"],"picked":"SKIP","floor":4},{"not_picked":["Leap","Conserve Battery"],"picked":"Static Discharge","floor":7},{"not_picked":["Consume","Sweeping Beam","Scrape"],"picked":"SKIP","floor":8},{"not_picked":["Melter","Rip and Tear","Compile Driver"],"picked":"SKIP","floor":11}],"player_experience":577838,"relics_obtained":[{"floor":7,"key":"Mummified Hand"},{"floor":9,"key":"Juzu Bracelet"}],"event_choices":[{"damage_healed":0,"gold_gain":175,"player_choice":"AGREE","damage_taken":0,"max_hp_gain":0,"max_hp_loss":0,"event_name":"Liars Game","floor":2,"gold_loss":0,"cards_obtained":["Doubt"]},{"damage_healed":0,"gold_gain":0,"cards_transformed":["Defend_B"],"player_choice":"Transformed","damage_taken":0,"max_hp_gain":0,"max_hp_loss":0,"event_name":"Transmorgrifier","floor":10,"gold_loss":0,"cards_obtained":["Fusion"]},{"damage_healed":0,"gold_gain":75,"player_choice":"Gather Gold","damage_taken":11,"max_hp_gain":0,"max_hp_loss":0,"event_name":"World of Goop","floor":12,"gold_loss":0}],"is_beta":true,"boss_relics":[],"items_purged_floors":[3,5],"is_endless":false,"potions_floor_spawned":[4,8],"killed_by":"Lots of Slimes","ascension_level":13}