{"gold_per_floor":[118,129,129,129,4,4,20,20,43,84,10,50,50,65,65,194,257,271,271,284,34,34],"floor_reached":22,"playtime":729,"items_purged":["Defend_B"],"score":211,"play_id":"e52aba3b-7944-4f55-bb3b-6f5d71f197cf","local_time":"20190212205857","is_ascension_mode":true,"campfire_choices":[{"floor":6,"key":"REST"},{"data":"Streamline","floor":8,"key":"SMITH"},{"floor":15,"key":"REST"}],"neow_cost":"NONE","seed_source_timestamp":26158607597081,"circlet_count":0,"master_deck":["Strike_B+1","Strike_B","Strike_B","Defend_B","Defend_B","Defend_B+1","Zap","Dualcast+1","Conserve Battery","Streamline+1","Gash+1","BootSequence","Sweeping Beam+1","Loop","Loop","Creative AI","Defragment","Melter","Rebound+1","Gash","Self Repair"],"relics":["Cracked Core","Golden Idol","Happy Flower","Whetstone","Ginger","Tiny House","Anchor"],"potions_floor_usage":[18,18],"damage_taken":[{"damage":2,"enemies":"Small Slimes","floor":1,"turns":3},{"damage":8,"enemies":"2 Louse","floor":2,"turns":2},{"damage":0,"enemies":"Cultist","floor":7,"turns":3},{"damage":24,"enemies":"Lagavulin","floor":10,"turns":5},{"damage":2,"enemies":"3 Sentries","floor":12,"turns":5},{"damage":0,"enemies":"Large Slime","floor":14,"turns":5},{"damage":28,"enemies":"Hexaghost","floor":16,"turns":8},{"damage":16,"enemies":"2 Thieves","floor":18,"turns":4},{"damage":43,"enemies":"3 Byrds","floor":20,"turns":4},{"damage":19,"enemies":"Cultist and Chosen","floor":22,"turns":4}],"seed_played":"5144065645672151459","potions_obtained":[{"floor":12,"key":"Fire Potion"},{"floor":16,"key":"Dexterity Potion"},{"floor":17,"key":"Explosive Potion"},{"floor":18,"key":"LiquidBronze"}],"is_trial":false,"path_per_floor":["M","M","?","?","$","R","M","R","T","E","$","E","?","M","R","B",null,"M","?","M","$","M"],"character_chosen":"DEFECT","items_purchased":["Gash","Loop","Anchor","Gash","Self Repair"],"campfire_rested":2,"item_purchase_floors":[5,11,21,21,21],"current_hp_per_floor":[73,65,58,58,58,69,69,69,69,45,45,43,29,29,49,21,74,58,58,15,15,0],"gold":34,"neow_bonus":"THREE_CARDS","is_prod":false,"is_daily":false,"chose_seed":false,"campfire_upgraded":1,"win_rate":0,"timestamp":1550001537,"path_taken":["M","M","?","?","$","R","M","R","T","E","$","E","?","M","R","BOSS","M","?","M","$","M"],"build_version":"2019-01-23","purchased_purges":1,"victory":false,"max_hp_per_floor":[75,75,75,69,69,69,69,69,69,69,69,69,69,69,69,69,74,74,74,74,74,74],"card_choices":[{"not_picked":["Scrape","Auto Shields"],"picked":"Conserve Battery","floor":0},{"not_picked":["Stack","Storm"],"picked":"Streamline","floor":1},{"not_picked":["Recycle","Steam","Coolheaded"],"picked":"SKIP","floor":2},{"not_picked":["White Noise","Turbo"],"picked":"BootSequence","floor":7},{"not_picked":["Leap","Sunder"],"picked":"Sweeping Beam","floor":10},{"not_picked":["Coolheaded","Rainbow"],"picked":"Loop","floor":12},{"not_picked":["Hologram","Turbo","Steam"],"picked":"SKIP","floor":14},{"not_picked":["Thunder Strike","Buffer"],"picked":"Creative AI","floor":16},{"not_picked":["Auto Shields","Hologram"],"picked":"Defragment","floor":17},{"not_picked":["Sweeping Beam","Hologram"],"picked":"Melter","floor":18},{"not_picked":["Stack+1","Leap"],"picked":"Rebound+1","floor":20}],"player_experience":311768,"relics_obtained":[{"floor":9,"key":"Happy Flower"},{"floor":10,"key":"Whetstone"},{"floor":12,"key":"Ginger"}],"event_choices":[{"cards_removed":["Strike_B"],"damage_healed":0,"gold_gain":0,"player_choice":"Card Removal","damage_taken":7,"max_hp_gain":0,"max_hp_loss":0,"event_name":"Golden Wing","floor":3,"gold_loss":0},{"damage_healed":0,"gold_gain":0,"player_choice":"Lose Max HP","damage_taken":0,"relics_obtained":["Golden Idol"],"max_hp_gain":0,"max_hp_loss":6,"event_name":"Golden Idol","floor":4,"gold_loss":0},{"damage_healed":0,"gold_gain":0,"player_choice":"Entered Light","damage_taken":14,"max_hp_gain":0,"max_hp_loss":0,"event_name":"Shining Light","floor":13,"gold_loss":0,"cards_upgraded":["Defend_B","Sweeping Beam"]},{"damage_healed":0,"gold_gain":0,"player_choice":"Ignored","damage_taken":0,"max_hp_gain":0,"max_hp_loss":0,"event_name":"Ghosts","floor":19,"gold_loss":0}],"is_beta":false,"boss_relics":[{"not_picked":["Empty Cage","Lizard Tail"],"picked":"Tiny House"}],"items_purged_floors":[5],"is_endless":false,"potions_floor_spawned":[12,16,18],"killed_by":"Cultist and Chosen","ascension_level":2}