{"path_per_floor":["M","M","?","M","M","E","R","E","T","M","M","R","?","$","R","B",null,"M","?","M","M","M"],"character_chosen":"DEFECT","items_purchased":["Frozen Egg 2","Capacitor"],"gold_per_floor":[118,131,131,148,160,195,195,225,225,240,257,257,332,26,26,124,124,140,140,150,168,187,187],"floor_reached":23,"campfire_rested":1,"playtime":1126,"current_hp_per_floor":[70,69,69,61,54,46,46,21,21,19,14,14,3,3,25,7,75,49,49,47,20,10,0],"items_purged":[],"gold":187,"score":215,"play_id":"66507781-5d10-4da5-83bb-5279ecc4f794","local_time":"20180510215001","is_prod":false,"is_daily":false,"chose_seed":false,"is_ascension_mode":true,"campfire_upgraded":2,"timestamp":1525985401,"path_taken":["M","M","?","M","M","E","R","E","T","M","M","R","?","?","R","BOSS","M","?","?","M","M","E"],"build_version":"2018-05-09","seed_source_timestamp":1039790827234190,"purchased_purges":0,"victory":false,"master_deck":["Strike_B","Strike_B","Strike_B","Strike_B","Defend_B","Defend_B","Defend_B","Defend_B","Zap","Dualcast","Seek","Barrage","Auto Shields","Cold Snap","Tempest","Capacitor+1","Creative AI","Impulse+1","Capacitor+1","Nova","Storm+1"],"max_hp_per_floor":[75,75,75,75,75,75,75,75,75,75,75,75,75,75,75,75,75,75,75,75,75,75,75],"relics":["Cracked Core","Cables","Orichalcum","Shuriken","Frozen Egg 2","Cursed Key"],"card_choices":[{"not_picked":["Ball Lightning","Rebound"],"picked":"Barrage","floor":1},{"not_picked":["Steam","Ball Lightning"],"picked":"Auto Shields","floor":2},{"not_picked":["Barrage","Streamline"],"picked":"Cold Snap","floor":4},{"not_picked":["Go for the Eyes","Sunder"],"picked":"Tempest","floor":5},{"not_picked":["Barrage","Ball Lightning"],"picked":"Capacitor","floor":6},{"not_picked":["Turbo","Cold Snap"],"picked":"Creative AI","floor":8},{"not_picked":["Leap","Steam"],"picked":"Impulse","floor":11},{"not_picked":["Creative AI","Buffer"],"picked":"Nova","floor":16},{"not_picked":["Glacier","Go for the Eyes"],"picked":"Storm","floor":21}],"player_experience":127553,"potions_floor_usage":[16,21,23,23],"damage_taken":[{"damage":5,"enemies":"Small Slimes","floor":1,"turns":4},{"damage":1,"enemies":"Cultist","floor":2,"turns":3},{"damage":8,"enemies":"2 Louse","floor":4,"turns":2},{"damage":7,"enemies":"Exordium Wildlife","floor":5,"turns":4},{"damage":8,"enemies":"3 Sentries","floor":6,"turns":7},{"damage":25,"enemies":"Lagavulin","floor":8,"turns":6},{"damage":2,"enemies":"3 Louse","floor":10,"turns":3},{"damage":5,"enemies":"Blue Slaver","floor":11,"turns":3},{"damage":18,"enemies":"The Guardian","floor":16,"turns":10},{"damage":26,"enemies":"2 Thieves","floor":18,"turns":5},{"damage":2,"enemies":"Chosen","floor":20,"turns":3},{"damage":27,"enemies":"Snecko","floor":21,"turns":5},{"damage":10,"enemies":"Snake Plant","floor":22,"turns":3},{"damage":13,"enemies":"Gremlin Leader","floor":23,"turns":3}],"event_choices":[{"event_name":"The Lab","player_choice":"Got Potions","floor":3,"damage_taken":0},{"event_name":"World of Goop","player_choice":"Gather Gold","floor":13,"damage_taken":0},{"event_name":"Ghosts","player_choice":"Ignored","floor":19,"damage_taken":0}],"boss_relics":[{"not_picked":["Astrolabe","Philosopher\u0027s Stone"],"picked":"Cursed Key"}],"potions_floor_spawned":[5,8,11,20,22],"seed_played":"2730670546551101244","killed_by":"Gremlin Leader","ascension_level":1,"is_trial":false}