{"gold_per_floor":[115,128,146,158,158,158,183,203,203,203,203,215,242,15,15,111,111,127,127,127,154,19,38,38,71,128,80,80,80,105,81,81,179,179,197,197,209,17,66,66],"floor_reached":40,"playtime":1020,"items_purged":["Defend_R","Shame"],"score":455,"play_id":"646eb47e-3477-4736-acb0-23a066854c7c","local_time":"20190202011550","is_ascension_mode":false,"campfire_choices":[{"floor":6,"key":"REST"},{"floor":10,"key":"REST"},{"floor":15,"key":"REST"},{"floor":24,"key":"REST"},{"floor":28,"key":"REST"},{"floor":32,"key":"REST"}],"neow_cost":"NONE","seed_source_timestamp":19198921374143,"circlet_count":0,"master_deck":["Strike_R","Strike_R","Strike_R","Strike_R+1","Strike_R+1","Defend_R","Defend_R","Defend_R","Bash+1","Metallicize","Ghostly Armor","Flame Barrier","Rampage","Clash","Entrench","Armaments","Inflame+1","Carnage","Immolate","Thunderclap","Corruption+1","Pummel","Shrug It Off","Armaments","Metallicize+1","Body Slam","Demon Form+1","Body Slam+1","Writhe","True Grit","Pommel Strike+1"],"relics":["Fusion Hammer","Ginger","Pantograph","Frozen Egg 2","Black Star","Pear","Pen Nib","Ancient Tea Set","Du-Vu Doll","Tiny Chest","Happy Flower","Blood Vial","Whetstone","Velvet Choker","Brimstone","Turnip"],"potions_floor_usage":[7,16,25,25,33,39],"damage_taken":[{"damage":2,"enemies":"2 Louse","floor":1,"turns":3},{"damage":0,"enemies":"Small Slimes","floor":2,"turns":3},{"damage":1,"enemies":"Jaw Worm","floor":3,"turns":3},{"damage":0,"enemies":"Exordium Wildlife","floor":4,"turns":6},{"damage":28,"enemies":"3 Sentries","floor":7,"turns":12},{"damage":14,"enemies":"Exordium Thugs","floor":8,"turns":4},{"damage":0,"enemies":"3 Louse","floor":12,"turns":4},{"damage":5,"enemies":"Lagavulin","floor":13,"turns":5},{"damage":13,"enemies":"The Guardian","floor":16,"turns":7},{"damage":10,"enemies":"Spheric Guardian","floor":18,"turns":4},{"damage":0,"enemies":"Chosen","floor":23,"turns":3},{"damage":15,"enemies":"Book of Stabbing","floor":25,"turns":3},{"damage":28,"enemies":"Slavers","floor":30,"turns":3},{"damage":61,"enemies":"Automaton","floor":33,"turns":10},{"damage":20,"enemies":"Orb Walker","floor":35,"turns":3},{"damage":8,"enemies":"3 Shapes","floor":37,"turns":2},{"damage":58,"enemies":"2 Orb Walkers","floor":39,"turns":4},{"damage":35,"enemies":"Reptomancer","floor":40,"turns":3}],"seed_played":"-2459746027463145044","potions_obtained":[{"floor":3,"key":"Dexterity Potion"},{"floor":7,"key":"Strength Potion"},{"floor":12,"key":"FearPotion"},{"floor":13,"key":"PowerPotion"},{"floor":23,"key":"Energy Potion"},{"floor":33,"key":"EssenceOfSteel"}],"is_trial":false,"path_per_floor":["M","M","M","M","?","R","E","M","T","R","?","M","E","$","R","B",null,"M","?","?","T","$","M","R","E","T","$","R","T","E","$","R","B",null,"M","?","M","$","?","E"],"character_chosen":"IRONCLAD","items_purchased":["Inflame+1","Carnage","Corruption+1","Armaments","Body Slam","Brimstone"],"campfire_rested":6,"item_purchase_floors":[14,14,22,27,31,38],"current_hp_per_floor":[78,78,77,77,77,80,52,38,38,62,62,62,57,57,80,67,80,70,70,80,80,80,80,90,75,75,75,90,90,62,62,89,29,90,70,90,82,82,26,0],"gold":66,"neow_bonus":"BOSS_RELIC","is_prod":false,"is_daily":false,"chose_seed":false,"campfire_upgraded":0,"win_rate":0,"timestamp":1549098950,"path_taken":["M","M","M","M","?","R","E","M","T","R","?","M","E","$","R","BOSS","M","?","?","?","$","?","R","E","T","$","R","?","E","?","R","BOSS","M","?","M","$","?","E"],"build_version":"2019-01-23","purchased_purges":2,"victory":false,"max_hp_per_floor":[80,80,80,80,80,80,80,80,80,80,80,80,80,80,80,80,80,80,80,90,90,90,90,90,90,90,90,90,90,90,90,90,90,90,90,90,90,90,90,90],"card_choices":[{"not_picked":["Sword Boomerang","Cleave"],"picked":"Metallicize","floor":1},{"not_picked":["Headbutt","Bloodletting"],"picked":"Ghostly Armor","floor":2},{"not_picked":["True Grit","Iron Wave"],"picked":"Flame Barrier","floor":3},{"not_picked":["Iron Wave","Twin Strike"],"picked":"Rampage","floor":4},{"not_picked":["Rupture","Infernal Blade"],"picked":"Clash","floor":7},{"not_picked":["Rupture","Warcry"],"picked":"Entrench","floor":8},{"not_picked":["Whirlwind","Thunderclap"],"picked":"Armaments","floor":13},{"not_picked":["Bludgeon","Double Tap"],"picked":"Immolate","floor":16},{"not_picked":["Body Slam","Iron Wave+1"],"picked":"Thunderclap","floor":18},{"not_picked":["Thunderclap+1","Sever Soul"],"picked":"Pummel","floor":23},{"not_picked":["Headbutt","Armaments"],"picked":"Shrug It Off","floor":25},{"not_picked":["Sword Boomerang+1","Impervious"],"picked":"Metallicize+1","floor":30},{"not_picked":["Exhume","Berserk+1"],"picked":"Demon Form+1","floor":33},{"not_picked":["Headbutt","Warcry"],"picked":"Body Slam+1","floor":35},{"not_picked":["Sever Soul","Reaper"],"picked":"True Grit","floor":37},{"not_picked":["Clothesline","Sever Soul"],"picked":"Pommel Strike+1","floor":39}],"player_experience":1089933,"relics_obtained":[{"floor":7,"key":"Ginger"},{"floor":9,"key":"Pantograph"},{"floor":13,"key":"Frozen Egg 2"},{"floor":21,"key":"Pen Nib"},{"floor":25,"key":"Ancient Tea Set"},{"floor":25,"key":"Du-Vu Doll"},{"floor":26,"key":"Tiny Chest"},{"floor":29,"key":"Happy Flower"},{"floor":30,"key":"Blood Vial"},{"floor":30,"key":"Whetstone"},{"floor":39,"key":"Turnip"}],"event_choices":[{"damage_healed":0,"gold_gain":0,"player_choice":"Grow","damage_taken":0,"max_hp_gain":0,"max_hp_loss":0,"event_name":"Living Wall","floor":5,"gold_loss":0,"cards_upgraded":["Bash"]},{"damage_healed":0,"gold_gain":0,"player_choice":"Leave","damage_taken":0,"max_hp_gain":0,"max_hp_loss":0,"event_name":"The Cleric","floor":11,"gold_loss":0},{"damage_healed":0,"gold_gain":0,"player_choice":"Ignored","damage_taken":0,"max_hp_gain":0,"max_hp_loss":0,"event_name":"Beggar","floor":19,"gold_loss":0},{"damage_healed":0,"gold_gain":0,"player_choice":"Stole Relic","damage_taken":0,"relics_obtained":["Pear"],"max_hp_gain":0,"max_hp_loss":0,"event_name":"Addict","floor":20,"gold_loss":0,"cards_obtained":["Shame"]},{"damage_healed":23,"gold_gain":0,"player_choice":"Writhe","damage_taken":0,"max_hp_gain":0,"max_hp_loss":0,"event_name":"Winding Halls","floor":36,"gold_loss":0,"cards_obtained":["Writhe"]},{"damage_healed":0,"gold_gain":0,"player_choice":"Fight","damage_taken":0,"max_hp_gain":0,"max_hp_loss":0,"event_name":"Mysterious Sphere","floor":39,"gold_loss":0}],"is_beta":true,"boss_relics":[{"not_picked":["Eternal Feather","Calling Bell"],"picked":"Black Star"},{"not_picked":["Orrery","Coffee Dripper"],"picked":"Velvet Choker"}],"items_purged_floors":[14,22],"is_endless":false,"potions_floor_spawned":[3,7,12,13,23,33],"killed_by":"Reptomancer","ascension_level":0}