{"gold_per_floor":[117,192,192,35,52,52,87,97,97,124,124,139,139,152,152,227,227,246,246,262,13,25,25,44,61,61,91,91],"floor_reached":28,"playtime":541,"items_purged":["Defend_R","Pain"],"score":550,"play_id":"2993c48c-4fce-4fdd-9bd2-d10fab2d84a2","local_time":"20190213110101","is_ascension_mode":true,"campfire_choices":[{"data":"Perfected Strike","floor":6.0,"key":"SMITH"},{"data":"Perfected Strike","floor":11.0,"key":"SMITH"},{"data":"True Grit","floor":13.0,"key":"SMITH"},{"data":"Bash","floor":15.0,"key":"SMITH"},{"floor":23.0,"key":"REST"}],"neow_cost":"NONE","seed_source_timestamp":519787430501,"circlet_count":0,"master_deck":["AscendersBane","Strike_R","Strike_R","Strike_R","Strike_R","Strike_R","Defend_R+1","Defend_R+1","Defend_R","Bash+1","Perfected Strike+1","Perfected Strike+1","True Grit+1","Shockwave","Clothesline","Twin Strike","Twin Strike","Anger","Impervious","Pommel Strike","Double Tap","Perfected Strike","Parasite","Twin Strike"],"special_seed":0,"relics":["Burning Blood","NeowsBlessing","Letter Opener","Pantograph","War Paint","Cursed Key","WarpedTongs","Gremlin Horn","Strawberry"],"potions_floor_usage":[27],"damage_taken":[{"damage":0.0,"enemies":"Jaw Worm","floor":1.0,"turns":1.0},{"damage":0.0,"enemies":"Cultist","floor":5.0,"turns":1.0},{"damage":0.0,"enemies":"3 Sentries","floor":7.0,"turns":2.0},{"damage":0.0,"enemies":"2 Louse","floor":8.0,"turns":2.0},{"damage":6.0,"enemies":"Gremlin Nob","floor":10.0,"turns":3.0},{"damage":7.0,"enemies":"Red Slaver","floor":12.0,"turns":2.0},{"damage":11.0,"enemies":"Looter","floor":14.0,"turns":2.0},{"damage":53.0,"enemies":"The Guardian","floor":16.0,"turns":8.0},{"damage":20.0,"enemies":"2 Thieves","floor":18.0,"turns":3.0},{"damage":2.0,"enemies":"Chosen","floor":20.0,"turns":2.0},{"damage":26.0,"enemies":"Shelled Parasite and Fungi","floor":22.0,"turns":5.0},{"damage":24.0,"enemies":"Sentry and Sphere","floor":24.0,"turns":4.0},{"damage":9.0,"enemies":"Cultist and Chosen","floor":25.0,"turns":4.0},{"damage":39,"enemies":"Book of Stabbing","floor":27,"turns":4},{"damage":4,"enemies":"Masked Bandits","floor":28,"turns":2}],"seed_played":"-2342633901507813393","potions_obtained":[{"floor":1.0,"key":"BloodPotion"},{"floor":7.0,"key":"GamblersBrew"},{"floor":10.0,"key":"Ancient Potion"},{"floor":24.0,"key":"Fire Potion"},{"floor":25.0,"key":"Dexterity Potion"}],"is_trial":false,"path_per_floor":["M","?","?","$","M","R","E","M","T","E","R","M","R","M","R","B",null,"M","?","M","$","M","R","M","M","T","E","?"],"character_chosen":"IRONCLAD","items_purchased":["Perfected Strike","True Grit","Double Tap"],"campfire_rested":1,"item_purchase_floors":[4,4,21],"current_hp_per_floor":[74,63,59,59,65,65,71,75,75,75,75,74,74,69,69,28,63,49,49,53,53,40,62,44,41,41,15,11],"gold":91,"neow_bonus":"THREE_ENEMY_KILL","is_prod":false,"is_daily":false,"chose_seed":false,"campfire_upgraded":4,"win_rate":0,"timestamp":1550084461,"path_taken":["M","?","?","$","?","R","E","M","T","E","R","M","R","M","R","BOSS","M","?","M","$","M","R","M","?","T","E","?"],"build_version":"2019-02-06","purchased_purges":2,"victory":false,"max_hp_per_floor":[75,75,75,75,75,75,75,75,75,75,75,75,75,75,75,75,75,75,75,75,75,75,75,75,75,75,82,82],"card_choices":[{"not_picked":["Battle Trance","Headbutt"],"picked":"Perfected Strike","floor":1.0},{"not_picked":["Searing Blow","Metallicize"],"picked":"Shockwave","floor":5.0},{"not_picked":["Flex","Sword Boomerang"],"picked":"Clothesline","floor":7.0},{"not_picked":["Clothesline","Flex"],"picked":"Twin Strike","floor":8.0},{"not_picked":["Anger","Burning Pact"],"picked":"Twin Strike","floor":10.0},{"not_picked":["Cleave","Sentinel"],"picked":"Anger","floor":12.0},{"not_picked":["Feed","Brutality"],"picked":"Impervious","floor":16.0},{"not_picked":["Pummel","Thunderclap"],"picked":"Pommel Strike","floor":18.0},{"not_picked":["Feel No Pain","Offering"],"picked":"Perfected Strike","floor":25.0},{"not_picked":["Headbutt","Hemokinesis"],"picked":"Twin Strike","floor":27}],"player_experience":1147622,"relics_obtained":[{"floor":7.0,"key":"Letter Opener"},{"floor":9.0,"key":"Pantograph"},{"floor":10.0,"key":"War Paint"},{"floor":26.0,"key":"Gremlin Horn"},{"floor":27,"key":"Strawberry"}],"event_choices":[{"damage_healed":0.0,"max_hp_gain":0.0,"max_hp_loss":0.0,"gold_gain":75.0,"event_name":"World of Goop","player_choice":"Gather Gold","floor":2.0,"gold_loss":0.0,"damage_taken":11.0},{"damage_healed":0.0,"max_hp_gain":0.0,"max_hp_loss":0.0,"gold_gain":0.0,"event_name":"The Woman in Blue","player_choice":"Bought 0 Potions","floor":3.0,"gold_loss":0.0,"damage_taken":0.0},{"damage_healed":0.0,"max_hp_gain":0.0,"max_hp_loss":0.0,"gold_gain":0.0,"event_name":"Accursed Blacksmith","player_choice":"Rummage","floor":19.0,"gold_loss":0.0,"damage_taken":0.0,"relics_obtained":["WarpedTongs"],"cards_obtained":["Pain"]},{"damage_healed":0,"gold_gain":0,"player_choice":"Fought Bandits","damage_taken":0,"max_hp_gain":0,"max_hp_loss":0,"event_name":"Masked Bandits","floor":28,"gold_loss":0}],"is_beta":true,"boss_relics":[{"not_picked":["Philosopher\u0027s Stone","Pandora\u0027s Box"],"picked":"Cursed Key"}],"items_purged_floors":[4,21],"is_endless":false,"potions_floor_spawned":[1,7,10,24,25],"killed_by":"Masked Bandits","ascension_level":20}