{"gold_per_floor":[144,189,234,279,229,38,128,128,183,183,228,36,36,81,81,381,381,426,471,516,516,561,561,44,44,69,159,159,204,249,294,294,294],"floor_reached":33,"playtime":1423,"items_purged":["Strike_G","Strike_G"],"score":346,"play_id":"3f6a3ee4-01d0-4cbe-9333-2ad7c7c9cc24","local_time":"20181118185911","daily_mods":["Specialized","Uncertain Future","Midas"],"is_ascension_mode":false,"campfire_choices":[{"floor":8,"key":"REST"},{"floor":10,"key":"REST"},{"floor":15,"key":"REST"},{"floor":23,"key":"REST"},{"floor":28,"key":"REST"},{"floor":32,"key":"REST"}],"neow_cost":"","seed_source_timestamp":0,"circlet_count":0,"master_deck":["Defend_G","Defend_G","Defend_G","Defend_G","Defend_G","Strike_G","Strike_G","Survivor","Neutralize","Corpse Explosion","Corpse Explosion","Corpse Explosion","Corpse Explosion","Corpse Explosion","Bane","Cloak And Dagger+1","Footwork","Purity","PiercingWail+1","Malaise","Apotheosis","Caltrops","PiercingWail","Burst","Blur","Cloak And Dagger+1","Setup+1"],"special_seed":17853,"relics":["Ring of the Snake","Pen Nib","Tiny Chest","WristBlade","Chemical X","Pantograph","Boot","Bag of Preparation"],"potions_floor_usage":[7,16,27,27,27,29,33],"damage_taken":[{"damage":2,"enemies":"Small Slimes","floor":1,"turns":5},{"damage":0,"enemies":"Jaw Worm","floor":2,"turns":4},{"damage":0,"enemies":"2 Louse","floor":3,"turns":2},{"damage":12,"enemies":"Exordium Thugs","floor":4,"turns":3},{"damage":9,"enemies":"3 Sentries","floor":7,"turns":2},{"damage":0,"enemies":"Gremlin Gang","floor":11,"turns":1},{"damage":0,"enemies":"Blue Slaver","floor":14,"turns":4},{"damage":11,"enemies":"The Guardian","floor":16,"turns":9},{"damage":5,"enemies":"Spheric Guardian","floor":18,"turns":5},{"damage":3,"enemies":"Shell Parasite","floor":19,"turns":6},{"damage":5,"enemies":"Snecko","floor":20,"turns":6},{"damage":23,"enemies":"Centurion and Healer","floor":22,"turns":7},{"damage":14,"enemies":"Slavers","floor":27,"turns":4},{"damage":9,"enemies":"Cultist and Chosen","floor":29,"turns":5},{"damage":23,"enemies":"Shelled Parasite and Fungi","floor":30,"turns":3},{"damage":16,"enemies":"Centurion and Healer","floor":31,"turns":5},{"damage":67,"enemies":"Automaton","floor":33,"turns":6}],"seed_played":"-3488631435737580364","potions_obtained":[{"floor":1,"key":"Energy Potion"},{"floor":3,"key":"Dexterity Potion"},{"floor":7,"key":"GhostInAJar"},{"floor":14,"key":"Ancient Potion"},{"floor":20,"key":"Block Potion"},{"floor":21,"key":"PowerPotion"},{"floor":21,"key":"EssenceOfSteel"},{"floor":27,"key":"Fire Potion"},{"floor":31,"key":"Energy Potion"}],"is_trial":false,"path_per_floor":["M","M","M","M","?","$","E","R","T","R","M","$","?","M","R","B",null,"M","M","M","?","M","R","$","T","T","E","R","M","M","M","R","B"],"character_chosen":"THE_SILENT","items_purchased":["Footwork","Purity","Apotheosis","Burst","Chemical X","Blur"],"campfire_rested":6,"item_purchase_floors":[6,6,12,24,24,24],"current_hp_per_floor":[68,68,68,56,56,56,47,68,68,70,70,70,56,56,70,59,70,65,62,57,57,34,55,55,55,55,41,62,53,30,14,35,0],"gold":294,"neow_bonus":"","is_prod":false,"is_daily":true,"chose_seed":false,"campfire_upgraded":0,"win_rate":0,"timestamp":1542567551,"path_taken":["M","M","M","M","?","?","E","R","T","R","M","$","?","M","R","BOSS","M","M","M","?","M","R","$","?","T","E","R","M","?","M","R","BOSS"],"build_version":"2018-11-15","purchased_purges":2,"victory":false,"max_hp_per_floor":[70,70,70,70,70,70,70,70,70,70,70,70,70,70,70,70,70,70,70,70,70,70,70,70,70,70,70,70,70,70,70,70,70],"card_choices":[{"not_picked":["Slice","Dagger Throw","Masterful Stab"],"picked":"SKIP","floor":1},{"not_picked":["Dagger Spray","Flying Knee","Quick Slash"],"picked":"SKIP","floor":2},{"not_picked":["Terror","Reflex"],"picked":"Bane","floor":3},{"not_picked":["Bouncing Flask","Prepared"],"picked":"Cloak And Dagger","floor":4},{"not_picked":["Expertise","Cloak And Dagger"],"picked":"PiercingWail","floor":7},{"not_picked":["Riddle With Holes","Outmaneuver"],"picked":"Malaise","floor":11},{"not_picked":["Heel Hook","Bane"],"picked":"Caltrops","floor":14},{"not_picked":["Deadly Poison+1","Slice"],"picked":"PiercingWail","floor":18},{"not_picked":["Riddle With Holes","Eviscerate","PiercingWail"],"picked":"SKIP","floor":19},{"not_picked":["Flying Knee","Poisoned Stab+1","Dagger Throw+1"],"picked":"SKIP","floor":20},{"not_picked":["Prepared","Slice","Flying Knee+1"],"picked":"SKIP","floor":22},{"not_picked":["Prepared","Caltrops"],"picked":"Cloak And Dagger+1","floor":27},{"not_picked":["Choke","Footwork"],"picked":"Setup+1","floor":29},{"not_picked":["Blade Dance","Tools of the Trade","Acrobatics+1"],"picked":"SKIP","floor":30},{"not_picked":["Deadly Poison","Quick Slash+1","Blade Dance+1"],"picked":"SKIP","floor":31}],"player_experience":316877,"relics_obtained":[{"floor":7,"key":"Pen Nib"},{"floor":9,"key":"Tiny Chest"},{"floor":25,"key":"Pantograph"},{"floor":26,"key":"Boot"},{"floor":27,"key":"Bag of Preparation"}],"event_choices":[{"cards_removed":["Strike_G"],"damage_healed":0,"gold_gain":0,"player_choice":"Card Removal","damage_taken":0,"max_hp_gain":0,"max_hp_loss":0,"event_name":"The Cleric","floor":5,"gold_loss":50},{"damage_healed":0,"gold_gain":0,"player_choice":"Entered Light","damage_taken":14,"max_hp_gain":0,"max_hp_loss":0,"event_name":"Shining Light","floor":13,"gold_loss":0,"cards_upgraded":["PiercingWail","Cloak And Dagger"]},{"damage_healed":0,"gold_gain":0,"player_choice":"Got Potions","damage_taken":0,"max_hp_gain":0,"max_hp_loss":0,"event_name":"Lab","floor":21,"gold_loss":0}],"is_beta":true,"boss_relics":[{"not_picked":["Lizard Tail","Ectoplasm"],"picked":"WristBlade"}],"items_purged_floors":[6,24],"is_endless":false,"potions_floor_spawned":[1,3,7,14,20,22,27,31],"killed_by":"Automaton","ascension_level":0}