{"gold_per_floor":[112,129,28,41,56,69,69,95,119,119,194,223,223,253,253,325,325,325,325,25,25,25,25,25,25],"floor_reached":25,"playtime":1607,"items_purged":["Accuracy"],"score":558,"play_id":"e3f0428f-ac30-4318-80d8-c04babff8ace","local_time":"20190209134328","is_ascension_mode":true,"campfire_choices":[{"data":"Neutralize","floor":7.0,"key":"SMITH"},{"floor":10.0,"key":"REST"},{"data":"Footwork","floor":13.0,"key":"SMITH"},{"data":"Noxious Fumes","floor":15.0,"key":"SMITH"},{"floor":23,"key":"REST"}],"neow_cost":"NONE","seed_source_timestamp":505646212035,"circlet_count":0,"master_deck":["AscendersBane","Survivor","Neutralize+1","Heel Hook","Choke","Venomology","Doppelganger","Noxious Fumes","Reflex","Reflex","Masterful Stab","After Image","Calculated Gamble","Deflect","Blade Dance","Footwork+1","Venomology","Noxious Fumes+1","Noxious Fumes","Dagger Throw","Prepared","Footwork","Crippling Poison","Flash of Steel","All Out Attack","Expertise"],"special_seed":0,"relics":["Pandora\u0027s Box","Turnip","Bag of Marbles","Happy Flower","Odd Mushroom","Ectoplasm","Potion Belt","Juzu Bracelet","Regal Pillow","Tingsha"],"potions_floor_usage":[18,18,22,24,24,25,25,25],"damage_taken":[{"damage":0.0,"enemies":"Cultist","floor":1.0,"turns":3.0},{"damage":13.0,"enemies":"2 Louse","floor":2.0,"turns":2.0},{"damage":3.0,"enemies":"Small Slimes","floor":4.0,"turns":4.0},{"damage":0.0,"enemies":"Blue Slaver","floor":5.0,"turns":4.0},{"damage":27.0,"enemies":"Exordium Thugs","floor":6.0,"turns":7.0},{"damage":15.0,"enemies":"Gremlin Nob","floor":8.0,"turns":3.0},{"damage":3.0,"enemies":"Lagavulin","floor":12.0,"turns":7.0},{"damage":0.0,"enemies":"The Mushroom Lair","floor":14.0,"turns":2.0},{"damage":0.0,"enemies":"Hexaghost","floor":16.0,"turns":7.0},{"damage":16,"enemies":"3 Byrds","floor":18,"turns":5},{"damage":14,"enemies":"Chosen","floor":22,"turns":5},{"damage":45,"enemies":"Slavers","floor":24,"turns":6},{"damage":13,"enemies":"Colosseum Slavers","floor":25,"turns":1}],"seed_played":"84139591677209363","potions_obtained":[{"floor":1.0,"key":"EntropicBrew"},{"floor":8.0,"key":"GhostInAJar"},{"floor":12.0,"key":"EssenceOfSteel"},{"floor":16.0,"key":"SpeedPotion"},{"floor":22,"key":"FearPotion"}],"is_trial":false,"path_per_floor":["M","M","$","M","M","M","R","E","T","R","?","E","R","?","R","B",null,"M","?","$","T","M","R","E","?"],"character_chosen":"THE_SILENT","items_purchased":["Blade Dance","Crippling Poison","Flash of Steel","Juzu Bracelet"],"campfire_rested":2,"item_purchase_floors":[3,20,20,20],"current_hp_per_floor":[59,51,51,48,48,21,21,6,6,25,14,11,11,11,11,11,52,36,36,36,36,22,56,11,0],"gold":25,"neow_bonus":"BOSS_RELIC","is_prod":false,"is_daily":false,"chose_seed":false,"campfire_upgraded":3,"win_rate":0,"timestamp":1549748608,"path_taken":["M","?","$","M","M","M","R","E","T","R","?","E","R","?","R","BOSS","M","?","$","?","M","R","E","?"],"build_version":"2019-02-06","purchased_purges":1,"victory":false,"max_hp_per_floor":[66,66,66,66,66,66,66,66,66,66,66,66,66,66,66,66,66,66,66,66,66,66,66,66,66],"card_choices":[{"not_picked":["Sucker Punch","Slice"],"picked":"Calculated Gamble","floor":1.0},{"not_picked":["Acrobatics","PiercingWail"],"picked":"Deflect","floor":2.0},{"not_picked":["Masterful Stab","Sucker Punch"],"picked":"Footwork","floor":4.0},{"not_picked":["Bane","Endless Agony"],"picked":"Venomology","floor":5.0},{"not_picked":["Tactician","Infinite Blades"],"picked":"Noxious Fumes","floor":6.0},{"not_picked":["Acrobatics","Deflect"],"picked":"Noxious Fumes","floor":8.0},{"not_picked":["Blade Dance","Distraction"],"picked":"Dagger Throw","floor":12.0},{"not_picked":["Dagger Throw","Acrobatics"],"picked":"Prepared","floor":14.0},{"not_picked":["Blade Dance","Backstab"],"picked":"Footwork","floor":18},{"not_picked":["Noxious Fumes","Flying Knee"],"picked":"All Out Attack","floor":22},{"not_picked":["Bane","Deadly Poison"],"picked":"Expertise","floor":24}],"player_experience":1136627,"relics_obtained":[{"floor":8.0,"key":"Turnip"},{"floor":9.0,"key":"Bag of Marbles"},{"floor":12.0,"key":"Happy Flower"},{"floor":14.0,"key":"Odd Mushroom"},{"floor":21,"key":"Regal Pillow"},{"floor":24,"key":"Tingsha"}],"event_choices":[{"damage_healed":0.0,"max_hp_gain":0.0,"max_hp_loss":0.0,"gold_gain":75.0,"event_name":"World of Goop","player_choice":"Gather Gold","floor":11.0,"gold_loss":0.0,"damage_taken":11.0},{"damage_healed":0.0,"max_hp_gain":0.0,"max_hp_loss":0.0,"gold_gain":0.0,"event_name":"Mushrooms","player_choice":"Fought Mushrooms","floor":14.0,"gold_loss":0.0,"damage_taken":0.0},{"damage_healed":0,"gold_gain":0,"player_choice":"Gave Potion","damage_taken":0,"relics_obtained":["Potion Belt"],"max_hp_gain":0,"max_hp_loss":0,"event_name":"WeMeetAgain","floor":19,"gold_loss":0},{"damage_healed":0,"gold_gain":0,"player_choice":"Fight","damage_taken":0,"max_hp_gain":0,"max_hp_loss":0,"event_name":"Colosseum","floor":25,"gold_loss":0}],"is_beta":true,"boss_relics":[{"not_picked":["Philosopher\u0027s Stone","Calling Bell"],"picked":"Ectoplasm"}],"items_purged_floors":[3],"is_endless":false,"potions_floor_spawned":[1,5,8,12,16,22],"killed_by":"Colosseum Slavers","ascension_level":20}