{"gold_per_floor":[111,128,128,203,223,251,251,276,302,314],"floor_reached":10,"playtime":423,"items_purged":[],"score":110,"play_id":"7608b229-c04f-40e4-82b5-458ad1833576","local_time":"20190122050520","is_ascension_mode":true,"campfire_choices":[{"floor":7,"key":"REST"}],"neow_cost":"NONE","seed_source_timestamp":996921826994855,"circlet_count":0,"master_deck":["Defend_G","Defend_G","Defend_G","Defend_G","Defend_G","Strike_G+1","Strike_G","Strike_G","Strike_G","Strike_G+1","Survivor","Neutralize","Finesse","Caltrops+1","Deadly Poison","Catalyst"],"relics":["Ring of the Snake","Regal Pillow","Whetstone","MawBank"],"potions_floor_usage":[6,6],"damage_taken":[{"damage":2,"enemies":"Jaw Worm","floor":1,"turns":5},{"damage":6,"enemies":"Small Slimes","floor":2,"turns":5},{"damage":1,"enemies":"2 Louse","floor":5,"turns":3},{"damage":22,"enemies":"3 Sentries","floor":6,"turns":12},{"damage":48,"enemies":"Gremlin Nob","floor":8,"turns":5},{"damage":18,"enemies":"3 Sentries","floor":10,"turns":2}],"seed_played":"-4484060827285135180","potions_obtained":[{"floor":2,"key":"EssenceOfSteel"},{"floor":5,"key":"Weak Potion"}],"is_trial":false,"path_per_floor":["?","?"],"character_chosen":"THE_SILENT","items_purchased":[],"campfire_rested":1,"item_purchase_floors":[],"current_hp_per_floor":[61,55,55,44,43,21,57,9,9,0],"gold":314,"neow_bonus":"RANDOM_COLORLESS","is_prod":false,"is_daily":false,"chose_seed":false,"campfire_upgraded":0,"win_rate":0,"timestamp":1548133520,"path_taken":["M","M","?","?","M","E","R","E","T","E"],"build_version":"2019-01-20","purchased_purges":0,"victory":false,"max_hp_per_floor":[70,70,70,70,70,70,70,70,70,70],"card_choices":[{"not_picked":["Eviscerate","Deflect"],"picked":"Caltrops","floor":1},{"not_picked":["Reflex","Finisher"],"picked":"Deadly Poison","floor":2},{"not_picked":["Acrobatics","All Out Attack","Cloak And Dagger"],"picked":"SKIP","floor":5},{"not_picked":["Skewer","Quick Slash","Prepared"],"picked":"SKIP","floor":6},{"not_picked":["Dagger Spray","Flying Knee"],"picked":"Catalyst","floor":8}],"player_experience":448351,"relics_obtained":[{"floor":6,"key":"Regal Pillow"},{"floor":8,"key":"Whetstone"},{"floor":9,"key":"MawBank"}],"event_choices":[{"damage_healed":0,"gold_gain":0,"player_choice":"Grow","damage_taken":0,"max_hp_gain":0,"max_hp_loss":0,"event_name":"Living Wall","floor":3,"gold_loss":0,"cards_upgraded":["Caltrops"]},{"damage_healed":0,"gold_gain":75,"player_choice":"Gather Gold","damage_taken":11,"max_hp_gain":0,"max_hp_loss":0,"event_name":"World of Goop","floor":4,"gold_loss":0}],"is_beta":true,"boss_relics":[],"items_purged_floors":[],"is_endless":false,"potions_floor_spawned":[2,5],"killed_by":"3 Sentries","ascension_level":9}