{"gold_per_floor":[119,119,119,119,44,72,72,72,72,92,92,92,102,377,377,479,479,454,154,167,183,58,58,58],"floor_reached":24,"playtime":911,"items_purged":["Regret","Regret","Shame"],"score":257,"play_id":"ba73f240-3632-4548-a7eb-e052d0ca331b","local_time":"20190116044751","is_ascension_mode":true,"campfire_choices":[{"data":"Bash","floor":7,"key":"SMITH"},{"data":"Inflame","floor":12,"key":"SMITH"},{"data":"Fiend Fire","floor":15,"key":"SMITH"},{"data":"Dark Embrace","floor":23,"key":"SMITH"}],"neow_cost":"NONE","seed_source_timestamp":477001945555593,"circlet_count":0,"master_deck":["Strike_R","Strike_R","Strike_R+1","Strike_R","Defend_R","Defend_R","Defend_R","Defend_R+1","Bash+1","Clothesline+1","Inflame+1","Cleave","Fiend Fire+1","Dark Embrace+1","Parasite","Doubt","Infernal Blade"],"relics":["Burning Blood","Orichalcum","Torii","Turnip","Dead Branch","Odd Mushroom","Calling Bell","Ancient Tea Set","Self Forming Clay","StoneCalendar","Strange Spoon"],"potions_floor_usage":[10,18,21],"damage_taken":[{"damage":0,"enemies":"Small Slimes","floor":1,"turns":3},{"damage":9,"enemies":"Gremlin Nob","floor":6,"turns":5},{"damage":14,"enemies":"The Mushroom Lair","floor":10,"turns":4},{"damage":0,"enemies":"2 Louse","floor":13,"turns":2},{"damage":30,"enemies":"The Guardian","floor":16,"turns":11},{"damage":35,"enemies":"2 Thieves","floor":18,"turns":5},{"damage":13,"enemies":"Spheric Guardian","floor":20,"turns":4},{"damage":8,"enemies":"Shelled Parasite and Fungi","floor":21,"turns":4},{"damage":38,"enemies":"Gremlin Leader","floor":24,"turns":4}],"seed_played":"-6559982964896552363","potions_obtained":[{"floor":6,"key":"Weak Potion"},{"floor":16,"key":"BloodPotion"},{"floor":20,"key":"Energy Potion"}],"is_trial":false,"path_per_floor":["M","?","?","?","$","E","R","$","T","?","?","R","M","?","R","B",null,"M","$","M","M","$","R","E"],"character_chosen":"IRONCLAD","items_purchased":["Strange Spoon"],"campfire_rested":0,"item_purchase_floors":[19],"current_hp_per_floor":[78,78,78,62,62,59,59,59,59,51,51,51,57,57,57,33,68,47,47,40,38,38,38,0],"gold":58,"neow_bonus":"RANDOM_COMMON_RELIC","is_prod":false,"is_daily":false,"chose_seed":false,"campfire_upgraded":4,"win_rate":0,"timestamp":1547614071,"path_taken":["M","?","?","?","$","E","R","?","T","?","?","R","?","?","R","BOSS","M","$","?","M","$","R","E"],"build_version":"2019-01-14v2","purchased_purges":3,"victory":false,"max_hp_per_floor":[80,80,80,80,80,80,80,80,80,80,80,80,80,80,80,80,80,80,80,80,80,80,80,80],"card_choices":[{"not_picked":["Twin Strike","Headbutt"],"picked":"Clothesline","floor":1},{"not_picked":["True Grit","Heavy Blade"],"picked":"Inflame","floor":6},{"not_picked":["Anger","Spot Weakness"],"picked":"Cleave","floor":10},{"not_picked":["Armaments","Clash"],"picked":"Fiend Fire","floor":13},{"not_picked":["Exhume","Limit Break"],"picked":"Dark Embrace","floor":16},{"not_picked":["Clothesline","Perfected Strike"],"picked":"Infernal Blade","floor":18},{"not_picked":["Evolve","Anger+1","Pummel"],"picked":"SKIP","floor":20},{"not_picked":["Burning Pact","Headbutt+1","Clothesline"],"picked":"SKIP","floor":21}],"player_experience":419489,"relics_obtained":[{"floor":6,"key":"Turnip"},{"floor":9,"key":"Dead Branch"},{"floor":10,"key":"Odd Mushroom"},{"floor":17,"key":"Ancient Tea Set"},{"floor":17,"key":"Self Forming Clay"},{"floor":17,"key":"StoneCalendar"}],"event_choices":[{"damage_healed":0,"gold_gain":0,"player_choice":"Grow","damage_taken":0,"max_hp_gain":0,"max_hp_loss":0,"event_name":"Living Wall","floor":2,"gold_loss":0,"cards_upgraded":["Clothesline"]},{"damage_healed":0,"gold_gain":0,"player_choice":"Box","damage_taken":0,"relics_obtained":["Torii"],"max_hp_gain":0,"max_hp_loss":0,"event_name":"Big Fish","floor":3,"gold_loss":0,"cards_obtained":["Regret"]},{"damage_healed":0,"gold_gain":0,"player_choice":"Entered Light","damage_taken":16,"max_hp_gain":0,"max_hp_loss":0,"event_name":"Shining Light","floor":4,"gold_loss":0,"cards_upgraded":["Strike_R","Defend_R"]},{"damage_healed":0,"gold_gain":0,"player_choice":"Fought Mushrooms","damage_taken":0,"max_hp_gain":0,"max_hp_loss":0,"event_name":"Mushrooms","floor":10,"gold_loss":0},{"cards_removed":["Strike_R"],"damage_healed":0,"gold_gain":0,"player_choice":"Offered Basic","damage_taken":0,"max_hp_gain":0,"max_hp_loss":0,"event_name":"Bonfire Elementals","floor":11,"gold_loss":0},{"damage_healed":0,"gold_gain":275,"player_choice":"Desecrate","damage_taken":0,"max_hp_gain":0,"max_hp_loss":0,"event_name":"Golden Shrine","floor":14,"gold_loss":0,"cards_obtained":["Regret"]}],"is_beta":true,"boss_relics":[{"not_picked":["Runic Pyramid","Black Star"],"picked":"Calling Bell"}],"items_purged_floors":[5,19,22],"is_endless":false,"potions_floor_spawned":[6,16,20],"killed_by":"Gremlin Leader","ascension_level":7}