{"gold_per_floor":[367,379,379,329,141,180,201,236,284,284,140,140,178,178,178,307,307,326,339,339,193,193,193],"floor_reached":23,"playtime":1036,"items_purged":[],"score":246,"play_id":"7b7557a8-5d89-4cb9-90cf-e12cc5c81212","local_time":"20190208203412","is_ascension_mode":true,"campfire_choices":[{"floor":10,"key":"REST"},{"floor":12,"key":"REST"},{"floor":15,"key":"REST"}],"neow_cost":"PERCENT_DAMAGE","seed_source_timestamp":104737546694159,"circlet_count":0,"master_deck":["Strike_R","Strike_R","Strike_R","Strike_R","Defend_R","Defend_R","Defend_R","Defend_R","Bash","Dual Wield","Armaments","Apotheosis+1","Shrug It Off","Flame Barrier","Infernal Blade","Flame Barrier","Impervious","Shrug It Off","Iron Wave","Pummel","Entrench","Headbutt","Sword Boomerang+1","RitualDagger"],"relics":["Burning Blood","Golden Idol","Self Forming Clay","Strawberry","Red Skull","Bronze Scales","Boot","Orrery","Bag of Marbles"],"potions_floor_usage":[13,16,23,23],"damage_taken":[{"damage":0,"enemies":"2 Louse","floor":1,"turns":3},{"damage":3,"enemies":"Small Slimes","floor":2,"turns":4},{"damage":32,"enemies":"Gremlin Nob","floor":6,"turns":4},{"damage":3,"enemies":"Jaw Worm","floor":7,"turns":5},{"damage":18,"enemies":"Lagavulin","floor":8,"turns":6},{"damage":31,"enemies":"3 Sentries","floor":13,"turns":9},{"damage":15,"enemies":"The Guardian","floor":16,"turns":12},{"damage":9,"enemies":"3 Byrds","floor":18,"turns":4},{"damage":0,"enemies":"Shell Parasite","floor":19,"turns":9},{"damage":94,"enemies":"Gremlin Leader","floor":23,"turns":9}],"seed_played":"-2409238061051482574","potions_obtained":[{"floor":1,"key":"Energy Potion"},{"floor":13,"key":"SteroidPotion"},{"floor":16,"key":"BloodPotion"},{"floor":18,"key":"PowerPotion"}],"is_trial":false,"path_per_floor":["M","M","?","?","$","E","M","E","T","R","$","R","E","?","R","B",null,"M","M","?","$","?","E"],"character_chosen":"IRONCLAD","items_purchased":["Apotheosis","Bronze Scales","Bag of Marbles"],"campfire_rested":3,"item_purchase_floors":[5,11,21],"current_hp_per_floor":[62,65,65,65,65,39,42,37,37,61,61,81,56,56,80,71,81,78,81,75,75,81,0],"gold":193,"neow_bonus":"TWO_FIFTY_GOLD","is_prod":false,"is_daily":false,"chose_seed":false,"campfire_upgraded":0,"win_rate":0,"timestamp":1549654452,"path_taken":["M","M","?","?","$","E","M","E","T","R","$","R","E","?","R","BOSS","M","M","?","$","?","E"],"build_version":"2019-01-23","purchased_purges":0,"victory":false,"max_hp_per_floor":[80,80,74,74,74,74,74,81,81,81,81,81,81,81,81,81,81,81,81,81,81,81,81],"card_choices":[{"not_picked":["Shockwave","Combust"],"picked":"Dual Wield","floor":1},{"not_picked":["Flex","Pommel Strike"],"picked":"Armaments","floor":2},{"not_picked":["Fire Breathing","Burning Pact"],"picked":"Shrug It Off","floor":6},{"not_picked":["Clash","Sever Soul"],"picked":"Flame Barrier","floor":7},{"not_picked":["Body Slam","Rampage"],"picked":"Infernal Blade","floor":8},{"not_picked":["Clothesline","Wild Strike"],"picked":"Flame Barrier","floor":13},{"not_picked":["Limit Break","Juggernaut"],"picked":"Impervious","floor":16},{"not_picked":["Perfected Strike","Flex"],"picked":"Shrug It Off","floor":17},{"not_picked":["Entrench","Rage"],"picked":"Iron Wave","floor":17},{"not_picked":["Sever Soul","Clothesline"],"picked":"Pummel","floor":17},{"not_picked":["Battle Trance","Burning Pact"],"picked":"Entrench","floor":17},{"not_picked":["Anger","Dropkick"],"picked":"Headbutt","floor":17},{"not_picked":["Limit Break","Flex"],"picked":"Sword Boomerang+1","floor":18},{"not_picked":["Rampage+1","Corruption","Battle Trance"],"picked":"SKIP","floor":19}],"player_experience":256863,"relics_obtained":[{"floor":6,"key":"Self Forming Clay"},{"floor":8,"key":"Strawberry"},{"floor":9,"key":"Red Skull"},{"floor":13,"key":"Boot"}],"event_choices":[{"damage_healed":0,"gold_gain":0,"player_choice":"Lose Max HP","damage_taken":0,"relics_obtained":["Golden Idol"],"max_hp_gain":0,"max_hp_loss":6,"event_name":"Golden Idol","floor":3,"gold_loss":0},{"cards_removed":["Strike_R"],"damage_healed":0,"gold_gain":0,"player_choice":"Card Removal","damage_taken":0,"max_hp_gain":0,"max_hp_loss":0,"event_name":"The Cleric","floor":4,"gold_loss":50},{"damage_healed":0,"gold_gain":0,"player_choice":"Grow","damage_taken":0,"max_hp_gain":0,"max_hp_loss":0,"event_name":"Living Wall","floor":14,"gold_loss":0,"cards_upgraded":["Apotheosis"]},{"damage_healed":0,"gold_gain":0,"player_choice":"Joined the Cult","damage_taken":6,"max_hp_gain":0,"max_hp_loss":0,"event_name":"Nest","floor":20,"gold_loss":0,"cards_obtained":["RitualDagger"]},{"damage_healed":6,"gold_gain":0,"player_choice":"Full Heal","damage_taken":0,"max_hp_gain":0,"max_hp_loss":0,"event_name":"Wheel of Change","floor":22,"gold_loss":0}],"is_beta":false,"boss_relics":[{"not_picked":["Runic Cube","Tiny House"],"picked":"Orrery"}],"items_purged_floors":[],"is_endless":false,"potions_floor_spawned":[1,13,16,18],"killed_by":"Gremlin Leader","ascension_level":4}