{"path_per_floor":["M","$","?","?","M","E","R","?","T","M","M","?","?","E","R","B",null,"M","?","?","$","M","E","R","M","T","E","T","R","T","$","R","B",null,"M","?","M","$","M","R","M","R","T","E","?","E","R","$","R","B"],"character_chosen":"THE_SILENT","items_purchased":["Outmaneuver","Noxious Fumes","Gremlin Horn","Reflex","Tingsha","Tools of the Trade","Calculated Gamble"],"gold_per_floor":[109,84,84,84,100,135,135,135,207,219,229,229,229,264,264,387,387,407,407,407,35,58,96,96,114,114,155,155,155,155,155,155,281,281,305,605,626,120,135,135,151,151,223,261,261,296,296,246,246,246],"floor_reached":51,"campfire_rested":8,"playtime":3367,"current_hp_per_floor":[70,70,70,70,69,40,40,40,50,50,32,32,17,17,39,17,74,62,62,62,62,31,18,40,28,28,5,5,27,27,27,49,7,74,50,50,40,40,25,47,33,55,55,25,25,13,35,35,57,3],"items_purged":["Slice","Injury"],"gold":246,"score":859,"play_id":"de030443-3630-43d5-a7ef-59ad0e211a08","local_time":"20180425194818","is_prod":false,"is_daily":false,"chose_seed":false,"is_ascension_mode":true,"campfire_upgraded":1,"timestamp":1524682098,"path_taken":["M","$","?","?","M","E","R","?","T","M","?","?","?","E","R","BOSS","M","?","?","$","M","E","R","?","T","E","?","R","?","$","R","BOSS","M","?","M","$","M","R","M","R","T","E","?","E","R","$","R","BOSS"],"build_version":"2018-04-19","seed_source_timestamp":515644932974755,"purchased_purges":4,"victory":true,"master_deck":["Survivor","Neutralize","Bouncing Flask+1","Outmaneuver","Neutralize+1","Acrobatics","Venomology","Prepared+1","Footwork","Crippling Poison","Adrenaline","Masterful Stab","Poisoned Stab","Escape Plan","Deflect","Underhanded Strike","Bane","Flying Knee","Outmaneuver","Setup","Noxious Fumes","Reflex","PiercingWail","Noxious Fumes+1","Deflect+1","Prepared+1","Malaise","Backflip+1","PiercingWail+1","Tools of the Trade","Calculated Gamble","Footwork+1","Corpse Explosion","Cloak And Dagger+1","Adrenaline","Eviscerate"],"max_hp_per_floor":[70,70,70,70,70,70,70,70,80,80,80,74,74,74,74,74,74,74,74,74,74,74,74,74,74,74,74,74,74,74,74,74,74,74,74,74,74,74,74,74,74,74,74,74,74,74,74,74,74,74],"relics":["Runic Pyramid","Gambling Chip","Pear","Golden Idol","Bottled Tornado","Pandora\u0027s Box","Snake Skull","Gremlin Horn","Prayer Wheel","Bottled Flame","Pen Nib","Mummified Hand","Smiling Mask","Cursed Key","Tingsha","Matryoshka","Orichalcum","Ornamental Fan"],"card_choices":[{"not_picked":["Dagger Spray","Outmaneuver"],"picked":"Bouncing Flask","floor":1},{"not_picked":["Caltrops","All Out Attack"],"picked":"Acrobatics","floor":5},{"not_picked":["Malaise","Bane"],"picked":"Venomology","floor":6},{"not_picked":["Footwork","Deflect"],"picked":"Prepared","floor":10},{"not_picked":["Backstab","Dagger Spray"],"picked":"Footwork","floor":11},{"not_picked":["Bane","All Out Attack"],"picked":"Crippling Poison","floor":14},{"not_picked":["Phantasmal Killer","Die Die Die"],"picked":"Adrenaline","floor":16},{"not_picked":["Dagger Spray","Cloak And Dagger"],"picked":"PiercingWail","floor":22},{"not_picked":["Sucker Punch","Endless Agony"],"picked":"Noxious Fumes","floor":23},{"not_picked":["Blade Dance","Malaise"],"picked":"Deflect","floor":27},{"not_picked":["Dagger Throw","Masterful Stab"],"picked":"Prepared","floor":28},{"not_picked":["Backstab","Sucker Punch"],"picked":"Malaise","floor":30},{"not_picked":["Bane","Dagger Throw"],"picked":"Backflip","floor":35},{"not_picked":["Blade Dance","Deadly Poison"],"picked":"PiercingWail","floor":37},{"not_picked":["Sucker Punch","Bane"],"picked":"Footwork","floor":39},{"not_picked":["Caltrops","Outmaneuver"],"picked":"Corpse Explosion","floor":41},{"not_picked":["Dagger Throw","Skewer"],"picked":"Cloak And Dagger","floor":44},{"not_picked":["PiercingWail","Poisoned Stab"],"picked":"Eviscerate","floor":46}],"player_experience":74303,"potions_floor_usage":[10,14,14,14,23,23,23,27,27,27,27,33,41,44,46,46,50,50,50],"damage_taken":[{"damage":0,"enemies":"Small Slimes","floor":1,"turns":5},{"damage":1,"enemies":"Cultist","floor":5,"turns":4},{"damage":29,"enemies":"Gremlin Nob","floor":6,"turns":5},{"damage":0,"enemies":"2 Louse","floor":10,"turns":3},{"damage":18,"enemies":"Exordium Wildlife","floor":11,"turns":5},{"damage":0,"enemies":"Lagavulin","floor":14,"turns":6},{"damage":22,"enemies":"Hexaghost","floor":16,"turns":10},{"damage":12,"enemies":"Chosen","floor":18,"turns":5},{"damage":31,"enemies":"2 Thieves","floor":22,"turns":4},{"damage":13,"enemies":"Gremlin Leader","floor":23,"turns":7},{"damage":12,"enemies":"Snake Plant","floor":25,"turns":4},{"damage":38,"enemies":"Slavers","floor":27,"turns":6},{"damage":42,"enemies":"Automaton","floor":33,"turns":10},{"damage":24,"enemies":"Orb Walker","floor":35,"turns":4},{"damage":10,"enemies":"Flame Bruiser 1 Orb","floor":37,"turns":6},{"damage":15,"enemies":"Sphere and 2 Shapes","floor":39,"turns":6},{"damage":14,"enemies":"3 Darklings","floor":41,"turns":6},{"damage":30,"enemies":"Nemesis","floor":44,"turns":7},{"damage":27,"enemies":"Giant Head","floor":46,"turns":10},{"damage":54,"enemies":"Awakened One","floor":50,"turns":12}],"event_choices":[{"event_name":"Match and Keep!","player_choice":"2 cards matched","floor":3,"damage_taken":0},{"event_name":"Liars Game","player_choice":"disagreed","floor":4,"damage_taken":0},{"event_name":"Living Wall","player_choice":"Forget","floor":8,"damage_taken":0},{"event_name":"Golden Idol","player_choice":"Lose Max HP","floor":12,"damage_taken":0},{"event_name":"Shining Light","player_choice":"Entered Light","floor":13,"damage_taken":0},{"event_name":"The Mausoleum","player_choice":"Yes","floor":19,"damage_taken":0},{"event_name":"Back to Basics","player_choice":"Elegance","floor":20,"damage_taken":0},{"event_name":"Wheel of Change","player_choice":"Gold","floor":36,"damage_taken":0},{"event_name":"Duplicator","player_choice":"One dupe","floor":45,"damage_taken":0}],"boss_relics":[{"not_picked":["Eternal Feather","Calling Bell"],"picked":"Pandora\u0027s Box"},{"not_picked":["Philosopher\u0027s Stone","Lizard Tail"],"picked":"Cursed Key"}],"potions_floor_spawned":[5,10,23,25,27,37,41,44],"seed_played":"-8643779770224639657","ascension_level":1,"is_trial":false}