{"gold_per_floor":[113,130,205,205,205,205,239,250,250,250,267,35,63,63,63,161,161,172,447,447],"floor_reached":20,"playtime":804,"items_purged":["Strike_R"],"score":279,"play_id":"f2db7275-7e13-4dc3-a061-13f6da3f160c","local_time":"20190126224212","is_ascension_mode":true,"campfire_choices":[{"data":"Perfected Strike","floor":6,"key":"SMITH"},{"data":"Berserk","floor":10,"key":"SMITH"},{"floor":15,"key":"REST"}],"neow_cost":"NONE","seed_source_timestamp":1405550112972697,"circlet_count":0,"master_deck":["AscendersBane","Strike_R","Strike_R","Strike_R","Defend_R","Defend_R","Defend_R","Defend_R","Bash","Perfected Strike+1","Warcry","Perfected Strike+1","Shrug It Off","Berserk+1","Pommel Strike+1","Feel No Pain","Flex","Dual Wield","Intimidate","Limit Break","Metallicize","Regret"],"relics":["Burning Blood","Sundial","Molten Egg 2","Juzu Bracelet","The Courier","Snecko Eye"],"potions_floor_usage":[7,11,11,11,16,16,20],"damage_taken":[{"damage":0,"enemies":"2 Louse","floor":1,"turns":2},{"damage":7,"enemies":"Small Slimes","floor":2,"turns":4},{"damage":16,"enemies":"Gremlin Nob","floor":7,"turns":3},{"damage":2,"enemies":"Jaw Worm","floor":8,"turns":4},{"damage":11,"enemies":"Lots of Slimes","floor":11,"turns":5},{"damage":20,"enemies":"Lagavulin","floor":13,"turns":6},{"damage":33,"enemies":"Slime Boss","floor":16,"turns":8},{"damage":30,"enemies":"2 Thieves","floor":18,"turns":3},{"damage":50,"enemies":"Masked Bandits","floor":20,"turns":3}],"seed_played":"-4880860074968984923","potions_obtained":[{"floor":2,"key":"GamblersBrew"},{"floor":7,"key":"EntropicBrew"},{"floor":8,"key":"FearPotion"},{"floor":13,"key":"BloodPotion"},{"floor":18,"key":"LiquidBronze"}],"is_trial":false,"path_per_floor":["M","M","?","?","?","R","E","M","T","R","M","$","E","?","R","B",null,"M","?","?"],"character_chosen":"IRONCLAD","items_purchased":["Feel No Pain","Flex","Dual Wield"],"campfire_rested":1,"item_purchase_floors":[12,12,12],"current_hp_per_floor":[78,77,66,59,52,52,42,46,46,46,41,41,27,27,51,32,68,44,44,0],"gold":447,"neow_bonus":"THREE_CARDS","is_prod":false,"is_daily":false,"chose_seed":false,"campfire_upgraded":2,"win_rate":0,"timestamp":1548542532,"path_taken":["M","M","?","?","?","R","E","?","T","R","M","?","E","?","R","BOSS","M","?","?"],"build_version":"2019-01-23","purchased_purges":1,"victory":false,"max_hp_per_floor":[80,80,80,80,80,80,80,80,80,80,80,80,80,80,80,80,80,80,80,80],"card_choices":[{"not_picked":["Cleave","Dual Wield"],"picked":"Perfected Strike","floor":0},{"not_picked":["Sword Boomerang","Combust"],"picked":"Warcry","floor":1},{"not_picked":["Corruption","Entrench"],"picked":"Perfected Strike","floor":2},{"not_picked":["True Grit","Perfected Strike"],"picked":"Shrug It Off","floor":7},{"not_picked":["Body Slam+1","Dropkick+1"],"picked":"Berserk","floor":8},{"not_picked":["Sword Boomerang+1","Bloodletting"],"picked":"Pommel Strike+1","floor":11},{"not_picked":["Heavy Blade+1","Whirlwind+1"],"picked":"Intimidate","floor":13},{"not_picked":["Dark Embrace","Offering"],"picked":"Limit Break","floor":16},{"not_picked":["Clothesline+1","Armaments"],"picked":"Metallicize","floor":18}],"player_experience":484509,"relics_obtained":[{"floor":7,"key":"Molten Egg 2"},{"floor":9,"key":"Juzu Bracelet"},{"floor":13,"key":"The Courier"}],"event_choices":[{"damage_healed":0,"gold_gain":75,"player_choice":"Gather Gold","damage_taken":11,"max_hp_gain":0,"max_hp_loss":0,"event_name":"World of Goop","floor":3,"gold_loss":0},{"cards_removed":["Strike_R"],"damage_healed":0,"gold_gain":0,"player_choice":"Card Removal","damage_taken":7,"max_hp_gain":0,"max_hp_loss":0,"event_name":"Golden Wing","floor":4,"gold_loss":0},{"damage_healed":0,"gold_gain":0,"player_choice":"Success","damage_taken":7,"relics_obtained":["Sundial"],"max_hp_gain":0,"max_hp_loss":0,"event_name":"Scrap Ooze","floor":5,"gold_loss":0},{"damage_healed":0,"gold_gain":0,"player_choice":"Grow","damage_taken":0,"max_hp_gain":0,"max_hp_loss":0,"event_name":"Living Wall","floor":14,"gold_loss":0,"cards_upgraded":["Perfected Strike"]},{"damage_healed":0,"gold_gain":275,"player_choice":"Desecrate","damage_taken":0,"max_hp_gain":0,"max_hp_loss":0,"event_name":"Golden Shrine","floor":19,"gold_loss":0,"cards_obtained":["Regret"]},{"damage_healed":0,"gold_gain":0,"player_choice":"Fought Bandits","damage_taken":0,"max_hp_gain":0,"max_hp_loss":0,"event_name":"Masked Bandits","floor":20,"gold_loss":0}],"is_beta":true,"boss_relics":[{"not_picked":["Tiny House","Orrery"],"picked":"Snecko Eye"}],"items_purged_floors":[12],"is_endless":false,"potions_floor_spawned":[2,7,8,13,18],"killed_by":"Masked Bandits","ascension_level":11}