{"path_per_floor":["M","M","$","?","M","E","R","M","T","M","M","M","E","M","R","B",null,"M","?","M"],"character_chosen":"IRONCLAD","items_purchased":[],"gold_per_floor":[114,129,129,129,144,174,174,189,189,204,219,234,264,279,279,379,379,394,319,334,334],"floor_reached":21,"campfire_rested":0,"playtime":1475,"item_purchase_floors":[],"current_hp_per_floor":[78,77,76,75,74,73,72,71,70,69,68,67,66,65,64,57,62,61,60,59,47],"items_purged":[],"gold":334,"score":270,"play_id":"aa65ae76-1b08-43cf-ac51-016eb61e2e3e","local_time":"20180524225314","daily_mods":["Allstar","Terminal","Hoarder"],"is_prod":false,"is_daily":true,"chose_seed":false,"is_ascension_mode":false,"campfire_upgraded":2,"win_rate":0,"timestamp":1527198794,"campfire_choices":[{"data":"Apotheosis","floor":7,"key":"SMITH"},{"data":"Apotheosis","floor":15,"key":"SMITH"}],"path_taken":["M","?","$","?","M","E","R","M","T","?","M","M","E","M","R","BOSS","M","?","M","M"],"build_version":"2018-05-23v2","seed_source_timestamp":0,"purchased_purges":0,"victory":false,"master_deck":["Strike_R","Strike_R","Strike_R","Strike_R","Defend_R","Defend_R","Defend_R","Defend_R","Bash","Panache","Panache","Panache","Secret Technique","Secret Technique","Secret Technique","Apotheosis+1","Apotheosis","Apotheosis+1","Thinking Ahead","Thinking Ahead","Thinking Ahead","Secret Weapon","Secret Weapon","Secret Weapon","Metallicize","Metallicize","Metallicize","Rupture","Rupture","Rupture","Clash","Clash","Clash","Warcry","Warcry","Warcry","Exhume","Exhume","Exhume","Warcry+1","Warcry+1","Warcry+1"],"max_hp_per_floor":[78,77,76,75,74,73,72,71,70,69,68,67,66,65,64,63,62,61,60,59,59],"relics":["Burning Blood","Gambling Chip","Vajra","Mercury Hourglass","Black Star"],"card_choices":[{"not_picked":["Wild Strike","Clash"],"picked":"Metallicize","floor":1},{"not_picked":["Anger","Twin Strike","Shrug It Off"],"picked":"SKIP","floor":2},{"not_picked":["Wild Strike","Whirlwind"],"picked":"Rupture","floor":5},{"not_picked":["Twin Strike","Shrug It Off"],"picked":"Clash","floor":6},{"not_picked":["Clothesline","Entrench"],"picked":"Warcry","floor":8},{"not_picked":["Berserk","Armaments","Clothesline"],"picked":"SKIP","floor":10},{"not_picked":["Twin Strike","Perfected Strike","Heavy Blade"],"picked":"SKIP","floor":11},{"not_picked":["Sentinel","Shockwave","Barricade"],"picked":"SKIP","floor":12},{"not_picked":["Iron Wave","Second Wind","Twin Strike"],"picked":"SKIP","floor":13},{"not_picked":["Flex","Fire Breathing","Pommel Strike"],"picked":"SKIP","floor":14},{"not_picked":["Berserk","Reaper"],"picked":"Exhume","floor":16},{"not_picked":["Heavy Blade","Armaments+1"],"picked":"Warcry+1","floor":18},{"not_picked":["Anger+1","Iron Wave","Clothesline+1"],"picked":"SKIP","floor":20}],"player_experience":184751,"potions_floor_usage":[6,6,6],"damage_taken":[{"damage":0,"enemies":"Cultist","floor":1,"turns":3},{"damage":0,"enemies":"Jaw Worm","floor":2,"turns":2},{"damage":0,"enemies":"Small Slimes","floor":5,"turns":3},{"damage":0,"enemies":"Gremlin Nob","floor":6,"turns":4},{"damage":3,"enemies":"Blue Slaver","floor":8,"turns":2},{"damage":0,"enemies":"Exordium Thugs","floor":10,"turns":4},{"damage":0,"enemies":"2 Fungi Beasts","floor":11,"turns":2},{"damage":0,"enemies":"Gremlin Gang","floor":12,"turns":2},{"damage":3,"enemies":"3 Sentries","floor":13,"turns":2},{"damage":3,"enemies":"Red Slaver","floor":14,"turns":2},{"damage":13,"enemies":"The Guardian","floor":16,"turns":6},{"damage":1,"enemies":"Spheric Guardian","floor":18,"turns":3},{"damage":5,"enemies":"3 Byrds","floor":20,"turns":2},{"damage":12,"enemies":"Snake Plant","floor":21,"turns":2}],"relics_obtained":[{"floor":6,"key":"Gambling Chip"},{"floor":9,"key":"Vajra"},{"floor":13,"key":"Mercury Hourglass"}],"event_choices":[{"event_name":"The Lab","player_choice":"Got Potions","floor":4,"damage_taken":0},{"event_name":"Beggar","player_choice":"Gave Gold","floor":19,"damage_taken":0}],"boss_relics":[{"not_picked":["Eternal Feather","Cursed Key"],"picked":"Black Star"}],"items_purged_floors":[],"potions_floor_spawned":[1,5,12,13,16],"seed_played":"-3551877995311688955","killed_by":"Snake Plant","ascension_level":0,"potions_obtained":[{"floor":1,"key":"FearPotion"},{"floor":4,"key":"Regen Potion"},{"floor":4,"key":"SteroidPotion"},{"floor":5,"key":"AttackPotion"},{"floor":12,"key":"GamblersBrew"},{"floor":13,"key":"Strength Potion"},{"floor":16,"key":"Block Potion"}],"is_trial":false}