{"gold_per_floor":[111,111,129,147,66,66,92,92,139,139,159,179,210,221,221,326,326,346,261,274,274,3,3,36,36,91,108,141,158,158,158],"floor_reached":31,"playtime":2173,"items_purged":["Decay"],"score":278,"play_id":"cc290679-cb5d-4bcd-be07-76d3d7ff570d","local_time":"20190203111709","is_ascension_mode":true,"campfire_choices":[{"data":"Noxious Fumes","floor":6,"key":"SMITH"},{"floor":8,"key":"REST"},{"floor":10,"key":"REST"},{"floor":15,"key":"REST"},{"floor":23,"key":"REST"},{"floor":25,"key":"REST"}],"neow_cost":"NONE","seed_source_timestamp":20277411892239,"circlet_count":0,"master_deck":["Defend_G","Defend_G","Defend_G","Defend_G","Strike_G","Strike_G","Strike_G","Strike_G","Strike_G","Survivor","Neutralize+1","Poisoned Stab","Backstab","Quick Slash","Noxious Fumes+1","Backflip","Flying Knee+1","Finisher","Bouncing Flask","Infinite Blades","Phantasmal Killer","Cloak And Dagger","Bane","Deadly Poison","Footwork","Tools of the Trade","Infinite Blades","Backstab+1","Quick Slash+1","Leg Sweep","Deflect"],"relics":["Ring of the Snake","Bronze Scales","Centennial Puzzle","Bag of Preparation","Orrery","PreservedInsect","TwistedFunnel","Gambling Chip","Whetstone","Red Mask"],"potions_floor_usage":[28,29,31,31],"damage_taken":[{"damage":0,"enemies":"Jaw Worm","floor":1,"turns":3},{"damage":0,"enemies":"Cultist","floor":3,"turns":3},{"damage":2,"enemies":"2 Louse","floor":4,"turns":2},{"damage":38,"enemies":"Lagavulin","floor":7,"turns":7},{"damage":0,"enemies":"2 Fungi Beasts","floor":11,"turns":3},{"damage":10,"enemies":"Exordium Wildlife","floor":12,"turns":3},{"damage":18,"enemies":"3 Sentries","floor":13,"turns":5},{"damage":8,"enemies":"Exordium Thugs","floor":14,"turns":5},{"damage":30,"enemies":"Slime Boss","floor":16,"turns":9},{"damage":11,"enemies":"3 Byrds","floor":18,"turns":2},{"damage":29,"enemies":"2 Thieves","floor":20,"turns":4},{"damage":27,"enemies":"Book of Stabbing","floor":24,"turns":4},{"damage":30,"enemies":"Centurion and Healer","floor":27,"turns":4},{"damage":6,"enemies":"Masked Bandits","floor":28,"turns":4},{"damage":1,"enemies":"Chosen and Byrds","floor":29,"turns":5},{"damage":11,"enemies":"Snake Plant","floor":31,"turns":2}],"seed_played":"7360316759766868040","potions_obtained":[{"floor":3,"key":"SpeedPotion"},{"floor":11,"key":"GhostInAJar"},{"floor":14,"key":"Poison Potion"},{"floor":20,"key":"LiquidBronze"},{"floor":28,"key":"SkillPotion"}],"is_trial":false,"path_per_floor":["M","?","M","M","$","R","E","R","T","R","M","M","E","M","R","B",null,"M","?","M","?","$","R","E","R","T","M","?","M","$","M"],"character_chosen":"THE_SILENT","items_purchased":["Noxious Fumes","TwistedFunnel"],"campfire_rested":5,"item_purchase_floors":[5,22],"current_hp_per_floor":[70,70,70,68,68,68,30,51,51,70,70,60,42,34,55,25,70,59,59,30,30,30,51,24,45,45,15,9,8,8,0],"gold":158,"neow_bonus":"UPGRADE_CARD","is_prod":false,"is_daily":false,"chose_seed":false,"campfire_upgraded":1,"win_rate":0,"timestamp":1549214229,"path_taken":["M","?","M","M","$","R","E","R","T","R","M","?","E","?","R","BOSS","M","?","M","?","?","R","E","R","T","?","?","M","$","M"],"build_version":"2019-01-23","purchased_purges":1,"victory":false,"max_hp_per_floor":[70,70,70,70,70,70,70,70,70,70,70,70,70,70,70,70,70,70,70,70,70,70,70,70,70,70,70,70,70,70,70],"card_choices":[{"not_picked":["Slice","Deflect"],"picked":"Poisoned Stab","floor":1},{"not_picked":["Underhanded Strike","Dagger Throw"],"picked":"Backstab","floor":3},{"not_picked":["Dagger Throw","Setup"],"picked":"Quick Slash","floor":4},{"not_picked":["Flying Knee","Deflect"],"picked":"Backflip","floor":7},{"not_picked":["Dagger Spray","Underhanded Strike"],"picked":"Flying Knee","floor":11},{"not_picked":["Unload","Concentrate"],"picked":"Finisher","floor":12},{"not_picked":["Backflip","Quick Slash"],"picked":"Bouncing Flask","floor":13},{"not_picked":["All Out Attack","Underhanded Strike"],"picked":"Infinite Blades","floor":14},{"not_picked":["Doppelganger","Burst"],"picked":"Phantasmal Killer","floor":16},{"not_picked":["Caltrops","Blur"],"picked":"Cloak And Dagger","floor":17},{"not_picked":["Concentrate","Well Laid Plans"],"picked":"Bane","floor":17},{"not_picked":["Outmaneuver","Underhanded Strike"],"picked":"Deadly Poison","floor":17},{"not_picked":["Distraction","Acrobatics"],"picked":"Footwork","floor":17},{"not_picked":["Sucker Punch","Acrobatics"],"picked":"Tools of the Trade","floor":17},{"not_picked":["Footwork","Crippling Poison"],"picked":"Infinite Blades","floor":18},{"not_picked":["Heel Hook","Prepared+1"],"picked":"Backstab","floor":20},{"not_picked":["Riddle With Holes","Glass Knife"],"picked":"Quick Slash+1","floor":24},{"not_picked":["Expertise","Deadly Poison"],"picked":"Leg Sweep","floor":27},{"not_picked":["Tactician","Footwork"],"picked":"Deflect","floor":28},{"not_picked":["Poisoned Stab","Deadly Poison","Quick Slash"],"picked":"SKIP","floor":29}],"player_experience":88806,"relics_obtained":[{"floor":7,"key":"Bronze Scales"},{"floor":9,"key":"Centennial Puzzle"},{"floor":13,"key":"Bag of Preparation"},{"floor":24,"key":"Gambling Chip"},{"floor":26,"key":"Whetstone"},{"floor":28,"key":"Red Mask"}],"event_choices":[{"cards_removed":["Defend_G"],"damage_healed":0,"gold_gain":0,"player_choice":"Purged","damage_taken":0,"max_hp_gain":0,"max_hp_loss":0,"event_name":"Purifier","floor":2,"gold_loss":0},{"damage_healed":0,"gold_gain":0,"player_choice":"Obtained Relic","damage_taken":0,"relics_obtained":["PreservedInsect"],"max_hp_gain":0,"max_hp_loss":0,"event_name":"Addict","floor":19,"gold_loss":85},{"damage_healed":0,"gold_gain":0,"player_choice":"Smashed Altar","damage_taken":0,"max_hp_gain":0,"max_hp_loss":0,"event_name":"Forgotten Altar","floor":21,"gold_loss":0,"cards_obtained":["Decay"]},{"damage_healed":0,"gold_gain":0,"player_choice":"Fought Bandits","damage_taken":0,"max_hp_gain":0,"max_hp_loss":0,"event_name":"Masked Bandits","floor":28,"gold_loss":0}],"is_beta":false,"boss_relics":[{"not_picked":["Runic Pyramid","Empty Cage"],"picked":"Orrery"}],"items_purged_floors":[22],"is_endless":false,"potions_floor_spawned":[3,11,14,20,24,28],"killed_by":"Snake Plant","ascension_level":1}