{"gold_per_floor":[112,124,124,31,31,66,66,99,152,152,187,207,207,238,238,361,361,375,375,163,186,206,244,244,277,277,277,302,93,112,137,137,257,257,276,291,291,160,160],"floor_reached":39,"playtime":2155,"items_purged":["Strike_R","Strike_R","Normality"],"score":637,"play_id":"5ddcc981-e7bb-4213-816f-30780aa46c99","local_time":"20190119233909","is_ascension_mode":true,"campfire_choices":[{"data":"Body Slam","floor":7.0,"key":"SMITH"},{"data":"Spot Weakness","floor":10.0,"key":"SMITH"},{"data":"True Grit","floor":13.0,"key":"SMITH"},{"data":"Limit Break","floor":15.0,"key":"SMITH"},{"floor":24.0,"key":"REST"},{"floor":32,"key":"REST"}],"neow_cost":"NONE","seed_source_timestamp":0,"circlet_count":0,"master_deck":["Strike_R+1","Strike_R+1","Strike_R+1","Defend_R","Defend_R","Defend_R","Defend_R","Bash","Spot Weakness+1","Body Slam+1","Flash of Steel","Pummel+1","Ghostly Armor","True Grit+1","Limit Break+1","Double Tap","Dual Wield","Violence","Immolate","Pommel Strike+1","Reaper+1","Juggernaut","Warcry+1","Offering","Injury","Regret","Anger+1","Metallicize","Madness","Madness","Feel No Pain"],"special_seed":0,"relics":["Burning Blood","NeowsBlessing","Golden Idol","Smiling Mask","Pocketwatch","Tiny Chest","Sundial","Whetstone","Girya","Orichalcum","Ornamental Fan","Matryoshka","Dream Catcher","Molten Egg 2","Nloth\u0027s Gift","Calling Bell","Red Skull","Kunai","Bird Faced Urn"],"potions_floor_usage":[31],"damage_taken":[{"damage":0.0,"enemies":"2 Louse","floor":1.0,"turns":1.0},{"damage":0.0,"enemies":"Small Slimes","floor":2.0,"turns":1.0},{"damage":0.0,"enemies":"Gremlin Nob","floor":6.0,"turns":1.0},{"damage":20.0,"enemies":"Lagavulin","floor":8.0,"turns":6.0},{"damage":10.0,"enemies":"Gremlin Nob","floor":11.0,"turns":3.0},{"damage":0.0,"enemies":"Jaw Worm","floor":12.0,"turns":3.0},{"damage":5.0,"enemies":"3 Sentries","floor":14.0,"turns":7.0},{"damage":10.0,"enemies":"The Guardian","floor":16.0,"turns":9.0},{"damage":14.0,"enemies":"Spheric Guardian","floor":18.0,"turns":4.0},{"damage":7.0,"enemies":"Shell Parasite","floor":21.0,"turns":4.0},{"damage":28.0,"enemies":"3 Cultists","floor":22.0,"turns":5.0},{"damage":16.0,"enemies":"Book of Stabbing","floor":23.0,"turns":4.0},{"damage":17.0,"enemies":"Gremlin Leader","floor":25.0,"turns":7.0},{"damage":4.0,"enemies":"Centurion and Healer","floor":28.0,"turns":3.0},{"damage":31.0,"enemies":"Snake Plant","floor":30.0,"turns":4.0},{"damage":20,"enemies":"Sentry and Sphere","floor":31,"turns":4},{"damage":30,"enemies":"Champ","floor":33,"turns":7},{"damage":46,"enemies":"3 Darklings","floor":35,"turns":6},{"damage":30,"enemies":"Orb Walker","floor":36,"turns":4},{"damage":29,"enemies":"Maw","floor":39,"turns":4}],"seed_played":"3961912641722692805","potions_obtained":[{"floor":1.0,"key":"Dexterity Potion"},{"floor":2.0,"key":"Energy Potion"},{"floor":16.0,"key":"SteroidPotion"},{"floor":18.0,"key":"Swift Potion"},{"floor":22.0,"key":"Fruit Juice"},{"floor":23.0,"key":"EssenceOfSteel"},{"floor":28.0,"key":"Strength Potion"},{"floor":35,"key":"Energy Potion"}],"is_trial":false,"path_per_floor":["M","M","?","$","?","E","R","E","T","R","E","M","R","E","R","B",null,"M","?","$","M","M","E","R","E","T","?","M","$","M","M","R","B",null,"M","M","?","$","M"],"character_chosen":"IRONCLAD","items_purchased":["Flash of Steel","Violence","Reaper+1","Feel No Pain"],"campfire_rested":2,"item_purchase_floors":[4,20,29,38],"current_hp_per_floor":[78,80,64,64,64,70,70,56,56,56,52,58,58,59,59,55,69,61,61,61,60,43,33,56,45,45,45,47,47,22,20,43,42,70,47,23,13,13,0],"gold":160,"neow_bonus":"THREE_ENEMY_KILL","is_prod":false,"is_daily":false,"chose_seed":false,"campfire_upgraded":4,"win_rate":0,"timestamp":1547941149,"path_taken":["M","M","?","$","?","E","R","E","T","R","E","M","R","E","R","BOSS","M","?","?","?","M","E","R","E","T","?","?","$","M","M","R","BOSS","M","?","?","$","M"],"build_version":"2019-01-17","purchased_purges":3,"victory":false,"max_hp_per_floor":[80,80,80,80,74,74,74,74,74,74,74,74,74,74,74,74,74,74,74,74,74,79,79,79,79,79,79,79,79,79,79,79,79,79,79,79,79,79,79],"card_choices":[{"not_picked":["Sever Soul","Perfected Strike"],"picked":"Spot Weakness","floor":1.0},{"not_picked":["Twin Strike","True Grit"],"picked":"Body Slam","floor":2.0},{"not_picked":["True Grit","Warcry"],"picked":"Pummel","floor":6.0},{"not_picked":["Power Through","Sword Boomerang"],"picked":"Ghostly Armor","floor":8.0},{"not_picked":["Sentinel","Infernal Blade"],"picked":"True Grit","floor":11.0},{"not_picked":["Iron Wave","Warcry","True Grit"],"picked":"SKIP","floor":12.0},{"not_picked":["Flex","Iron Wave"],"picked":"Limit Break","floor":14.0},{"not_picked":["Offering","Berserk"],"picked":"Double Tap","floor":16.0},{"not_picked":["Heavy Blade","Seeing Red+1"],"picked":"Dual Wield","floor":18.0},{"not_picked":["Body Slam","Power Through","Thunderclap+1"],"picked":"SKIP","floor":21.0},{"not_picked":["Wild Strike+1","Pommel Strike","Flex"],"picked":"SKIP","floor":22.0},{"not_picked":["Seeing Red","Bloodletting"],"picked":"Immolate","floor":23.0},{"not_picked":["Iron Wave+1","True Grit"],"picked":"Pommel Strike+1","floor":25.0},{"not_picked":["Shrug It Off","Warcry","Uppercut+1"],"picked":"SKIP","floor":28.0},{"not_picked":["True Grit","Rampage+1"],"picked":"Juggernaut","floor":30.0},{"not_picked":["Clash+1","Wild Strike+1","Pommel Strike+1"],"picked":"SKIP","floor":31},{"not_picked":["Clothesline+1","Pommel Strike+1"],"picked":"Warcry+1","floor":32},{"not_picked":["Berserk","Barricade"],"picked":"Offering","floor":33},{"not_picked":["Clash+1","Twin Strike+1"],"picked":"Anger+1","floor":35},{"not_picked":["Body Slam+1","Dark Embrace"],"picked":"Metallicize","floor":36}],"player_experience":434881,"relics_obtained":[{"floor":6.0,"key":"Smiling Mask"},{"floor":8.0,"key":"Pocketwatch"},{"floor":9.0,"key":"Tiny Chest"},{"floor":11.0,"key":"Sundial"},{"floor":14.0,"key":"Whetstone"},{"floor":23.0,"key":"Girya"},{"floor":23.0,"key":"Orichalcum"},{"floor":25.0,"key":"Ornamental Fan"},{"floor":25.0,"key":"Matryoshka"},{"floor":26.0,"key":"Dream Catcher"},{"floor":26.0,"key":"Molten Egg 2"},{"floor":34,"key":"Red Skull"},{"floor":34,"key":"Kunai"},{"floor":34,"key":"Bird Faced Urn"}],"event_choices":[{"damage_healed":0.0,"max_hp_gain":0.0,"max_hp_loss":0.0,"gold_gain":0.0,"event_name":"Shining Light","player_choice":"Entered Light","floor":3.0,"gold_loss":0.0,"damage_taken":16.0,"cards_upgraded":["Strike_R","Strike_R"]},{"damage_healed":0.0,"max_hp_gain":0.0,"max_hp_loss":6.0,"gold_gain":0.0,"event_name":"Golden Idol","player_choice":"Lose Max HP","floor":5.0,"gold_loss":0.0,"damage_taken":0.0,"relics_obtained":["Golden Idol"]},{"damage_healed":0.0,"max_hp_gain":0.0,"max_hp_loss":0.0,"gold_gain":0.0,"event_name":"Ghosts","player_choice":"Ignored","floor":19.0,"gold_loss":0.0,"damage_taken":0.0},{"damage_healed":0.0,"max_hp_gain":0.0,"max_hp_loss":0.0,"gold_gain":0.0,"event_name":"N\u0027loth","player_choice":"Traded Relic","floor":27.0,"relics_lost":["Black Star"],"gold_loss":0.0,"damage_taken":0.0,"relics_obtained":["Nloth\u0027s Gift"]},{"damage_healed":0,"gold_gain":0,"player_choice":"Embrace Madness","damage_taken":10,"max_hp_gain":0,"max_hp_loss":0,"event_name":"Winding Halls","floor":37,"gold_loss":0,"cards_obtained":["Madness","Madness"]}],"is_beta":true,"boss_relics":[{"not_picked":["Eternal Feather","Pandora\u0027s Box"],"picked":"Black Star"},{"not_picked":["Runic Cube","Busted Crown"],"picked":"Calling Bell"}],"items_purged_floors":[20,29,38],"is_endless":false,"potions_floor_spawned":[1,2,16,18,22,23,28,35],"killed_by":"Maw","ascension_level":7}