{"gold_per_floor":[114,129,139,156,168,168,196,196,196,196,223,239,239,97,97,174,174,191,207,207,1,19,50,50,70,70,70,103,103,103,117,117,190,190,210,210,210,226,241,241,269,269,295,295,313,346,95,106,106,106],"floor_reached":51,"playtime":2367,"items_purged":["Blizzard+1"],"score":1506,"play_id":"6b509f67-ed68-41a6-a3c9-8e8b1dc60203","local_time":"20190211012245","is_ascension_mode":true,"campfire_choices":[{"data":"Zap","floor":6,"key":"SMITH"},{"floor":10,"key":"REST"},{"data":"Defragment","floor":13,"key":"SMITH"},{"data":"Strike_B","floor":15,"key":"PURGE"},{"floor":24,"key":"REST"},{"floor":27,"key":"REST"},{"floor":30,"key":"REST"},{"floor":32,"key":"REST"},{"data":"Pain","floor":40,"key":"PURGE"},{"floor":42,"key":"REST"},{"data":"Defend_B","floor":44,"key":"PURGE"},{"floor":49,"key":"REST"}],"neow_cost":"NONE","seed_source_timestamp":1651122962156362,"circlet_count":0,"master_deck":["AscendersBane","Defend_B","Defend_B","Defend_B","Zap+1","Dualcast","Rebound","Ball Lightning","Hologram","Chill","Electrodynamics","Steam","Defragment+1","Rainbow+1","Thunder Strike","Redo","Auto Shields","Defragment+1","White Noise+1","Core Surge","Gash+1","Gash+1","BootSequence+1","Master of Strategy+1","Discovery","Conserve Battery+1"],"relics":["Cracked Core","Bottled Tornado","Peace Pipe","FossilizedHelix","Cables","Fusion Hammer","Runic Capacitor","Bronze Scales","Meat on the Bone","Ice Cream","Astrolabe","WarpedTongs","Pear","War Paint","Vajra"],"potions_floor_usage":[4,7,23,33,47,50,50],"damage_taken":[{"damage":8,"enemies":"Jaw Worm","floor":1,"turns":4},{"damage":1,"enemies":"Cultist","floor":2,"turns":3},{"damage":0,"enemies":"Small Slimes","floor":3,"turns":2},{"damage":4,"enemies":"Exordium Wildlife","floor":4,"turns":4},{"damage":9,"enemies":"Gremlin Gang","floor":5,"turns":5},{"damage":23,"enemies":"Gremlin Nob","floor":7,"turns":4},{"damage":0,"enemies":"3 Sentries","floor":11,"turns":3},{"damage":6,"enemies":"Lots of Slimes","floor":12,"turns":2},{"damage":16,"enemies":"The Guardian","floor":16,"turns":9},{"damage":0,"enemies":"Chosen","floor":18,"turns":3},{"damage":11,"enemies":"2 Thieves","floor":19,"turns":2},{"damage":19,"enemies":"Centurion and Healer","floor":22,"turns":5},{"damage":7,"enemies":"Book of Stabbing","floor":23,"turns":4},{"damage":14,"enemies":"Snecko","floor":25,"turns":4},{"damage":14,"enemies":"Slavers","floor":28,"turns":2},{"damage":6,"enemies":"Shelled Parasite and Fungi","floor":31,"turns":3},{"damage":0,"enemies":"Collector","floor":33,"turns":5},{"damage":0,"enemies":"3 Darklings","floor":35,"turns":2},{"damage":0,"enemies":"Orb Walker","floor":38,"turns":3},{"damage":8,"enemies":"3 Darklings","floor":39,"turns":3},{"damage":0,"enemies":"Giant Head","floor":41,"turns":6},{"damage":0,"enemies":"4 Shapes","floor":45,"turns":3},{"damage":0,"enemies":"Reptomancer","floor":46,"turns":4},{"damage":11,"enemies":"Sphere and 2 Shapes","floor":48,"turns":3},{"damage":77,"enemies":"Awakened One","floor":50,"turns":10}],"seed_played":"-5445539215774395082","potions_obtained":[{"floor":1,"key":"Regen Potion"},{"floor":3,"key":"Strength Potion"},{"floor":5,"key":"FairyPotion"},{"floor":16,"key":"Weak Potion"},{"floor":25,"key":"GamblersBrew"},{"floor":33,"key":"Dexterity Potion"},{"floor":41,"key":"Fire Potion"},{"floor":45,"key":"GamblersBrew"}],"is_trial":false,"path_per_floor":["M","M","M","M","M","R","E","?","T","R","E","M","R","$","R","B",null,"M","M","?","$","M","E","R","M","T","R","E","$","R","M","R","B",null,"M","?","?","M","M","R","E","R","T","R","M","E","$","M","R","B",null],"character_chosen":"DEFECT","items_purchased":["Rainbow","Runic Capacitor","Fruit Juice","GamblersBrew"],"campfire_rested":7,"item_purchase_floors":[14,21,47,47],"current_hp_per_floor":[56,55,55,63,54,54,31,31,31,52,52,46,46,46,46,30,61,61,50,50,50,31,24,45,31,31,52,38,38,59,53,71,71,71,71,61,61,61,53,53,63,81,81,81,81,81,86,75,86,21],"gold":106,"neow_bonus":"THREE_CARDS","is_prod":false,"is_daily":false,"chose_seed":false,"campfire_upgraded":2,"win_rate":0,"timestamp":1549815765,"path_taken":["M","M","M","M","M","R","E","?","T","R","E","M","R","$","R","BOSS","M","M","?","$","M","E","R","M","T","R","E","?","R","M","R","BOSS","M","?","?","?","?","R","E","R","T","R","M","E","$","M","R","BOSS"],"build_version":"2019-01-23","purchased_purges":1,"victory":true,"max_hp_per_floor":[71,71,71,71,71,71,71,71,71,71,71,71,71,71,71,71,71,71,71,71,71,71,71,71,71,71,71,71,71,71,71,71,71,71,71,71,71,71,71,71,81,81,81,81,81,81,86,86,86,86],"card_choices":[{"not_picked":["Lockon","Stack"],"picked":"Rebound","floor":0},{"not_picked":["Coolheaded","BootSequence"],"picked":"Ball Lightning","floor":1},{"not_picked":["Rebound","Melter"],"picked":"Hologram","floor":2},{"not_picked":["Fusion","Blizzard"],"picked":"Chill","floor":3},{"not_picked":["Compile Driver","Rebound","Blizzard"],"picked":"SKIP","floor":4},{"not_picked":["Cold Snap","Consume"],"picked":"Electrodynamics","floor":5},{"not_picked":["Hologram","Barrage"],"picked":"Steam","floor":7},{"not_picked":["Force Field","Core Surge"],"picked":"Defragment","floor":11},{"not_picked":["Rebound","Sunder","Stack"],"picked":"SKIP","floor":12},{"not_picked":["Creative AI","Reboot"],"picked":"Thunder Strike","floor":16},{"not_picked":["Turbo","Conserve Battery"],"picked":"Redo","floor":18},{"not_picked":["Fusion","Hologram"],"picked":"Auto Shields","floor":19},{"not_picked":["Conserve Battery","Streamline","Genetic Algorithm"],"picked":"SKIP","floor":22},{"not_picked":["Hologram","Reinforced Body","Static Discharge"],"picked":"SKIP","floor":23},{"not_picked":["Heatsinks+1","Streamline"],"picked":"White Noise+1","floor":25},{"not_picked":["Lockon","Barrage","Heatsinks"],"picked":"SKIP","floor":28},{"not_picked":["Conserve Battery","Barrage+1","Reboot"],"picked":"SKIP","floor":31},{"not_picked":["Conserve Battery","Barrage+1","Reboot"],"picked":"SKIP","floor":31},{"not_picked":["Creative AI","All For One"],"picked":"Core Surge","floor":33},{"not_picked":["Hologram","Defragment"],"picked":"BootSequence+1","floor":35},{"not_picked":["Mayhem","Enlightenment"],"picked":"Master of Strategy","floor":36},{"not_picked":["Mind Blast","Trip"],"picked":"Discovery","floor":36},{"not_picked":["Defragment","Beam Cell","Sunder+1"],"picked":"SKIP","floor":38},{"not_picked":["Melter","Aggregate","Capacitor+1"],"picked":"SKIP","floor":39},{"not_picked":["Reboot","Stack"],"picked":"Conserve Battery+1","floor":41},{"not_picked":["Compile Driver","Aggregate","Redo"],"picked":"SKIP","floor":45},{"not_picked":["FTL","Hyperbeam","Scrape+1"],"picked":"SKIP","floor":46},{"not_picked":["Steam","Compile Driver","Sunder"],"picked":"SKIP","floor":48}],"player_experience":961997,"relics_obtained":[{"floor":7,"key":"Bottled Tornado"},{"floor":9,"key":"FossilizedHelix"},{"floor":11,"key":"Cables"},{"floor":23,"key":"Bronze Scales"},{"floor":26,"key":"Meat on the Bone"},{"floor":28,"key":"Ice Cream"},{"floor":41,"key":"Pear"},{"floor":43,"key":"War Paint"},{"floor":46,"key":"Vajra"}],"event_choices":[{"damage_healed":0,"gold_gain":0,"player_choice":"Gave Potion","damage_taken":0,"relics_obtained":["Peace Pipe"],"max_hp_gain":0,"max_hp_loss":0,"event_name":"WeMeetAgain","floor":8,"gold_loss":0},{"damage_healed":0,"gold_gain":0,"player_choice":"Copied","damage_taken":0,"max_hp_gain":0,"max_hp_loss":0,"event_name":"Duplicator","floor":20,"gold_loss":0,"cards_obtained":["Defragment"]},{"damage_healed":0,"gold_gain":0,"player_choice":"Memory 3","damage_taken":10,"max_hp_gain":0,"max_hp_loss":0,"event_name":"SensoryStone","floor":36,"gold_loss":0},{"damage_healed":0,"gold_gain":0,"player_choice":"Rummage","damage_taken":0,"relics_obtained":["WarpedTongs"],"max_hp_gain":0,"max_hp_loss":0,"event_name":"Accursed Blacksmith","floor":37,"gold_loss":0,"cards_obtained":["Pain"]}],"is_beta":false,"boss_relics":[{"not_picked":["FrozenCore","Black Star"],"picked":"Fusion Hammer"},{"not_picked":["Eternal Feather","White Beast Statue"],"picked":"Astrolabe"}],"items_purged_floors":[47],"is_endless":false,"potions_floor_spawned":[1,3,5,16,25,33,41,45,46],"ascension_level":15}