{"path_per_floor":["M","?","M","?","M","R","E","M","T","T","M","R","M","E","R","B",null,"M","?","M","$","M","R"],"character_chosen":"DEFECT","items_purchased":["Toolbox"],"gold_per_floor":[112,112,127,202,212,212,242,257,257,282,302,302,314,643,643,745,745,763,763,775,439,458,458,458],"floor_reached":24,"campfire_rested":3,"playtime":1263,"current_hp_per_floor":[66,66,66,55,55,55,37,31,31,31,27,49,33,18,40,15,75,74,60,36,36,24,48,0],"items_purged":["Defend_B"],"gold":458,"score":218,"play_id":"f88d38a6-f270-4fa9-97a6-edd24d07b217","local_time":"20180501024355","is_prod":false,"is_daily":false,"chose_seed":false,"is_ascension_mode":true,"campfire_upgraded":1,"timestamp":1525139035,"path_taken":["M","?","M","?","?","R","E","M","T","?","M","R","M","E","R","BOSS","M","?","?","$","M","R","E"],"build_version":"2018-04-27v3","seed_source_timestamp":193269771138249,"purchased_purges":1,"victory":false,"master_deck":["Strike_B","Strike_B","Strike_B","Strike_B","Defend_B","Defend_B","Zap","Dualcast+1","Tempest","Reinforced Body","Chill","Static Discharge","Skim","Thunder Strike","Redo","Storm","FTL","Leap","Leap","Loop+1","Ball Lightning"],"max_hp_per_floor":[75,75,75,75,75,75,75,75,75,75,75,75,75,75,75,75,75,75,80,80,80,80,80,80],"relics":["Cracked Core","Question Card","Ginger","Bag of Marbles","Old Coin","Orrery","Toolbox"],"card_choices":[{"not_picked":["Reprogram","Stack"],"picked":"Tempest","floor":0},{"not_picked":["Skim","Impulse"],"picked":"Reinforced Body","floor":1},{"not_picked":["Rip and Tear","Auto Shields"],"picked":"Chill","floor":3},{"not_picked":["Capacitor","Blaster"],"picked":"Static Discharge","floor":7},{"not_picked":["Hologram","Turbo","Force Field"],"picked":"Skim","floor":8},{"not_picked":["Redo","Axe Kick","Sweeping Beam"],"picked":"Thunder Strike","floor":14},{"not_picked":["Meteor Strike","Multi-Cast","Biased Cognition"],"picked":"Redo","floor":16},{"not_picked":["Creative AI","Conserve Battery","Coolheaded"],"picked":"Storm","floor":17},{"not_picked":["Loop","Streamline","Buffer"],"picked":"FTL","floor":17},{"not_picked":["Glacier","Auto Shields","Go for the Eyes"],"picked":"Leap","floor":17},{"not_picked":["Auto Shields","Beam Cell","Stack"],"picked":"Leap","floor":17},{"not_picked":["Rebound","Doom and Gloom","Turbo"],"picked":"Loop","floor":20},{"not_picked":["Skim","Glacier","Beam Cell"],"picked":"Ball Lightning","floor":22}],"player_experience":97109,"potions_floor_usage":[7,11,16,16,16,24],"damage_taken":[{"damage":9,"enemies":"Small Slimes","floor":1,"turns":4},{"damage":0,"enemies":"Cultist","floor":3,"turns":3},{"damage":0,"enemies":"2 Louse","floor":5,"turns":3},{"damage":18,"enemies":"Gremlin Nob","floor":7,"turns":3},{"damage":6,"enemies":"Red Slaver","floor":8,"turns":3},{"damage":4,"enemies":"Exordium Thugs","floor":11,"turns":3},{"damage":16,"enemies":"Exordium Wildlife","floor":13,"turns":2},{"damage":15,"enemies":"3 Sentries","floor":14,"turns":6},{"damage":25,"enemies":"Slime Boss","floor":16,"turns":8},{"damage":1,"enemies":"Chosen","floor":18,"turns":3},{"damage":24,"enemies":"3 Byrds","floor":20,"turns":7},{"damage":12,"enemies":"Snecko","floor":22,"turns":5},{"damage":50,"enemies":"Gremlin Leader","floor":24,"turns":5}],"event_choices":[{"event_name":"Purifier","player_choice":"One Purge","floor":2,"damage_taken":0},{"event_name":"World of Goop","player_choice":"Gather Gold","floor":4,"damage_taken":0},{"event_name":"Forgotten Altar","player_choice":"Shed Blood","floor":19,"damage_taken":0}],"boss_relics":[{"not_picked":["Runic Dome","Tiny House"],"picked":"Orrery"}],"potions_floor_spawned":[1,5,11,13,14,18],"seed_played":"-8511763972432447816","killed_by":"Gremlin Leader","ascension_level":1,"is_trial":false}