{"gold_per_floor":[112,187,187,59,72,72,101,101,101,116,116,149,169,169,169,246,246,220,231,248,213,230,230,259,309,354,354],"floor_reached":27,"playtime":889,"items_purged":["Strike_B"],"score":446,"play_id":"e279c16c-03bb-43a3-95ab-d56efa7f5b9a","local_time":"20190212142344","is_ascension_mode":true,"campfire_choices":[{"floor":6,"key":"REST"},{"floor":8,"key":"REST"},{"data":"Electrodynamics","floor":11,"key":"SMITH"},{"floor":15,"key":"REST"},{"floor":23,"key":"REST"}],"neow_cost":"NONE","seed_source_timestamp":50754843607279,"circlet_count":0,"master_deck":["AscendersBane","Strike_B","Strike_B","Defend_B","Defend_B","Defend_B","Defend_B","Zap","Dualcast","Core Surge","Coolheaded","Streamline","Beam Cell","Conserve Battery","Electrodynamics+1","Reinforced Body","Creative AI","Heatsinks","Leap","Go for the Eyes+1","Pain"],"relics":["Cracked Core","Cables","Mercury Hourglass","Dream Catcher","SsserpentHead","Cursed Key","The Courier","Vajra","Potion Belt"],"potions_floor_usage":[19,22,24],"damage_taken":[{"damage":0,"enemies":"2 Louse","floor":1,"turns":3},{"damage":4,"enemies":"Jaw Worm","floor":5,"turns":3},{"damage":38,"enemies":"Gremlin Nob","floor":7,"turns":4},{"damage":0,"enemies":"Cultist","floor":10,"turns":3},{"damage":21,"enemies":"Lagavulin","floor":12,"turns":4},{"damage":8,"enemies":"Gremlin Gang","floor":13,"turns":3},{"damage":29,"enemies":"Hexaghost","floor":16,"turns":11},{"damage":6,"enemies":"2 Thieves","floor":18,"turns":4},{"damage":21,"enemies":"Shell Parasite","floor":19,"turns":5},{"damage":8,"enemies":"Chosen and Byrds","floor":20,"turns":5},{"damage":8,"enemies":"Snecko","floor":22,"turns":5},{"damage":29,"enemies":"Gremlin Leader","floor":24,"turns":8},{"damage":6,"enemies":"Slavers","floor":27,"turns":1}],"seed_played":"-3104844423113409501","potions_obtained":[{"floor":3,"key":"SpeedPotion"},{"floor":3,"key":"SteroidPotion"},{"floor":12,"key":"SkillPotion"},{"floor":19,"key":"PowerPotion"},{"floor":20,"key":"Block Potion"}],"is_trial":false,"path_per_floor":["M","?","?","$","M","R","E","R","T","M","R","E","M","?","R","B",null,"M","M","M","?","M","R","E","?","T","E"],"character_chosen":"DEFECT","items_purchased":["Streamline"],"campfire_rested":4,"item_purchase_floors":[4],"current_hp_per_floor":[64,53,53,53,49,70,32,53,53,53,53,32,24,24,45,16,57,51,30,22,22,14,35,6,6,6,0],"gold":354,"neow_bonus":"ONE_RANDOM_RARE_CARD","is_prod":false,"is_daily":false,"chose_seed":false,"campfire_upgraded":1,"win_rate":0,"timestamp":1549999424,"path_taken":["M","?","?","$","?","R","E","R","T","?","R","E","M","?","R","BOSS","M","M","M","?","M","R","E","?","T","E"],"build_version":"2019-01-23","purchased_purges":1,"victory":false,"max_hp_per_floor":[71,71,71,71,71,71,71,71,71,71,71,71,71,71,71,71,71,71,71,71,71,71,71,71,71,71,71],"card_choices":[{"not_picked":["Blizzard","Redo"],"picked":"Coolheaded","floor":1},{"not_picked":["Barrage","Lockon"],"picked":"Beam Cell","floor":5},{"not_picked":["Steam","Turbo"],"picked":"Conserve Battery","floor":7},{"not_picked":["Recycle","Steam"],"picked":"Electrodynamics","floor":10},{"not_picked":["Undo","Steam"],"picked":"Reinforced Body","floor":12},{"not_picked":["Hologram","Leap","Genetic Algorithm"],"picked":"SKIP","floor":13},{"not_picked":["Hyperbeam","Fission"],"picked":"Creative AI","floor":16},{"not_picked":["Rebound","Barrage+1"],"picked":"Heatsinks","floor":18},{"not_picked":["Leap","Steam","Stack"],"picked":"SKIP","floor":19},{"not_picked":["Steam","Stack"],"picked":"Leap","floor":19},{"not_picked":["Undo","Ball Lightning","Redo"],"picked":"SKIP","floor":20},{"not_picked":["Compile Driver","Rip and Tear+1"],"picked":"Go for the Eyes+1","floor":22},{"not_picked":["All For One","Stack","Steam"],"picked":"SKIP","floor":24}],"player_experience":269066,"relics_obtained":[{"floor":7,"key":"Cables"},{"floor":9,"key":"Mercury Hourglass"},{"floor":12,"key":"Dream Catcher"},{"floor":24,"key":"Vajra"},{"floor":26,"key":"Potion Belt"}],"event_choices":[{"damage_healed":0,"gold_gain":75,"player_choice":"Gather Gold","damage_taken":11,"max_hp_gain":0,"max_hp_loss":0,"event_name":"World of Goop","floor":2,"gold_loss":0},{"damage_healed":0,"gold_gain":0,"player_choice":"Got Potions","damage_taken":0,"max_hp_gain":0,"max_hp_loss":0,"event_name":"Lab","floor":3,"gold_loss":0},{"damage_healed":0,"gold_gain":0,"player_choice":"Trade","damage_taken":0,"relics_obtained":["SsserpentHead"],"max_hp_gain":0,"max_hp_loss":0,"event_name":"FaceTrader","floor":14,"gold_loss":0},{"damage_healed":0,"gold_gain":0,"player_choice":"Obtained Relic","damage_taken":0,"relics_obtained":["The Courier"],"max_hp_gain":0,"max_hp_loss":0,"event_name":"Addict","floor":21,"gold_loss":85},{"cards_removed":["Strike_B"],"damage_healed":0,"gold_gain":0,"player_choice":"Purged","damage_taken":0,"max_hp_gain":0,"max_hp_loss":0,"event_name":"Purifier","floor":25,"gold_loss":0}],"is_beta":false,"boss_relics":[{"not_picked":["Runic Dome","Orrery"],"picked":"Cursed Key"}],"items_purged_floors":[4],"is_endless":false,"potions_floor_spawned":[7,12,16,19,20],"killed_by":"Slavers","ascension_level":17}