{"path_per_floor":["M","M","M","M","M","R","?","R","T","$","?","E","M","?","R","B",null,"M","?","M","T","$","M","R","T","T"],"character_chosen":"DEFECT","items_purchased":["BootSequence","Aggregate","Transmutation","Mango"],"gold_per_floor":[114,129,144,159,174,174,174,174,174,69,69,99,114,289,289,389,389,404,404,419,499,21,36,36,86,86,86],"floor_reached":27,"campfire_rested":0,"playtime":1612,"current_hp_per_floor":[71,70,70,70,69,68,68,68,68,68,68,53,53,53,53,31,64,51,51,37,37,51,45,45,45,45,47],"items_purged":[],"gold":86,"score":213,"play_id":"17143f91-abb3-4853-afbc-ffe1f9928161","local_time":"20180506203544","daily_mods":["Shiny","Uncertain Future","Terminal"],"is_prod":false,"is_daily":true,"chose_seed":false,"is_ascension_mode":false,"campfire_upgraded":4,"timestamp":1525635344,"path_taken":["M","M","M","M","M","R","?","R","T","$","?","E","M","?","R","BOSS","M","?","M","?","$","M","R","?","T","M"],"build_version":"2018-05-03","seed_source_timestamp":0,"purchased_purges":0,"victory":false,"master_deck":["Multi-Cast","Hyperbeam","Thunder Strike","Machine Learning","Rainbow","Prime","Seek","Meteor Strike","Echo Form+1","All For One","Reboot","Nova","Amplify","Fusion","Redo","Creative AI","Fission","Reinforced Body","Buffer+1","Go for the Eyes","Beam Cell","Tempest+1","BootSequence+1","Aggregate+1","Regret","Static Discharge+1","Genetic Algorithm+1","Doubt","Seek+1","Rebound","Transmutation+1","Capacitor+1"],"max_hp_per_floor":[73,72,71,70,69,68,74,73,72,71,70,69,68,67,66,65,64,63,62,61,60,73,72,71,70,69,69],"relics":["Cracked Core","Strawberry","Toxic Egg 2","Dodecahedron","Bag of Preparation","Sozu","Tiny Chest","Mango","Blood Vial","The Courier"],"card_choices":[{"not_picked":["Ball Lightning","Stack"],"picked":"Reinforced Body","floor":1},{"not_picked":["Beam Cell","Hologram"],"picked":"Buffer","floor":2},{"not_picked":["Scrape","Aggregate"],"picked":"Go for the Eyes","floor":3},{"not_picked":["Go for the Eyes","Leap"],"picked":"Beam Cell","floor":4},{"not_picked":["Loop","Conserve Battery"],"picked":"Tempest","floor":5},{"not_picked":["BootSequence","Self Repair"],"picked":"Static Discharge","floor":12},{"not_picked":["Reinforced Body","Cold Snap"],"picked":"Genetic Algorithm","floor":13},{"not_picked":["Fission","Machine Learning"],"picked":"Seek","floor":16},{"not_picked":["Leap","Turbo"],"picked":"Rebound","floor":18},{"not_picked":["Rebound","Axe Kick"],"picked":"Capacitor","floor":23}],"player_experience":114915,"potions_floor_usage":[3,13,16],"damage_taken":[{"damage":3,"enemies":"Small Slimes","floor":1,"turns":3},{"damage":1,"enemies":"Cultist","floor":2,"turns":3},{"damage":0,"enemies":"Jaw Worm","floor":3,"turns":3},{"damage":0,"enemies":"Large Slime","floor":4,"turns":7},{"damage":0,"enemies":"Red Slaver","floor":5,"turns":3},{"damage":15,"enemies":"Gremlin Nob","floor":12,"turns":4},{"damage":0,"enemies":"2 Fungi Beasts","floor":13,"turns":3},{"damage":22,"enemies":"Hexaghost","floor":16,"turns":5},{"damage":13,"enemies":"3 Byrds","floor":18,"turns":3},{"damage":14,"enemies":"Chosen","floor":20,"turns":4},{"damage":6,"enemies":"Snake Plant","floor":23,"turns":5},{"damage":0,"enemies":"Chosen and Byrds","floor":27,"turns":1}],"event_choices":[{"event_name":"Scrap Ooze","player_choice":"success","floor":7,"damage_taken":7},{"event_name":"Big Fish","player_choice":"Box","floor":11,"damage_taken":0},{"event_name":"Liars Game","player_choice":"agreed","floor":14,"damage_taken":0},{"event_name":"Back to Basics","player_choice":"Elegance","floor":19,"damage_taken":0}],"boss_relics":[{"not_picked":["Eternal Feather","Pandora\u0027s Box"],"picked":"Sozu"}],"potions_floor_spawned":[1,3,4,13,18,23],"seed_played":"-5471539698624743704","killed_by":"Chosen and Byrds","ascension_level":0,"is_trial":false}