{"path_per_floor":["M","?","M","M","?","R","E","R","T","R","M","$","?","E","R","B",null,"M","?","M","T","M","R","M","E","T","R","$","E","R","M","R","B",null,"M","?","M","?","$","E","R","M","T","M","$","M","?","$","R","B"],"character_chosen":"DEFECT","items_purchased":["Cold Snap","Streamline","Letter Opener","Auto Shields","Vajra"],"gold_per_floor":[109,109,129,140,140,140,202,202,228,228,239,67,67,97,97,199,199,219,219,232,256,276,276,290,321,321,321,43,70,70,88,88,187,187,202,202,220,220,77,111,111,128,154,171,71,83,83,83,83,83],"floor_reached":51,"campfire_rested":1,"playtime":3185,"current_hp_per_floor":[69,69,69,75,75,75,54,54,54,54,61,61,46,55,55,22,75,75,75,65,65,51,73,63,45,45,45,45,55,55,46,46,16,75,75,65,50,41,41,59,59,61,61,59,59,41,41,41,41,24],"items_purged":["Strike_B","Strike_B"],"gold":83,"score":758,"play_id":"df055e44-ea52-45bd-972e-f99bd6a8f08e","local_time":"20180511190802","is_prod":false,"is_daily":false,"chose_seed":false,"is_ascension_mode":true,"campfire_upgraded":9,"timestamp":1526062082,"path_taken":["M","?","M","M","?","R","E","R","T","R","M","$","?","E","R","BOSS","M","?","?","?","M","R","M","E","T","R","$","E","R","?","R","BOSS","M","?","M","?","$","E","R","M","T","M","?","M","?","$","R","BOSS"],"build_version":"2018-05-10","seed_source_timestamp":1483282542002,"purchased_purges":2,"victory":true,"master_deck":["Strike_B","Strike_B","Defend_B+1","Defend_B","Defend_B","Zap+1","Dualcast+1","Glacier+1","Self Repair+1","Ball Lightning","Blizzard+1","Cold Snap+1","Streamline","Capacitor+1","Thunder Strike","Capacitor+1","Reboot","BootSequence+1","Echo Form+1","Auto Shields","Redo+1","Creative AI","Storm","Finesse","Master of Strategy","Flash of Steel+1","Barrage+1","Madness","Madness","Capacitor","Pain","Chaos+1"],"max_hp_per_floor":[75,75,75,75,75,75,75,75,75,75,75,75,75,75,75,75,75,75,75,75,75,75,75,75,75,75,75,75,75,75,75,75,75,75,75,75,75,75,75,75,75,75,75,75,75,75,75,75,75,75],"relics":["Cracked Core","Tiny Chest","DataDisk","Bronze Scales","Lizard Tail","Dream Catcher","Mummified Hand","Matryoshka","Letter Opener","Regal Pillow","Cursed Key","Vajra","Gremlin Horn","Centennial Puzzle","Prayer Wheel","Ancient Tea Set"],"card_choices":[{"not_picked":["Barrage","Undo"],"picked":"Glacier","floor":1},{"not_picked":["Rebound","Rip and Tear"],"picked":"Self Repair","floor":3},{"not_picked":["Leap","Cold Snap"],"picked":"Ball Lightning","floor":4},{"not_picked":["Doom and Gloom","Gash"],"picked":"Blizzard","floor":7},{"not_picked":["Cold Snap","Stack"],"picked":"Capacitor","floor":14},{"not_picked":["All For One","Fission"],"picked":"Thunder Strike","floor":16},{"not_picked":["Coolheaded","Go for the Eyes"],"picked":"Capacitor","floor":18},{"not_picked":["Axe Kick","Rebound"],"picked":"BootSequence","floor":23},{"not_picked":["Rip and Tear","Sweeping Beam"],"picked":"Echo Form","floor":24},{"not_picked":["Ball Lightning","Coolheaded"],"picked":"Redo","floor":29},{"not_picked":["Meteor Strike","Rainbow"],"picked":"Creative AI","floor":33},{"not_picked":["Cold Snap","Auto Shields"],"picked":"Storm","floor":35},{"not_picked":["Bandage Up","Trip"],"picked":"Finesse","floor":36},{"not_picked":["Dramatic Entrance","Good Instincts"],"picked":"Master of Strategy","floor":36},{"not_picked":["Swift Strike","Jack Of All Trades"],"picked":"Flash of Steel","floor":36},{"not_picked":["Skim","Beam Cell"],"picked":"Barrage","floor":37},{"not_picked":["Axe Kick","Rebound"],"picked":"Capacitor","floor":42},{"not_picked":["Barrage","Cold Snap"],"picked":"Chaos","floor":46}],"player_experience":130516,"potions_floor_usage":[22,25,25,33,50,50,50],"damage_taken":[{"damage":6,"enemies":"2 Louse","floor":1,"turns":2},{"damage":0,"enemies":"Cultist","floor":3,"turns":3},{"damage":0,"enemies":"Jaw Worm","floor":4,"turns":5},{"damage":28,"enemies":"Gremlin Nob","floor":7,"turns":4},{"damage":0,"enemies":"Large Slime","floor":11,"turns":4},{"damage":1,"enemies":"Lagavulin","floor":14,"turns":6},{"damage":33,"enemies":"The Guardian","floor":16,"turns":9},{"damage":0,"enemies":"Chosen","floor":18,"turns":5},{"damage":10,"enemies":"Spheric Guardian","floor":20,"turns":3},{"damage":24,"enemies":"Snake Plant","floor":22,"turns":4},{"damage":20,"enemies":"Chosen and Byrds","floor":24,"turns":6},{"damage":25,"enemies":"Gremlin Leader","floor":25,"turns":7},{"damage":0,"enemies":"Book of Stabbing","floor":29,"turns":5},{"damage":19,"enemies":"Sentry and Sphere","floor":31,"turns":6},{"damage":30,"enemies":"Collector","floor":33,"turns":9},{"damage":0,"enemies":"3 Shapes","floor":35,"turns":5},{"damage":15,"enemies":"Flame Bruiser 1 Orb","floor":37,"turns":4},{"damage":2,"enemies":"Giant Head","floor":40,"turns":8},{"damage":8,"enemies":"4 Shapes","floor":42,"turns":5},{"damage":12,"enemies":"Flame Bruiser 2 Orb","floor":44,"turns":5},{"damage":28,"enemies":"3 Darklings","floor":46,"turns":4},{"damage":27,"enemies":"Time Eater","floor":50,"turns":8}],"event_choices":[{"event_name":"Bonfire Elementals","player_choice":"BASIC","floor":2,"damage_taken":0},{"event_name":"Liars Game","player_choice":"disagreed","floor":5,"damage_taken":0},{"event_name":"Shining Light","player_choice":"Entered Light","floor":13,"damage_taken":0},{"event_name":"The Library","player_choice":"Read","floor":19,"damage_taken":0},{"event_name":"SensoryStone","player_choice":"Memory 3","floor":36,"damage_taken":0},{"event_name":"Winding Halls","player_choice":"Embrace Madness","floor":38,"damage_taken":0},{"event_name":"Wheel of Change","player_choice":"Relic","floor":47,"damage_taken":0}],"boss_relics":[{"not_picked":["Astrolabe","Velvet Choker"],"picked":"Lizard Tail"},{"not_picked":["Calling Bell","White Beast Statue"],"picked":"Cursed Key"}],"potions_floor_spawned":[4,7,14,20,24,31,40,42,46],"seed_played":"-4240045557060708512","ascension_level":1,"is_trial":false}