{"path_per_floor":["M","?","?","M","M","R","E","R","T","E","M","M","E","$","R","B",null,"M","M","?","?","$","R","M","E","T","?","R","M","M","M","R"],"character_chosen":"DEFECT","items_purchased":["Darkstone Periapt","FTL"],"gold_per_floor":[109,109,109,129,144,144,176,176,176,208,222,236,298,34,34,133,133,143,154,154,154,8,8,23,53,353,353,353,369,380,393,393,393],"floor_reached":33,"campfire_rested":2,"playtime":1704,"item_purchase_floors":[14,22],"current_hp_per_floor":[75,75,75,65,64,64,42,42,42,36,30,24,26,26,50,7,82,69,57,57,57,57,57,57,44,50,34,34,45,19,6,32,0],"items_purged":["Strike_B","Strike_B"],"gold":393,"score":316,"play_id":"a615148b-32e6-465a-82fa-f82b70ad34ce","local_time":"20180519200902","is_prod":false,"is_daily":false,"chose_seed":false,"is_ascension_mode":true,"campfire_upgraded":4,"timestamp":1526756942,"campfire_choices":[{"data":"Coolheaded","floor":6,"key":"SMITH"},{"data":"Zap","floor":8,"key":"SMITH"},{"floor":15,"key":"REST"},{"data":"Hologram","floor":23,"key":"SMITH"},{"data":"Dualcast","floor":28,"key":"SMITH"},{"floor":32,"key":"REST"}],"path_taken":["M","?","?","M","M","R","E","R","T","E","M","M","E","?","R","BOSS","M","M","?","?","$","R","M","E","T","?","R","?","M","M","R","BOSS"],"build_version":"2018-05-18","seed_source_timestamp":551666930370029,"purchased_purges":2,"victory":false,"master_deck":["Strike_B+1","Strike_B+1","Defend_B","Defend_B","Defend_B","Defend_B","Zap+1","Dualcast+1","Gash+1","Regret","Beam Cell","Coolheaded+1","Beam Cell","Gash","Scrape","Hologram+1","Gash","Seek","Scrape","Reboot","FTL","Steam+1","Beam Cell","Pain","Go for the Eyes","Hologram+1"],"max_hp_per_floor":[75,75,75,75,75,75,82,82,82,82,82,82,82,82,82,82,82,82,82,82,82,82,82,82,82,88,88,88,88,88,88,88,88],"relics":["Cracked Core","Whetstone","Dead Branch","Strawberry","Blue Candle","The Courier","Tiny Chest","Darkstone Periapt","Cursed Key","Orichalcum","Old Coin","Nilry\u0027s Codex"],"card_choices":[{"not_picked":["Sunder","Rip and Tear"],"picked":"Gash","floor":1},{"not_picked":["Turbo","Capacitor"],"picked":"Beam Cell","floor":4},{"not_picked":["Beam Cell","Ball Lightning"],"picked":"Coolheaded","floor":5},{"not_picked":["Coolheaded","Capacitor"],"picked":"Beam Cell","floor":7},{"not_picked":["Skim","Biased Cognition"],"picked":"Gash","floor":10},{"not_picked":["Reinforced Body","Axe Kick"],"picked":"Scrape","floor":11},{"not_picked":["Turbo","Stack"],"picked":"Hologram","floor":12},{"not_picked":["Hello World","Rebound"],"picked":"Gash","floor":13},{"not_picked":["Meteor Strike","Nova"],"picked":"Seek","floor":16},{"not_picked":["Genetic Algorithm","Cold Snap+1","Capacitor"],"picked":"SKIP","floor":18},{"not_picked":["Steam Power","Self Repair"],"picked":"Scrape","floor":19},{"not_picked":["Coolheaded","Hologram"],"picked":"Steam+1","floor":24},{"not_picked":["Skim","Chaos"],"picked":"Beam Cell","floor":25},{"not_picked":["Aggregate","Sweeping Beam"],"picked":"Go for the Eyes","floor":29},{"not_picked":["Auto Shields","Loop"],"picked":"Hologram+1","floor":30},{"not_picked":["Axe Kick","Lockon","Barrage"],"picked":"SKIP","floor":31}],"player_experience":167203,"potions_floor_usage":[10,13,13],"damage_taken":[{"damage":0,"enemies":"Small Slimes","floor":1,"turns":3},{"damage":10,"enemies":"Jaw Worm","floor":4,"turns":3},{"damage":1,"enemies":"2 Louse","floor":5,"turns":2},{"damage":29,"enemies":"3 Sentries","floor":7,"turns":7},{"damage":6,"enemies":"Gremlin Nob","floor":10,"turns":3},{"damage":6,"enemies":"Blue Slaver","floor":11,"turns":2},{"damage":6,"enemies":"Looter","floor":12,"turns":2},{"damage":12,"enemies":"3 Sentries","floor":13,"turns":5},{"damage":43,"enemies":"The Guardian","floor":16,"turns":9},{"damage":13,"enemies":"3 Byrds","floor":18,"turns":4},{"damage":12,"enemies":"Spheric Guardian","floor":19,"turns":3},{"damage":0,"enemies":"3 Cultists","floor":24,"turns":3},{"damage":13,"enemies":"Slavers","floor":25,"turns":3},{"damage":3,"enemies":"Centurion and Healer","floor":29,"turns":3},{"damage":33,"enemies":"Cultist and Chosen","floor":30,"turns":6},{"damage":13,"enemies":"Snake Plant","floor":31,"turns":2},{"damage":37,"enemies":"Champ","floor":33,"turns":6}],"relics_obtained":[{"floor":7,"key":"Strawberry"},{"floor":9,"key":"Blue Candle"},{"floor":10,"key":"The Courier"},{"floor":13,"key":"Tiny Chest"},{"floor":25,"key":"Orichalcum"},{"floor":26,"key":"Old Coin"},{"floor":27,"key":"Nilry\u0027s Codex"}],"event_choices":[{"event_name":"Big Fish","player_choice":"Box","floor":2,"damage_taken":0},{"event_name":"Living Wall","player_choice":"Grow","floor":3,"damage_taken":0},{"event_name":"Ghosts","player_choice":"Ignored","floor":20,"damage_taken":0},{"event_name":"Match and Keep!","player_choice":"1 cards matched","floor":21,"damage_taken":0},{"event_name":"Cursed Tome","player_choice":"Obtained Book","floor":27,"damage_taken":0}],"boss_relics":[{"not_picked":["Sozu","Philosopher\u0027s Stone"],"picked":"Cursed Key"}],"items_purged_floors":[14,22],"potions_floor_spawned":[1,4,10,12,16,29,30],"seed_played":"1547625996501727538","killed_by":"Champ","ascension_level":2,"potions_obtained":[{"floor":1,"key":"SteroidPotion"},{"floor":4,"key":"PowerPotion"},{"floor":10,"key":"SkillPotion"},{"floor":12,"key":"Regen Potion"},{"floor":16,"key":"Dexterity Potion"},{"floor":29,"key":"FocusPotion"}],"is_trial":false}