{"gold_per_floor":[119,419,429,429,156,156,183,216,216,236,236,251,92,109,109,207,207,220,120,120,120,120,120,135,135],"floor_reached":25,"playtime":943,"items_purged":["Strike_R","Bash"],"score":269,"play_id":"aaa9cf33-77f3-4d88-aa0e-2f8a1cbbf0ea","local_time":"20190116035733","is_ascension_mode":true,"campfire_choices":[{"data":"Blood for Blood","floor":6,"key":"SMITH"},{"floor":11,"key":"REST"},{"data":"Flex","floor":15,"key":"SMITH"},{"data":"Beam Cell","floor":23,"key":"SMITH"}],"neow_cost":"TEN_PERCENT_HP_LOSS","seed_source_timestamp":473951511141599,"circlet_count":0,"master_deck":["Strike_R","Strike_R","Strike_R","Defend_R","Defend_R","Defend_R","Headbutt","Blood for Blood+1","Flex+1","Expertise","Double Tap","Trip","Master of Strategy","Beam Cell+1"],"relics":["Burning Blood","Old Coin","PrismaticShard","Odd Mushroom","Bag of Preparation","Pen Nib","Black Star"],"potions_floor_usage":[7,16,16],"damage_taken":[{"damage":1,"enemies":"Cultist","floor":1,"turns":3},{"damage":10,"enemies":"Jaw Worm","floor":3,"turns":2},{"damage":19,"enemies":"The Mushroom Lair","floor":7,"turns":5},{"damage":38,"enemies":"Gremlin Nob","floor":8,"turns":4},{"damage":0,"enemies":"2 Louse","floor":10,"turns":2},{"damage":16,"enemies":"Blue Slaver","floor":12,"turns":3},{"damage":0,"enemies":"Large Slime","floor":14,"turns":2},{"damage":23,"enemies":"Hexaghost","floor":16,"turns":5},{"damage":7,"enemies":"Chosen","floor":18,"turns":4},{"damage":37,"enemies":"Colosseum Slavers","floor":21,"turns":4},{"damage":15,"enemies":"3 Byrds","floor":24,"turns":4},{"damage":21,"enemies":"Snake Plant","floor":25,"turns":2}],"seed_played":"8733234225677102503","potions_obtained":[{"floor":3,"key":"SkillPotion"},{"floor":10,"key":"PowerPotion"},{"floor":12,"key":"Dexterity Potion"},{"floor":24,"key":"SpeedPotion"}],"is_trial":false,"path_per_floor":["M","?","M","?","$","R","?","E","T","M","R","M","$","M","R","B",null,"M","$","?","?","?","R","M","M"],"character_chosen":"IRONCLAD","items_purchased":["PrismaticShard","Double Tap","Trip"],"campfire_rested":1,"item_purchase_floors":[5,13,13],"current_hp_per_floor":[72,72,68,68,68,68,55,23,23,29,50,40,40,46,46,29,61,60,60,60,29,29,29,20,0],"gold":135,"neow_bonus":"TRANSFORM_TWO_CARDS","is_prod":false,"is_daily":false,"chose_seed":false,"campfire_upgraded":3,"win_rate":0,"timestamp":1547611053,"path_taken":["M","?","M","?","?","R","?","E","T","M","R","M","$","M","R","BOSS","M","$","?","?","?","R","M","M"],"build_version":"2019-01-14v2","purchased_purges":2,"victory":false,"max_hp_per_floor":[72,72,72,72,72,72,72,72,72,72,72,72,72,72,72,72,72,72,72,72,72,72,72,72,72],"card_choices":[{"not_picked":["Headbutt","Combust"],"picked":"Flex","floor":1},{"not_picked":["Headbutt","Second Wind","Havoc"],"picked":"SKIP","floor":3},{"not_picked":["Aggregate","Expertise","Pommel Strike"],"picked":"SKIP","floor":8},{"not_picked":["Warcry","Turbo"],"picked":"Expertise","floor":10},{"not_picked":["Endless Agony","Evolve","Steam Power"],"picked":"SKIP","floor":12},{"not_picked":["Wild Strike","Pommel Strike","Deadly Poison"],"picked":"SKIP","floor":14},{"not_picked":["Storm of Steel","Night Terror"],"picked":"Master of Strategy","floor":16},{"not_picked":["Iron Wave+1","Genetic Algorithm"],"picked":"Beam Cell","floor":18},{"not_picked":["Flying Knee","Heel Hook","Blade Dance"],"picked":"SKIP","floor":24}],"player_experience":416588,"relics_obtained":[{"floor":7,"key":"Odd Mushroom"},{"floor":8,"key":"Bag of Preparation"},{"floor":9,"key":"Pen Nib"}],"event_choices":[{"damage_healed":0,"gold_gain":0,"player_choice":"Box","damage_taken":0,"relics_obtained":["Old Coin"],"max_hp_gain":0,"max_hp_loss":0,"event_name":"Big Fish","floor":2,"gold_loss":0,"cards_obtained":["Regret"]},{"cards_removed":["Regret"],"damage_healed":0,"gold_gain":0,"player_choice":"Forget","damage_taken":0,"max_hp_gain":0,"max_hp_loss":0,"event_name":"Living Wall","floor":4,"gold_loss":0},{"damage_healed":0,"gold_gain":0,"player_choice":"Fought Mushrooms","damage_taken":0,"max_hp_gain":0,"max_hp_loss":0,"event_name":"Mushrooms","floor":7,"gold_loss":0},{"damage_healed":0,"gold_gain":0,"player_choice":"Ignored","damage_taken":0,"max_hp_gain":0,"max_hp_loss":0,"event_name":"Vampires","floor":20,"gold_loss":0},{"damage_healed":0,"gold_gain":0,"player_choice":"Fight","damage_taken":0,"max_hp_gain":0,"max_hp_loss":0,"event_name":"Colosseum","floor":21,"gold_loss":0},{"damage_healed":0,"gold_gain":0,"player_choice":"Fled From Nobs","damage_taken":0,"max_hp_gain":0,"max_hp_loss":0,"event_name":"Colosseum","floor":21,"gold_loss":0},{"damage_healed":0,"gold_gain":0,"player_choice":"Ignored","damage_taken":0,"max_hp_gain":0,"max_hp_loss":0,"event_name":"Cursed Tome","floor":22,"gold_loss":0}],"is_beta":true,"boss_relics":[{"not_picked":["Runic Pyramid","Coffee Dripper"],"picked":"Black Star"}],"items_purged_floors":[5,19],"is_endless":false,"potions_floor_spawned":[3,10,12,24],"killed_by":"Snake Plant","ascension_level":7}