{"gold_per_floor":[109,126,126,126,141,141,161,161,161,336,29,29,29,58,58,186,186,211,211,232,331,88,88,113,133,187,187,137,37,37],"floor_reached":30,"playtime":811,"items_purged":["Doubt","Strike_B"],"score":346,"play_id":"3c2943da-bf5b-4d98-9e9e-c06e1938beae","local_time":"20190131060711","is_ascension_mode":true,"campfire_choices":[{"data":"Redo","floor":6,"key":"SMITH"},{"data":"Zap","floor":8,"key":"SMITH"},{"data":"Rainbow","floor":15,"key":"SMITH"},{"data":"Capacitor","floor":23,"key":"SMITH"},{"floor":27,"key":"REST"}],"neow_cost":"NONE","seed_source_timestamp":1777836908009964,"circlet_count":0,"master_deck":["AscendersBane","Strike_B","Strike_B","Strike_B","Defend_B","Defend_B","Defend_B","Defend_B+1","Zap+1","Dualcast","Cold Snap+1","Redo+1","Auto Shields","Rainbow+1","Capacitor+1","Coolheaded","Biased Cognition","Leap","Glacier+1"],"relics":["Cracked Core","NeowsBlessing","Kunai","Mercury Hourglass","Golden Idol","Odd Mushroom","Black Star","Frozen Egg 2","Blood Vial"],"potions_floor_usage":[25,30,30],"damage_taken":[{"damage":0,"enemies":"Jaw Worm","floor":1,"turns":1},{"damage":0,"enemies":"Cultist","floor":2,"turns":1},{"damage":0,"enemies":"2 Louse","floor":5,"turns":1},{"damage":0,"enemies":"2 Fungi Beasts","floor":7,"turns":3},{"damage":16,"enemies":"The Mushroom Lair","floor":14,"turns":4},{"damage":15,"enemies":"Hexaghost","floor":16,"turns":9},{"damage":8,"enemies":"Shell Parasite","floor":18,"turns":5},{"damage":4,"enemies":"Spheric Guardian","floor":20,"turns":5},{"damage":20,"enemies":"Snecko","floor":24,"turns":7},{"damage":13,"enemies":"Snake Plant","floor":25,"turns":3},{"damage":8,"enemies":"Gremlin Leader","floor":30,"turns":7}],"seed_played":"5116393883906828642","potions_obtained":[{"floor":7,"key":"SteroidPotion"},{"floor":14,"key":"Energy Potion"},{"floor":20,"key":"Strength Potion"},{"floor":25,"key":"LiquidBronze"}],"is_trial":false,"path_per_floor":["M","M","?","T","M","R","M","R","T","?","$","?","$","?","R","B",null,"M","?","M","?","$","R","M","M","T","R","?","$","E"],"character_chosen":"DEFECT","items_purchased":["Rainbow","Capacitor","Frozen Egg 2"],"campfire_rested":1,"item_purchase_floors":[11,11,22],"current_hp_per_floor":[68,68,53,53,53,53,53,53,53,53,53,53,53,37,37,22,57,49,49,45,45,45,45,25,12,12,32,32,32,26],"gold":37,"neow_bonus":"THREE_ENEMY_KILL","is_prod":false,"is_daily":false,"chose_seed":false,"campfire_upgraded":4,"win_rate":0,"timestamp":1548914831,"path_taken":["M","M","?","?","M","R","?","R","T","?","$","?","?","?","R","BOSS","M","?","M","?","$","R","M","M","T","R","?","$","E"],"build_version":"2019-01-23","purchased_purges":2,"victory":false,"max_hp_per_floor":[75,75,75,75,75,75,75,75,75,75,75,69,69,69,69,69,69,69,69,69,69,69,69,69,69,69,69,69,69,69],"card_choices":[{"not_picked":["Redo","Recycle"],"picked":"Cold Snap","floor":1},{"not_picked":["Beam Cell","Sunder"],"picked":"Redo","floor":2},{"not_picked":["Static Discharge","Storm"],"picked":"Auto Shields","floor":5},{"not_picked":["Genetic Algorithm","Meteor Strike","Compile Driver"],"picked":"SKIP","floor":7},{"not_picked":["Rip and Tear","Redo"],"picked":"Coolheaded","floor":14},{"not_picked":["Thunder Strike","Hyperbeam"],"picked":"Biased Cognition","floor":16},{"not_picked":["Beam Cell","Lockon","Scrape"],"picked":"SKIP","floor":18},{"not_picked":["Sweeping Beam","Compile Driver"],"picked":"Leap","floor":20},{"not_picked":["Skim","Conserve Battery","Ball Lightning"],"picked":"SKIP","floor":24},{"not_picked":["Ball Lightning","Reboot"],"picked":"Glacier+1","floor":25}],"player_experience":537757,"relics_obtained":[{"floor":4,"key":"Kunai"},{"floor":9,"key":"Mercury Hourglass"},{"floor":14,"key":"Odd Mushroom"},{"floor":26,"key":"Blood Vial"}],"event_choices":[{"damage_healed":0,"gold_gain":0,"player_choice":"Entered Light","damage_taken":15,"max_hp_gain":0,"max_hp_loss":0,"event_name":"Shining Light","floor":3,"gold_loss":0,"cards_upgraded":["Defend_B","Cold Snap"]},{"damage_healed":0,"gold_gain":175,"player_choice":"AGREE","damage_taken":0,"max_hp_gain":0,"max_hp_loss":0,"event_name":"Liars Game","floor":10,"gold_loss":0,"cards_obtained":["Doubt"]},{"damage_healed":0,"gold_gain":0,"player_choice":"Lose Max HP","damage_taken":0,"relics_obtained":["Golden Idol"],"max_hp_gain":0,"max_hp_loss":6,"event_name":"Golden Idol","floor":12,"gold_loss":0},{"damage_healed":0,"gold_gain":0,"player_choice":"Fought Mushrooms","damage_taken":0,"max_hp_gain":0,"max_hp_loss":0,"event_name":"Mushrooms","floor":14,"gold_loss":0},{"damage_healed":0,"gold_gain":0,"player_choice":"Ignored","damage_taken":0,"max_hp_gain":0,"max_hp_loss":0,"event_name":"Vampires","floor":19,"gold_loss":0},{"damage_healed":0,"gold_gain":99,"player_choice":"Stole From Cult","damage_taken":0,"max_hp_gain":0,"max_hp_loss":0,"event_name":"Nest","floor":21,"gold_loss":0},{"damage_healed":0,"gold_gain":0,"player_choice":"Bet on Murderer","damage_taken":0,"max_hp_gain":0,"max_hp_loss":0,"event_name":"The Joust","floor":28,"gold_loss":50}],"is_beta":true,"boss_relics":[{"not_picked":["Busted Crown","Runic Dome"],"picked":"Black Star"}],"items_purged_floors":[11,29],"is_endless":false,"potions_floor_spawned":[7,14,16,20,25],"killed_by":"Gremlin Leader","ascension_level":12}