{"gold_per_floor":[219,231,243,22,42,42,53,53,53,64,64,94,109,142,142,215,215,232,244,244,97,117,117,150,150,150,168,118,68,68,68,68,145,145,156,156,156,168,71,71,84,99,99,2,16,16,16,36,36,36],"floor_reached":51,"playtime":3084,"items_purged":["Strike_B","Strike_B","Strike_B","Strike_B","Defend_B"],"score":1170,"play_id":"be41feab-e812-47ef-8478-487a67f03280","local_time":"20190213041128","is_ascension_mode":true,"campfire_choices":[{"data":"Sunder","floor":6.0,"key":"SMITH"},{"data":"Zap","floor":8.0,"key":"SMITH"},{"data":"Conserve Battery","floor":15.0,"key":"SMITH"},{"data":"Creative AI","floor":23,"key":"SMITH"},{"data":"Capacitor","floor":25,"key":"SMITH"},{"data":"Defragment","floor":32,"key":"SMITH"},{"floor":40,"key":"REST"},{"floor":47,"key":"REST"},{"floor":49,"key":"REST"}],"neow_cost":"NONE","seed_source_timestamp":0,"circlet_count":0,"master_deck":["AscendersBane","Defend_B","Defend_B","Defend_B","Zap+1","Dualcast","Auto Shields","Glacier","Conserve Battery+1","Sunder+1","Ball Lightning","Conserve Battery","Reboot","Ball Lightning","Consume+1","Creative AI+1","Hologram+1","Discovery+1","Capacitor+1","Defragment+1","Amplify+1","Madness+1","Madness+1","Steam+1","Coolheaded+1","Cold Snap","Conserve Battery+1","Cold Snap"],"special_seed":0,"relics":["Cracked Core","DataDisk","Dream Catcher","Smiling Mask","Toxic Egg 2","Nuclear Battery","Meat on the Bone","Bag of Marbles","Nunchaku","Lizard Tail","Letter Opener"],"potions_floor_usage":[24,38,42,45,50],"damage_taken":[{"damage":0.0,"enemies":"Cultist","floor":1.0,"turns":4.0},{"damage":0.0,"enemies":"2 Louse","floor":2.0,"turns":2.0},{"damage":1.0,"enemies":"Jaw Worm","floor":3.0,"turns":3.0},{"damage":0.0,"enemies":"Exordium Wildlife","floor":5.0,"turns":2.0},{"damage":7.0,"enemies":"Large Slime","floor":7.0,"turns":3.0},{"damage":0.0,"enemies":"Exordium Thugs","floor":10.0,"turns":3.0},{"damage":4.0,"enemies":"Lagavulin","floor":12.0,"turns":5.0},{"damage":0.0,"enemies":"3 Louse","floor":13.0,"turns":2.0},{"damage":5.0,"enemies":"3 Sentries","floor":14.0,"turns":4.0},{"damage":22.0,"enemies":"The Guardian","floor":16.0,"turns":9.0},{"damage":9,"enemies":"3 Byrds","floor":18,"turns":6},{"damage":3,"enemies":"Spheric Guardian","floor":19,"turns":5},{"damage":0,"enemies":"Snake Plant","floor":22,"turns":5},{"damage":0,"enemies":"Slavers","floor":24,"turns":5},{"damage":15,"enemies":"Centurion and Healer","floor":27,"turns":6},{"damage":18,"enemies":"Automaton","floor":33,"turns":8},{"damage":6,"enemies":"Orb Walker","floor":35,"turns":4},{"damage":10,"enemies":"3 Shapes","floor":38,"turns":5},{"damage":44,"enemies":"Writhing Mass","floor":41,"turns":5},{"damage":57,"enemies":"Jaw Worm Horde","floor":42,"turns":9},{"damage":3,"enemies":"Spire Growth","floor":45,"turns":5},{"damage":4,"enemies":"4 Shapes","floor":48,"turns":5},{"damage":7,"enemies":"Awakened One","floor":50,"turns":22}],"seed_played":"3141422734804289027","potions_obtained":[{"floor":2.0,"key":"GamblersBrew"},{"floor":3.0,"key":"SpeedPotion"},{"floor":7.0,"key":"EssenceOfSteel"},{"floor":16.0,"key":"EssenceOfSteel"},{"floor":19,"key":"FearPotion"},{"floor":27,"key":"Ancient Potion"},{"floor":33,"key":"SpeedPotion"},{"floor":41,"key":"EssenceOfSteel"},{"floor":42,"key":"Weak Potion"},{"floor":45,"key":"Weak Potion"}],"is_trial":false,"path_per_floor":["M","M","M","$","M","R","M","R","T","M","$","E","M","E","R","B",null,"M","M","?","$","M","R","E","R","T","M","$","$","?","T","R","B",null,"M","?","?","M","$","R","M","M","T","$","M","$","R","M","R","B",null],"character_chosen":"DEFECT","items_purchased":["Sunder","DataDisk","Discovery+1","Steam+1","Cold Snap"],"campfire_rested":3,"item_purchase_floors":[4,4,21,39,44],"current_hp_per_floor":[64,64,63,63,63,63,56,56,56,56,56,52,52,47,47,25,60,51,48,48,48,48,48,48,48,48,45,45,45,45,45,45,39,63,57,44,44,46,46,67,35,36,36,36,45,45,66,62,71,64],"gold":36,"neow_bonus":"HUNDRED_GOLD","is_prod":false,"is_daily":false,"chose_seed":false,"campfire_upgraded":6,"win_rate":0,"timestamp":1549998688,"path_taken":["M","M","M","$","M","R","M","R","T","M","$","E","M","E","R","BOSS","M","M","?","$","?","R","E","R","T","M","?","$","?","?","R","BOSS","M","?","?","M","$","R","M","?","T","$","M","$","R","M","R","BOSS"],"build_version":"2019-01-23","purchased_purges":5,"victory":true,"max_hp_per_floor":[71,71,71,71,71,71,71,71,71,71,71,71,71,71,71,71,71,71,71,71,71,71,71,71,71,71,71,71,71,71,71,71,71,71,71,71,71,71,71,71,71,71,71,71,71,71,71,71,71,71],"card_choices":[{"not_picked":["Redo","Rebound"],"picked":"Auto Shields","floor":1.0},{"not_picked":["Force Field","Go for the Eyes"],"picked":"Glacier","floor":2.0},{"not_picked":["Rebound","Static Discharge"],"picked":"Conserve Battery","floor":3.0},{"not_picked":["Redo","Leap"],"picked":"Ball Lightning","floor":5.0},{"not_picked":["Meteor Strike","Gash"],"picked":"Conserve Battery","floor":7.0},{"not_picked":["Stack","Beam Cell","Turbo"],"picked":"SKIP","floor":10.0},{"not_picked":["Storm","Redo"],"picked":"Reboot","floor":12.0},{"not_picked":["Hello World","Redo"],"picked":"Ball Lightning","floor":13.0},{"not_picked":["Barrage","Aggregate"],"picked":"Consume","floor":14.0},{"not_picked":["Buffer","Machine Learning"],"picked":"Creative AI","floor":16.0},{"not_picked":["Turbo+1","Barrage"],"picked":"Conserve Battery+1","floor":18},{"not_picked":["Consume+1","Darkness+1"],"picked":"Hologram+1","floor":19},{"not_picked":["Rip and Tear","Barrage","Compile Driver"],"picked":"SKIP","floor":22},{"not_picked":["Rip and Tear","Barrage","Compile Driver"],"picked":"SKIP","floor":22},{"not_picked":["Loop","Auto Shields+1"],"picked":"Capacitor","floor":24},{"not_picked":["Sweeping Beam","Go for the Eyes"],"picked":"Defragment","floor":27},{"not_picked":["Fission+1","Rainbow+1"],"picked":"Amplify+1","floor":33},{"not_picked":["Heatsinks","White Noise+1","Sweeping Beam"],"picked":"SKIP","floor":35},{"not_picked":["Rebound","Redo+1","Blizzard+1"],"picked":"SKIP","floor":38},{"not_picked":["Beam Cell+1","Gash"],"picked":"Coolheaded+1","floor":41},{"not_picked":["Gash","Amplify+1","Reinforced Body+1"],"picked":"SKIP","floor":42},{"not_picked":["Steam+1","Chaos+1"],"picked":"Conserve Battery+1","floor":45},{"not_picked":["Streamline","Auto Shields+1"],"picked":"Cold Snap","floor":47},{"not_picked":["Reinforced Body+1","Compile Driver","Stack+1"],"picked":"SKIP","floor":48}],"player_experience":993302,"relics_obtained":[{"floor":9.0,"key":"Dream Catcher"},{"floor":12.0,"key":"Smiling Mask"},{"floor":14.0,"key":"Toxic Egg 2"},{"floor":24,"key":"Meat on the Bone"},{"floor":26,"key":"Bag of Marbles"},{"floor":31,"key":"Nunchaku"},{"floor":43,"key":"Letter Opener"}],"event_choices":[{"damage_healed":0,"gold_gain":0,"player_choice":"Got Potions","damage_taken":0,"max_hp_gain":0,"max_hp_loss":0,"event_name":"Lab","floor":20,"gold_loss":0},{"damage_healed":0,"gold_gain":0,"player_choice":"Ignored","damage_taken":0,"max_hp_gain":0,"max_hp_loss":0,"event_name":"The Mausoleum","floor":30,"gold_loss":0},{"damage_healed":0,"gold_gain":0,"player_choice":"Embrace Madness","damage_taken":13,"max_hp_gain":0,"max_hp_loss":0,"event_name":"Winding Halls","floor":36,"gold_loss":0,"cards_obtained":["Madness","Madness"]},{"cards_removed":["Conserve Battery"],"damage_healed":0,"gold_gain":0,"player_choice":"Removed Skill","damage_taken":0,"max_hp_gain":0,"max_hp_loss":0,"event_name":"Falling","floor":37,"gold_loss":0}],"is_beta":false,"boss_relics":[{"not_picked":["Eternal Feather","Coffee Dripper"],"picked":"Nuclear Battery"},{"not_picked":["Empty Cage","Pandora\u0027s Box"],"picked":"Lizard Tail"}],"items_purged_floors":[21,28,29,39,44],"is_endless":false,"potions_floor_spawned":[2,3,7,16,19,27,33,41,42,45,48],"ascension_level":15}