{"gold_per_floor":[219,233,43,56,56,86,86,101,101,62,62,25,58,8,8,109,109,121,221,221],"floor_reached":20,"playtime":1223,"items_purged":[],"score":207,"play_id":"83269e5d-048e-44ca-a0d6-953c928f399a","local_time":"20190202235912","is_ascension_mode":true,"campfire_choices":[{"floor":7,"key":"REST"},{"floor":15,"key":"RECALL"}],"neow_cost":"NONE","seed_source_timestamp":31868674951244,"circlet_count":0,"master_deck":["Defend_G","Defend_G","Defend_G","Defend_G","Defend_G","Strike_G","Strike_G","Strike_G","Strike_G","Strike_G","Survivor","Neutralize","Bane","Poisoned Stab","Shrug It Off+1","Backflip","Footwork+1","Footwork+1","Bane","Bane","Sadistic Nature+1","Well Laid Plans+1"],"relics":["Ring of the Serpent","PrismaticShard","WingedGreaves","Frozen Egg 2","Shuriken","StoneCalendar","Pantograph"],"potions_floor_usage":[6,13],"damage_taken":[{"damage":2,"enemies":"Jaw Worm","floor":1,"turns":4},{"damage":2,"enemies":"Small Slimes","floor":2,"turns":4},{"damage":0,"enemies":"2 Louse","floor":4,"turns":2},{"damage":30,"enemies":"Gremlin Nob","floor":6,"turns":5},{"damage":10,"enemies":"2 Fungi Beasts","floor":8,"turns":4},{"damage":1,"enemies":"Lagavulin","floor":13,"turns":12},{"damage":29,"enemies":"Slime Boss","floor":16,"turns":14},{"damage":11,"enemies":"Chosen","floor":18,"turns":8},{"damage":2,"enemies":"Colosseum Slavers","floor":19,"turns":9},{"damage":53,"enemies":"Colosseum Nobs","floor":19,"turns":7},{"damage":12,"enemies":"Shell Parasite","floor":20,"turns":3}],"seed_played":"-2267417896442467554","potions_obtained":[{"floor":1,"key":"SkillPotion"},{"floor":4,"key":"GamblersBrew"},{"floor":13,"key":"Ancient Potion"}],"is_trial":false,"path_per_floor":["M","M","$","M","?","E","R","M","T","$","?","$","E","$","R","B",null,"M","?","M"],"character_chosen":"THE_SILENT","items_purchased":["PrismaticShard","Footwork+1","Footwork+1","Bane"],"campfire_rested":1,"item_purchase_floors":[3,10,12,14],"current_hp_per_floor":[68,66,66,66,66,36,57,47,47,47,70,70,69,69,69,40,70,59,4,0],"gold":221,"neow_bonus":"HUNDRED_GOLD","is_prod":false,"is_daily":false,"chose_seed":false,"campfire_upgraded":0,"win_rate":0,"timestamp":1549148352,"path_taken":["M","M","$","M","?","E","R","M","T","$","?","?","E","?","R","BOSS","M","?","M"],"build_version":"2019-01-23","purchased_purges":0,"victory":false,"max_hp_per_floor":[70,70,70,70,70,70,70,70,70,70,70,70,70,70,70,70,70,70,70,70],"card_choices":[{"not_picked":["Expertise","Caltrops"],"picked":"Bane","floor":1},{"not_picked":["Choke","Backstab"],"picked":"Poisoned Stab","floor":2},{"not_picked":["Twin Strike","Underhanded Strike"],"picked":"Shrug It Off","floor":4},{"not_picked":["Gash","Go for the Eyes"],"picked":"Backflip","floor":6},{"not_picked":["Clash","Mind Blast","Terror"],"picked":"SKIP","floor":8},{"not_picked":["PanicButton","Dodge and Roll"],"picked":"Bane","floor":13},{"not_picked":["Apotheosis","Die Die Die"],"picked":"Sadistic Nature+1","floor":16},{"not_picked":["Perfected Strike","Thunderclap","Terror"],"picked":"SKIP","floor":18},{"not_picked":["Sword Boomerang+1","Flying Knee"],"picked":"Well Laid Plans+1","floor":19}],"player_experience":199615,"relics_obtained":[{"floor":6,"key":"WingedGreaves"},{"floor":9,"key":"Frozen Egg 2"},{"floor":13,"key":"Shuriken"},{"floor":19,"key":"StoneCalendar"},{"floor":19,"key":"Pantograph"}],"event_choices":[{"damage_healed":0,"gold_gain":0,"player_choice":"Grow","damage_taken":0,"max_hp_gain":0,"max_hp_loss":0,"event_name":"Living Wall","floor":5,"gold_loss":0,"cards_upgraded":["Shrug It Off"]},{"damage_healed":23,"gold_gain":0,"player_choice":"Banana","damage_taken":0,"max_hp_gain":0,"max_hp_loss":0,"event_name":"Big Fish","floor":11,"gold_loss":0},{"damage_healed":0,"gold_gain":0,"player_choice":"Fight","damage_taken":0,"max_hp_gain":0,"max_hp_loss":0,"event_name":"Colosseum","floor":19,"gold_loss":0},{"damage_healed":0,"gold_gain":0,"player_choice":"Fought Nobs","damage_taken":0,"max_hp_gain":0,"max_hp_loss":0,"event_name":"Colosseum","floor":19,"gold_loss":0}],"is_beta":false,"boss_relics":[{"not_picked":["Ectoplasm","Runic Dome"],"picked":"Ring of the Serpent"}],"items_purged_floors":[],"is_endless":false,"potions_floor_spawned":[1,4,13,19],"killed_by":"Shell Parasite","ascension_level":3}