{"gold_per_floor":[111,37,312,326,108,108,119,119,193,193,193,193,7,20,20,20],"floor_reached":16,"playtime":409,"items_purged":["Regret","Injury"],"score":106,"play_id":"a9a399e2-98a3-40ad-bf4c-3f77ae59ac97","local_time":"20190206175058","is_ascension_mode":true,"campfire_choices":[{"data":"Armaments","floor":6,"key":"SMITH"},{"data":"Double Tap","floor":8,"key":"SMITH"},{"data":"Whirlwind","floor":11,"key":"SMITH"},{"data":"Rampage","floor":15,"key":"SMITH"}],"neow_cost":"PERCENT_DAMAGE","seed_source_timestamp":14893821494188,"circlet_count":0,"master_deck":["Strike_R","Strike_R","Strike_R","Defend_R","Defend_R","Defend_R","Defend_R","Bash","Armaments+1","Entrench","Headbutt","Whirlwind+1","Double Tap+1","Twin Strike","Discovery+1","Rampage+1"],"relics":["Burning Blood","Toxic Egg 2","Golden Idol","Pear"],"potions_floor_usage":[14],"damage_taken":[{"damage":8,"enemies":"Jaw Worm","floor":1,"turns":6},{"damage":8,"enemies":"Cultist","floor":4,"turns":4},{"damage":14,"enemies":"2 Louse","floor":7,"turns":2},{"damage":6,"enemies":"Blue Slaver","floor":14,"turns":4},{"damage":60,"enemies":"Hexaghost","floor":16,"turns":9}],"seed_played":"-13457282389399293","potions_obtained":[{"floor":7,"key":"BloodPotion"}],"is_trial":false,"path_per_floor":["M","$","?","M","$","R","M","R","T","?","R","?","$","M","R","B"],"character_chosen":"IRONCLAD","items_purchased":["Whirlwind","Double Tap","Discovery+1"],"campfire_rested":0,"item_purchase_floors":[2,5,13],"current_hp_per_floor":[54,54,54,52,52,52,44,44,44,44,44,51,51,60,60,0],"gold":20,"neow_bonus":"TRANSFORM_TWO_CARDS","is_prod":false,"is_daily":false,"chose_seed":false,"campfire_upgraded":4,"win_rate":0,"timestamp":1549471858,"path_taken":["M","$","?","?","?","R","M","R","T","?","R","?","?","M","R","BOSS"],"build_version":"2019-01-23","purchased_purges":2,"victory":false,"max_hp_per_floor":[80,80,80,80,80,80,80,80,80,80,80,90,90,90,90,90],"card_choices":[{"not_picked":["Bloodletting","Armaments"],"picked":"Headbutt","floor":1},{"not_picked":["Clash","Wild Strike","Cleave"],"picked":"SKIP","floor":4},{"not_picked":["Battle Trance","Second Wind"],"picked":"Twin Strike","floor":7},{"not_picked":["Clothesline","Anger"],"picked":"Rampage","floor":14}],"player_experience":222423,"relics_obtained":[{"floor":9,"key":"Toxic Egg 2"}],"event_choices":[{"damage_healed":0,"gold_gain":275,"player_choice":"Desecrate","damage_taken":0,"max_hp_gain":0,"max_hp_loss":0,"event_name":"Golden Shrine","floor":3,"gold_loss":0,"cards_obtained":["Regret"]},{"damage_healed":0,"gold_gain":0,"player_choice":"Take Wound","damage_taken":0,"relics_obtained":["Golden Idol"],"max_hp_gain":0,"max_hp_loss":0,"event_name":"Golden Idol","floor":10,"gold_loss":0,"cards_obtained":["Injury"]},{"damage_healed":0,"gold_gain":0,"player_choice":"Success","damage_taken":3,"relics_obtained":["Pear"],"max_hp_gain":0,"max_hp_loss":0,"event_name":"Scrap Ooze","floor":12,"gold_loss":0}],"is_beta":false,"boss_relics":[],"items_purged_floors":[5,13],"is_endless":false,"potions_floor_spawned":[7],"killed_by":"Hexaghost","ascension_level":4}