{"path_per_floor":["M","?","$","?","?","R","E","?","T","M","M","R","E","M","R","B",null,"M","?","?","M","M","E","M","M","T","$","?","M"],"character_chosen":"DEFECT","items_purchased":["Doom and Gloom","Toxic Egg 2","Thinking Ahead"],"gold_per_floor":[114,114,32,107,107,107,141,141,212,233,252,252,285,309,309,437,437,461,504,704,725,746,790,815,836,836,415,415,439,439],"floor_reached":30,"campfire_rested":0,"playtime":1747,"current_hp_per_floor":[73,73,73,62,44,44,23,23,23,35,47,47,48,42,42,36,75,70,30,30,32,36,34,50,48,48,48,48,52,0],"items_purged":["Defend_B"],"gold":439,"score":273,"play_id":"c1ed1ee0-d726-46eb-a07d-ab6d74c1be91","local_time":"20180501033301","is_prod":false,"is_daily":false,"chose_seed":false,"is_ascension_mode":true,"campfire_upgraded":3,"timestamp":1525141981,"path_taken":["M","?","$","?","?","R","E","?","T","?","M","R","E","M","R","BOSS","M","?","?","M","M","E","M","?","T","$","?","M","E"],"build_version":"2018-04-27v3","seed_source_timestamp":195735747652628,"purchased_purges":1,"victory":false,"master_deck":["Strike_B","Strike_B","Strike_B","Strike_B","Defend_B+1","Defend_B","Defend_B","Zap","Dualcast+1","Defragment+1","Doom and Gloom","White Noise+1","Glacier","Reinforced Body+1","Fission","Seek","Self Repair","Cold Snap+1","Barrage","Rebound+1","Impulse","Thinking Ahead+1","Skim+1"],"max_hp_per_floor":[75,75,75,75,75,75,75,75,75,75,75,75,75,75,75,75,75,75,75,75,75,75,75,75,75,75,75,75,75,75],"relics":["Cracked Core","Ancient Tea Set","Golden Idol","War Paint","Meat on the Bone","The Courier","Velvet Choker","Red Mask","Omamori","Frozen Egg 2","Toxic Egg 2","Vajra"],"card_choices":[{"not_picked":["Skim","Cold Snap"],"picked":"Defragment","floor":1},{"not_picked":["Static Discharge","Reinforced Body"],"picked":"White Noise","floor":10},{"not_picked":["Conserve Battery","Turbo"],"picked":"Glacier","floor":11},{"not_picked":["Rebound","Melter"],"picked":"Reinforced Body","floor":13},{"not_picked":["Stack","Ball Lightning"],"picked":"Fission","floor":14},{"not_picked":["Fission","All For One"],"picked":"Seek","floor":16},{"not_picked":["Leap","Go for the Eyes"],"picked":"Self Repair","floor":19},{"not_picked":["Axe Kick","Coolheaded"],"picked":"Cold Snap","floor":21},{"not_picked":["Glacier","Scrape"],"picked":"Barrage","floor":23},{"not_picked":["Barrage","Meteor Strike"],"picked":"Rebound","floor":24},{"not_picked":["Melter","Barrage"],"picked":"Impulse","floor":25},{"not_picked":["Scrape","Sweeping Beam"],"picked":"Skim","floor":29}],"player_experience":99535,"potions_floor_usage":[13,19,23,23,23,25],"damage_taken":[{"damage":2,"enemies":"Small Slimes","floor":1,"turns":3},{"damage":21,"enemies":"Lagavulin","floor":7,"turns":6},{"damage":0,"enemies":"Cultist","floor":10,"turns":3},{"damage":0,"enemies":"2 Louse","floor":11,"turns":2},{"damage":11,"enemies":"Gremlin Nob","floor":13,"turns":4},{"damage":6,"enemies":"2 Fungi Beasts","floor":14,"turns":3},{"damage":18,"enemies":"Slime Boss","floor":16,"turns":7},{"damage":5,"enemies":"Shell Parasite","floor":18,"turns":8},{"damage":52,"enemies":"Masked Bandits","floor":19,"turns":8},{"damage":17,"enemies":"3 Byrds","floor":21,"turns":5},{"damage":15,"enemies":"Snake Plant","floor":22,"turns":3},{"damage":36,"enemies":"Slavers","floor":23,"turns":10},{"damage":3,"enemies":"Centurion and Healer","floor":24,"turns":10},{"damage":9,"enemies":"Cultist and Chosen","floor":25,"turns":7},{"damage":3,"enemies":"3 Cultists","floor":29,"turns":5},{"damage":57,"enemies":"Gremlin Leader","floor":30,"turns":8}],"event_choices":[{"event_name":"Wheel of Change","player_choice":"Relic","floor":2,"damage_taken":0},{"event_name":"World of Goop","player_choice":"Gather Gold","floor":4,"damage_taken":0},{"event_name":"Golden Idol","player_choice":"Take Damage","floor":5,"damage_taken":0},{"event_name":"Liars Game","player_choice":"disagreed","floor":8,"damage_taken":0},{"event_name":"Masked Bandits","player_choice":"Fought over 461 gold","floor":19,"damage_taken":0},{"event_name":"The Joust","player_choice":"Bet on Owner","floor":20,"damage_taken":0},{"event_name":"Accursed Blacksmith","player_choice":"Rummage","floor":28,"damage_taken":0}],"boss_relics":[{"not_picked":["Pandora\u0027s Box","Sozu"],"picked":"Velvet Choker"}],"potions_floor_spawned":[1,10,14,16,18,21,24],"seed_played":"938247443572456112","killed_by":"Gremlin Leader","ascension_level":1,"is_trial":false}