{"path_per_floor":["M","M","$","M","?","R","M","M","T","M","M","M","?","M","R","B",null,"M","?","$","?","M","E","?"],"character_chosen":"DEFECT","items_purchased":["Madness","Thinking Ahead"],"gold_per_floor":[115,127,39,49,49,49,68,81,81,92,109,129,129,142,142,239,239,249,249,44,44,63,98,98,98],"floor_reached":25,"campfire_rested":0,"playtime":830,"current_hp_per_floor":[80,79,79,78,78,78,65,55,55,54,54,53,53,41,41,26,82,65,49,49,49,25,8,8,0],"items_purged":[],"gold":98,"score":260,"play_id":"d9112a25-56d5-4fa0-af52-166704e865ae","local_time":"20180511133314","is_prod":false,"is_daily":false,"chose_seed":false,"is_ascension_mode":true,"campfire_upgraded":2,"timestamp":1526070794,"path_taken":["M","M","$","M","?","R","M","M","T","?","M","M","?","M","R","BOSS","M","?","$","?","M","E","?","E"],"build_version":"2018-05-10","seed_source_timestamp":137478780088240,"purchased_purges":0,"victory":false,"master_deck":["Strike_B","Strike_B","Strike_B","Strike_B","Defend_B","Defend_B","Defend_B","Defend_B","Zap+1","Dualcast","Melter","Madness+1","Sunder+1","Darkness","Auto Shields+1","Darkness+1","Thinking Ahead"],"max_hp_per_floor":[82,82,82,82,82,82,82,82,82,82,82,82,82,82,82,82,82,82,87,87,87,87,87,87,87],"relics":["Cracked Core","Torii","Cursed Key","Nloth\u0027s Gift"],"card_choices":[{"not_picked":["Steam Power","Static Discharge"],"picked":"Melter","floor":2},{"not_picked":["Defragment","Reinforced Body"],"picked":"Sunder","floor":7},{"not_picked":["Cold Snap","Axe Kick"],"picked":"Darkness","floor":8},{"not_picked":["Beam Cell","Steam Power"],"picked":"Auto Shields","floor":14},{"not_picked":["Streamline","Heatsinks"],"picked":"Darkness","floor":18}],"player_experience":204774,"potions_floor_usage":[7,10,12,23,23],"damage_taken":[{"damage":2,"enemies":"Jaw Worm","floor":1,"turns":3},{"damage":1,"enemies":"2 Louse","floor":2,"turns":2},{"damage":1,"enemies":"Cultist","floor":4,"turns":3},{"damage":13,"enemies":"Large Slime","floor":7,"turns":5},{"damage":10,"enemies":"Gremlin Gang","floor":8,"turns":4},{"damage":1,"enemies":"Lots of Slimes","floor":10,"turns":3},{"damage":0,"enemies":"Exordium Wildlife","floor":11,"turns":3},{"damage":1,"enemies":"Looter","floor":12,"turns":3},{"damage":12,"enemies":"Large Slime","floor":14,"turns":4},{"damage":15,"enemies":"Slime Boss","floor":16,"turns":11},{"damage":17,"enemies":"3 Byrds","floor":18,"turns":4},{"damage":24,"enemies":"2 Thieves","floor":22,"turns":4},{"damage":28,"enemies":"Gremlin Leader","floor":23,"turns":6},{"damage":9,"enemies":"Slavers","floor":25,"turns":1}],"event_choices":[{"event_name":"Living Wall","player_choice":"Grow","floor":5,"damage_taken":0},{"event_name":"Accursed Blacksmith","player_choice":"Forge","floor":13,"damage_taken":0},{"event_name":"Forgotten Altar","player_choice":"Shed Blood","floor":19,"damage_taken":0},{"event_name":"The Lab","player_choice":"Got Potions","floor":21,"damage_taken":0},{"event_name":"N\u0027loth","player_choice":"Traded a Ice Cream","floor":24,"damage_taken":0}],"boss_relics":[{"not_picked":["Philosopher\u0027s Stone","Eternal Feather"],"picked":"Cursed Key"}],"potions_floor_spawned":[4,8,11,16,23],"seed_played":"-2984907794560358863","killed_by":"Slavers","ascension_level":4,"is_trial":false}