{"gold_per_floor":[118,43,43,8,19,19,50,50,104,104,135,153,153,153],"floor_reached":14,"playtime":343,"items_purged":["Defend_R"],"score":178,"play_id":"a2ffe8ab-c20b-4f5d-8c13-5f496c382154","local_time":"20190213002048","is_ascension_mode":true,"campfire_choices":[{"data":"True Grit","floor":6.0,"key":"SMITH"},{"data":"Strike_R","floor":8.0,"key":"SMITH"},{"data":"Strike_R","floor":10.0,"key":"SMITH"}],"neow_cost":"NONE","seed_source_timestamp":26604969568400,"circlet_count":0,"master_deck":["AscendersBane","Strike_R","Strike_R+1","Strike_R+1","Strike_R+1","Defend_R+1","Defend_R","Defend_R","Bash+1","True Grit+1","Sword Boomerang"],"special_seed":0,"relics":["Burning Blood","Dodecahedron","Tiny Chest","Prayer Wheel"],"potions_floor_usage":[14],"damage_taken":[{"damage":2.0,"enemies":"Jaw Worm","floor":1.0,"turns":4.0},{"damage":8.0,"enemies":"Small Slimes","floor":5.0,"turns":3.0},{"damage":39.0,"enemies":"3 Sentries","floor":7.0,"turns":12.0},{"damage":27.0,"enemies":"Gremlin Nob","floor":11.0,"turns":4.0},{"damage":6.0,"enemies":"2 Louse","floor":12.0,"turns":3.0},{"damage":6,"enemies":"Exordium Wildlife","floor":14,"turns":2}],"seed_played":"-2302192110933733495","potions_obtained":[{"floor":5.0,"key":"PowerPotion"},{"floor":11.0,"key":"PowerPotion"}],"is_trial":false,"path_per_floor":["M","$","?","?","M","R","E","R","T","R","E","M","?","M"],"character_chosen":"IRONCLAD","items_purchased":[],"campfire_rested":0,"item_purchase_floors":[],"current_hp_per_floor":[72,72,49,67,65,65,32,32,32,32,11,11,4,0],"gold":153,"neow_bonus":"UPGRADE_CARD","is_prod":false,"is_daily":false,"chose_seed":false,"campfire_upgraded":3,"win_rate":0,"timestamp":1550010048,"path_taken":["M","$","?","?","M","R","E","R","T","R","E","M","?","M"],"build_version":"2019-01-23","purchased_purges":1,"victory":false,"max_hp_per_floor":[75,75,75,75,75,75,75,75,75,75,75,75,75,75],"card_choices":[{"not_picked":["Clash","Cleave"],"picked":"True Grit","floor":1.0},{"not_picked":["Rage","Cleave","Pommel Strike"],"picked":"SKIP","floor":5.0},{"not_picked":["Evolve","Pommel Strike","True Grit"],"picked":"SKIP","floor":7.0},{"not_picked":["True Grit","Rage","Shrug It Off"],"picked":"SKIP","floor":11.0},{"not_picked":["Sever Soul","Brutality"],"picked":"Sword Boomerang","floor":12.0},{"not_picked":["Armaments","Pommel Strike","Perfected Strike"],"picked":"SKIP","floor":12.0}],"player_experience":724513,"relics_obtained":[{"floor":7.0,"key":"Dodecahedron"},{"floor":9.0,"key":"Tiny Chest"},{"floor":11.0,"key":"Prayer Wheel"}],"event_choices":[{"damage_healed":0.0,"max_hp_gain":0.0,"max_hp_loss":0.0,"gold_gain":0.0,"event_name":"Shining Light","player_choice":"Entered Light","floor":3.0,"gold_loss":0.0,"damage_taken":23.0,"cards_upgraded":["Strike_R","Defend_R"]},{"damage_healed":18.0,"max_hp_gain":0.0,"max_hp_loss":0.0,"gold_gain":0.0,"event_name":"The Cleric","player_choice":"Healed","floor":4.0,"gold_loss":35.0,"damage_taken":0.0},{"cards_removed":["Strike_R"],"damage_healed":0.0,"max_hp_gain":0.0,"max_hp_loss":0.0,"gold_gain":0.0,"event_name":"Golden Wing","player_choice":"Card Removal","floor":13.0,"gold_loss":0.0,"damage_taken":7.0}],"is_beta":false,"boss_relics":[],"items_purged_floors":[2],"is_endless":false,"potions_floor_spawned":[5,11,12],"killed_by":"Exordium Wildlife","ascension_level":17}