{"gold_per_floor":[110,35,35,35,58,58,93,93,118,18,61,86,86],"floor_reached":13,"playtime":354,"items_purged":["Strike_B","Strike_B"],"score":91,"play_id":"a9e4e303-5538-4e0b-bd67-ad561a56eb6c","local_time":"20190128064450","is_ascension_mode":false,"campfire_choices":[{"data":"Double Energy","floor":6,"key":"SMITH"},{"floor":8,"key":"REST"}],"neow_cost":"TEN_PERCENT_HP_LOSS","seed_source_timestamp":1521363100017406,"circlet_count":0,"master_deck":["Strike_B","Strike_B","Defend_B","Defend_B","Defend_B","Zap","Dualcast","Seek","Double Energy+1","Undo","Coolheaded"],"relics":["Cracked Core","Golden Idol","Girya","PreservedInsect","Strawberry"],"potions_floor_usage":[7,11,11],"damage_taken":[{"damage":4,"enemies":"Small Slimes","floor":1,"turns":3},{"damage":1,"enemies":"2 Louse","floor":5,"turns":3},{"damage":36,"enemies":"Gremlin Nob","floor":7,"turns":5},{"damage":33,"enemies":"3 Sentries","floor":11,"turns":7},{"damage":0,"enemies":"Jaw Worm","floor":12,"turns":3},{"damage":19,"enemies":"Gremlin Gang","floor":13,"turns":3}],"seed_played":"-8143035097778469289","potions_obtained":[{"floor":1,"key":"Weak Potion"},{"floor":5,"key":"Weak Potion"},{"floor":7,"key":"FearPotion"}],"is_trial":false,"path_per_floor":["M","$","?","?","M","R","E","R","T","$","E","M","M"],"character_chosen":"DEFECT","items_purchased":[],"campfire_rested":1,"item_purchase_floors":[],"current_hp_per_floor":[64,64,57,57,56,56,20,38,38,38,12,12,0],"gold":86,"neow_bonus":"THREE_RARE_CARDS","is_prod":false,"is_daily":false,"chose_seed":false,"campfire_upgraded":1,"win_rate":0,"timestamp":1548657890,"path_taken":["M","$","?","?","M","R","E","R","T","?","E","?","M"],"build_version":"2019-01-23","purchased_purges":2,"victory":false,"max_hp_per_floor":[68,68,68,63,63,63,63,63,63,63,70,70,70],"card_choices":[{"not_picked":["Electrodynamics","Biased Cognition"],"picked":"Seek","floor":0},{"not_picked":["Streamline","Redo"],"picked":"Double Energy","floor":1},{"not_picked":["Rip and Tear","Reinforced Body","Hello World"],"picked":"SKIP","floor":5},{"not_picked":["Barrage","Conserve Battery","Leap"],"picked":"SKIP","floor":7},{"not_picked":["Conserve Battery","Barrage"],"picked":"Undo","floor":11},{"not_picked":["Streamline","Consume"],"picked":"Coolheaded","floor":12}],"player_experience":502132,"relics_obtained":[{"floor":7,"key":"Girya"},{"floor":9,"key":"PreservedInsect"},{"floor":11,"key":"Strawberry"}],"event_choices":[{"cards_removed":["Defend_B"],"damage_healed":0,"gold_gain":0,"player_choice":"Card Removal","damage_taken":7,"max_hp_gain":0,"max_hp_loss":0,"event_name":"Golden Wing","floor":3,"gold_loss":0},{"damage_healed":0,"gold_gain":0,"player_choice":"Lose Max HP","damage_taken":0,"relics_obtained":["Golden Idol"],"max_hp_gain":0,"max_hp_loss":5,"event_name":"Golden Idol","floor":4,"gold_loss":0}],"is_beta":true,"boss_relics":[],"items_purged_floors":[2,10],"is_endless":false,"potions_floor_spawned":[1,5,7],"killed_by":"Gremlin Gang","ascension_level":0}