{"gold_per_floor":[99,47,47,47,47,47,47,47,47,47,47,0,0,0,0,0,0,0,0,0,0,0,0,0,0,0,0,0,0,0,0,0,0,0,0,0,0,0,0,0,0,0,0,0,0,0,0,0,0,0],"floor_reached":50,"playtime":1795,"items_purged":[],"score":1174,"play_id":"f3d27121-c452-4556-9172-66e2984a83a2","local_time":"20190202005650","is_ascension_mode":true,"campfire_choices":[{"data":"Bash","floor":6.0,"key":"SMITH"},{"data":"True Grit","floor":8.0,"key":"SMITH"},{"data":"Clothesline","floor":10.0,"key":"SMITH"},{"data":"Pommel Strike","floor":15,"key":"SMITH"},{"data":"Shrug It Off","floor":23,"key":"SMITH"},{"floor":30,"key":"REST"},{"data":"Spot Weakness","floor":32,"key":"SMITH"},{"data":"Metallicize","floor":40,"key":"SMITH"},{"data":"True Grit","floor":45,"key":"SMITH"},{"floor":49,"key":"REST"}],"neow_cost":"NONE","seed_source_timestamp":17224681673551,"circlet_count":0,"master_deck":["AscendersBane","Defend_R","Defend_R","Defend_R","Defend_R+1","Bash+1","Clothesline+1","Shrug It Off+1","Pommel Strike+1","Power Through","True Grit+1","Seeing Red+1","Impervious","Impervious","Wild Strike+1","Bite+1","Bite+1","Bite+1","Bite+1","Second Wind+1","Whirlwind+1","Spot Weakness+1","Feel No Pain","Immolate+1","Heavy Blade+1","Metallicize+1","Shrug It Off+1","Burning Pact+1","True Grit+1","Reaper+1","Disarm+1","Feel No Pain+1","Flame Barrier","Fiend Fire+1"],"special_seed":0,"relics":["Ectoplasm","WarpedTongs","Bag of Preparation","Oddly Smooth Stone","Molten Egg 2","Sozu","Letter Opener","Nloth\u0027s Gift","War Paint","Orrery","Red Mask","Thread and Needle","Boot","Blue Candle","Self Forming Clay"],"potions_floor_usage":[18,33],"damage_taken":[{"damage":9.0,"enemies":"Small Slimes","floor":1.0,"turns":4.0},{"damage":2.0,"enemies":"Cultist","floor":4.0,"turns":3.0},{"damage":5.0,"enemies":"Jaw Worm","floor":5.0,"turns":3.0},{"damage":20.0,"enemies":"3 Sentries","floor":7.0,"turns":11.0},{"damage":3.0,"enemies":"2 Fungi Beasts","floor":11.0,"turns":3.0},{"damage":1,"enemies":"Lagavulin","floor":13,"turns":5},{"damage":11,"enemies":"Hexaghost","floor":16,"turns":11},{"damage":2,"enemies":"2 Thieves","floor":18,"turns":4},{"damage":0,"enemies":"Shell Parasite","floor":22,"turns":5},{"damage":10,"enemies":"Cultist and Chosen","floor":24,"turns":8},{"damage":30,"enemies":"Slavers","floor":27,"turns":7},{"damage":0,"enemies":"Gremlin Leader","floor":31,"turns":5},{"damage":69,"enemies":"Automaton","floor":33,"turns":12},{"damage":0,"enemies":"Orb Walker","floor":35,"turns":2},{"damage":0,"enemies":"3 Shapes","floor":36,"turns":8},{"damage":10,"enemies":"Sphere and 2 Shapes","floor":39,"turns":6},{"damage":10,"enemies":"Mind Bloom Boss Battle","floor":41,"turns":9},{"damage":72,"enemies":"Giant Head","floor":47,"turns":11},{"damage":0,"enemies":"Jaw Worm Horde","floor":48,"turns":5},{"damage":68,"enemies":"Time Eater","floor":50,"turns":18}],"seed_played":"8706416804120423397","potions_obtained":[{"floor":1.0,"key":"Regen Potion"},{"floor":11.0,"key":"BloodPotion"},{"floor":16,"key":"SteroidPotion"}],"is_trial":false,"path_per_floor":["M","$","?","M","M","R","E","R","T","R","M","?","E","?","R","B",null,"M","$","?","?","M","R","M","?","T","E","?","?","R","E","R","B",null,"M","M","?","?","M","R","?","$","T","T","R","?","E","M","R","B"],"character_chosen":"IRONCLAD","items_purchased":["Shrug It Off"],"campfire_rested":2,"item_purchase_floors":[2],"current_hp_per_floor":[59,59,59,57,52,52,47,47,47,47,44,44,43,36,36,25,63,61,61,52,52,52,52,52,39,39,27,27,27,44,57,57,7,45,54,57,57,54,50,50,54,54,54,54,54,54,16,31,47,0],"gold":0,"neow_bonus":"BOSS_RELIC","is_prod":false,"is_daily":false,"chose_seed":false,"campfire_upgraded":8,"win_rate":0,"timestamp":1549097810,"path_taken":["M","$","?","M","?","R","E","R","T","R","M","?","E","?","R","BOSS","M","$","?","?","M","R","M","?","T","E","?","?","R","E","R","BOSS","M","?","?","?","M","R","?","$","T","?","R","?","E","?","R","BOSS"],"build_version":"2019-01-23","purchased_purges":0,"victory":false,"max_hp_per_floor":[75,75,75,75,75,75,75,75,75,75,75,75,75,75,75,75,75,75,75,52,52,52,52,52,57,57,57,57,57,57,57,57,57,57,57,57,57,54,54,54,54,54,54,54,54,54,54,54,54,54],"card_choices":[{"not_picked":["Entrench","Iron Wave"],"picked":"Clothesline","floor":1.0},{"not_picked":["Havoc","Body Slam"],"picked":"Pommel Strike","floor":4.0},{"not_picked":["Clash","Pummel"],"picked":"Power Through","floor":5.0},{"not_picked":["Wild Strike","Rampage"],"picked":"True Grit","floor":7.0},{"not_picked":["Brutality","Hemokinesis"],"picked":"Seeing Red","floor":11.0},{"not_picked":["Fire Breathing","Berserk"],"picked":"Impervious","floor":13},{"not_picked":["Exhume","Berserk"],"picked":"Impervious","floor":16},{"not_picked":["Iron Wave+1","True Grit"],"picked":"Wild Strike+1","floor":18},{"not_picked":["Flex","Shrug It Off"],"picked":"Second Wind+1","floor":22},{"not_picked":["Pummel+1","Clash+1"],"picked":"Whirlwind+1","floor":24},{"not_picked":["Rage","Dropkick+1"],"picked":"Spot Weakness","floor":27},{"not_picked":["Thunderclap+1","Impervious"],"picked":"Feel No Pain","floor":31},{"not_picked":["Bludgeon+1","Barricade"],"picked":"Immolate+1","floor":33},{"not_picked":["True Grit","Pummel+1"],"picked":"Heavy Blade+1","floor":34},{"not_picked":["Anger+1","Pummel+1"],"picked":"Metallicize","floor":34},{"not_picked":["Berserk","Cleave+1"],"picked":"Shrug It Off+1","floor":34},{"not_picked":["Perfected Strike+1","Clash+1"],"picked":"Burning Pact+1","floor":34},{"not_picked":["Clash+1","Offering"],"picked":"True Grit","floor":34},{"not_picked":["Combust","Dark Embrace"],"picked":"Reaper+1","floor":35},{"not_picked":["Pommel Strike+1","Shrug It Off+1"],"picked":"Disarm+1","floor":36},{"not_picked":["Iron Wave+1","Burning Pact"],"picked":"Feel No Pain+1","floor":39},{"not_picked":["Second Wind","Flex"],"picked":"Flame Barrier","floor":47},{"not_picked":["Double Tap","Twin Strike+1"],"picked":"Fiend Fire+1","floor":48}],"player_experience":1088138,"relics_obtained":[{"floor":7.0,"key":"Bag of Preparation"},{"floor":9.0,"key":"Oddly Smooth Stone"},{"floor":13,"key":"Molten Egg 2"},{"floor":26,"key":"Letter Opener"},{"floor":27,"key":"Dream Catcher"},{"floor":31,"key":"War Paint"},{"floor":41,"key":"Thread and Needle"},{"floor":43,"key":"Boot"},{"floor":44,"key":"Blue Candle"},{"floor":47,"key":"Self Forming Clay"}],"event_choices":[{"damage_healed":0.0,"max_hp_gain":0.0,"max_hp_loss":0.0,"gold_gain":0.0,"event_name":"Accursed Blacksmith","player_choice":"Rummage","floor":3.0,"gold_loss":0.0,"damage_taken":0.0,"relics_obtained":["WarpedTongs"],"cards_obtained":["Pain"]},{"damage_healed":0,"gold_gain":0,"player_choice":"Left Gold","damage_taken":0,"max_hp_gain":0,"max_hp_loss":0,"event_name":"World of Goop","floor":12,"gold_loss":47},{"cards_removed":["Pain"],"damage_healed":0,"gold_gain":0,"player_choice":"Card Removal","damage_taken":7,"max_hp_gain":0,"max_hp_loss":0,"event_name":"Golden Wing","floor":14,"gold_loss":0},{"damage_healed":0,"gold_gain":0,"player_choice":"Became a vampire","damage_taken":0,"max_hp_gain":0,"max_hp_loss":23,"event_name":"Vampires","floor":20,"gold_loss":0,"cards_obtained":["Bite","Bite","Bite","Bite","Bite"]},{"damage_healed":0,"gold_gain":0,"player_choice":"Shed Blood","damage_taken":18,"max_hp_gain":5,"max_hp_loss":0,"event_name":"Forgotten Altar","floor":25,"gold_loss":0},{"damage_healed":0,"gold_gain":0,"player_choice":"Traded Relic","damage_taken":0,"relics_obtained":["Nloth\u0027s Gift"],"max_hp_gain":0,"max_hp_loss":0,"event_name":"N\u0027loth","floor":29,"relics_lost":["Dream Catcher"],"gold_loss":0},{"damage_healed":0,"gold_gain":0,"player_choice":"Paid","damage_taken":0,"relics_obtained":["Red Mask"],"max_hp_gain":0,"max_hp_loss":0,"event_name":"Tomb of Lord Red Mask","floor":37,"gold_loss":0},{"damage_healed":0,"gold_gain":0,"player_choice":"Max HP","damage_taken":0,"max_hp_gain":0,"max_hp_loss":3,"event_name":"Winding Halls","floor":38,"gold_loss":0},{"damage_healed":0,"gold_gain":0,"player_choice":"Fight","damage_taken":0,"max_hp_gain":0,"max_hp_loss":0,"event_name":"MindBloom","floor":41,"gold_loss":0},{"cards_removed":["Bite"],"damage_healed":0,"gold_gain":0,"player_choice":"Removed Attack","damage_taken":0,"max_hp_gain":0,"max_hp_loss":0,"event_name":"Falling","floor":46,"gold_loss":0}],"is_beta":true,"boss_relics":[{"not_picked":["Lizard Tail","Velvet Choker"],"picked":"Sozu"},{"not_picked":["Empty Cage","Runic Dome"],"picked":"Orrery"}],"items_purged_floors":[],"is_endless":false,"potions_floor_spawned":[1,11,16,22,24,27,35,36,41],"killed_by":"Time Eater","ascension_level":20}