{"gold_per_floor":[116,135,135,46,63,63,73,73,73,91,91,105,119,139,139,239,239,253,178,191,141,153,153,167,167,167,28,0,0],"floor_reached":29,"playtime":2465,"items_purged":[],"score":219,"play_id":"ae6c6275-55d3-40a0-a7c4-cb8fdd3775c4","local_time":"20190127022205","is_ascension_mode":false,"campfire_choices":[{"data":"Quick Slash","floor":6,"key":"SMITH"},{"floor":15,"key":"REST"},{"floor":23,"key":"REST"}],"neow_cost":"PERCENT_DAMAGE","seed_source_timestamp":0,"circlet_count":0,"master_deck":["Defend_G","Defend_G","Defend_G","Defend_G","Strike_G","Strike_G","Strike_G","Survivor","Neutralize","Noxious Fumes","Dagger Spray","Quick Slash+1","Catalyst","Flying Knee","Dagger Throw","Dodge and Roll","A Thousand Cuts+1","Terror","Leg Sweep","Escape Plan","Phantasmal Killer","Backstab","Choke","Dash+1","PiercingWail","Riddle With Holes+1","Poisoned Stab","Glass Knife"],"special_seed":0,"relics":["Ring of the Snake","Bottled Flame","WristBlade","Sundial"],"potions_floor_usage":[],"damage_taken":[{"damage":0,"enemies":"2 Louse","floor":1,"turns":3},{"damage":0,"enemies":"Cultist","floor":2,"turns":5},{"damage":7,"enemies":"Jaw Worm","floor":5,"turns":4},{"damage":0,"enemies":"Looter","floor":7,"turns":4},{"damage":4,"enemies":"Red Slaver","floor":10,"turns":5},{"damage":9,"enemies":"2 Fungi Beasts","floor":12,"turns":3},{"damage":10,"enemies":"Blue Slaver","floor":13,"turns":4},{"damage":26,"enemies":"Gremlin Gang","floor":14,"turns":4},{"damage":21,"enemies":"Slime Boss","floor":16,"turns":8},{"damage":18,"enemies":"Chosen","floor":18,"turns":5},{"damage":10,"enemies":"2 Thieves","floor":19,"turns":5},{"damage":15,"enemies":"Chosen and Byrds","floor":20,"turns":7},{"damage":18,"enemies":"Snecko","floor":22,"turns":5},{"damage":23,"enemies":"Centurion and Healer","floor":24,"turns":7},{"damage":14,"enemies":"Sentry and Sphere","floor":29,"turns":3}],"seed_played":"2898509289904293307","potions_obtained":[{"floor":1,"key":"SmokeBomb"},{"floor":2,"key":"GhostInAJar"},{"floor":5,"key":"FearPotion"}],"is_trial":false,"path_per_floor":["M","M","?","$","M","R","M","?","T","M","?","M","M","M","R","B",null,"M","M","M","$","M","R","M","?","T","$","?","M"],"character_chosen":"THE_SILENT","items_purchased":["Quick Slash","Catalyst","PiercingWail","Glass Knife"],"campfire_rested":2,"item_purchase_floors":[4,4,21,27],"current_hp_per_floor":[49,49,70,70,63,63,63,63,63,59,59,50,40,14,35,14,70,52,42,27,27,9,30,7,7,7,7,7,0],"gold":0,"neow_bonus":"REMOVE_TWO","is_prod":false,"is_daily":false,"chose_seed":false,"campfire_upgraded":1,"win_rate":0.0,"timestamp":1548577325,"path_taken":["M","M","?","$","?","R","M","?","T","M","?","M","?","M","R","BOSS","M","M","M","$","M","R","M","?","T","$","?","M"],"build_version":"2019-01-23","purchased_purges":0,"victory":false,"max_hp_per_floor":[70,70,70,70,70,70,70,70,70,70,70,70,70,70,70,70,70,70,70,70,70,70,70,70,70,70,70,70,70],"card_choices":[{"not_picked":["Quick Slash","Heel Hook"],"picked":"Noxious Fumes","floor":1},{"not_picked":["Noxious Fumes","Flying Knee"],"picked":"Dagger Spray","floor":2},{"not_picked":["Reflex","Expertise"],"picked":"Flying Knee","floor":5},{"not_picked":["Acrobatics","PiercingWail"],"picked":"Dagger Throw","floor":7},{"not_picked":["Quick Slash","Footwork"],"picked":"A Thousand Cuts","floor":10},{"not_picked":["Skewer","Sucker Punch"],"picked":"Terror","floor":12},{"not_picked":["Endless Agony","Sucker Punch"],"picked":"Leg Sweep","floor":13},{"not_picked":["Masterful Stab","Acrobatics"],"picked":"Escape Plan","floor":14},{"not_picked":["Malaise","Night Terror"],"picked":"Phantasmal Killer","floor":16},{"not_picked":["Reflex+1","Sucker Punch"],"picked":"Backstab","floor":18},{"not_picked":["Catalyst","Distraction+1"],"picked":"Choke","floor":19},{"not_picked":["Prepared","Slice"],"picked":"Dash+1","floor":20},{"not_picked":["Quick Slash","Backflip"],"picked":"Riddle With Holes+1","floor":22},{"not_picked":["Slice","Outmaneuver+1"],"picked":"Poisoned Stab","floor":24}],"player_experience":12407,"relics_obtained":[{"floor":9,"key":"Bottled Flame"},{"floor":26,"key":"Sundial"}],"event_choices":[{"damage_healed":21,"gold_gain":0,"player_choice":"Full Heal","damage_taken":0,"max_hp_gain":0,"max_hp_loss":0,"event_name":"Wheel of Change","floor":3,"gold_loss":0},{"damage_healed":0,"gold_gain":0,"cards_transformed":["Defend_G"],"player_choice":"Change","damage_taken":0,"max_hp_gain":0,"max_hp_loss":0,"event_name":"Living Wall","floor":8,"gold_loss":0,"cards_obtained":["Dodge and Roll"]},{"damage_healed":0,"gold_gain":0,"player_choice":"Upgraded","damage_taken":0,"max_hp_gain":0,"max_hp_loss":0,"event_name":"Upgrade Shrine","floor":11,"gold_loss":0,"cards_upgraded":["A Thousand Cuts"]},{"damage_healed":0,"gold_gain":0,"player_choice":"Ignored","damage_taken":0,"max_hp_gain":0,"max_hp_loss":0,"event_name":"Beggar","floor":25,"gold_loss":0},{"damage_healed":0,"gold_gain":0,"player_choice":"Paid Fearfully","damage_taken":0,"max_hp_gain":0,"max_hp_loss":0,"event_name":"Masked Bandits","floor":28,"gold_loss":28}],"is_beta":false,"boss_relics":[{"not_picked":["Coffee Dripper","Snecko Eye"],"picked":"WristBlade"}],"items_purged_floors":[],"is_endless":false,"potions_floor_spawned":[1,2,5,12,14,20,24],"killed_by":"Sentry and Sphere","ascension_level":0}