{"gold_per_floor":[118,137,212,212,226,226,254,254,254,82,102,102,116,136,136,212,212,230,258,30,48,48,48,48,73,73,19,35,45,45,45,45,45],"floor_reached":33,"playtime":2355,"items_purged":["Strike_R","Strike_R"],"score":437,"play_id":"8e98f3a6-46ff-4e8b-8852-63ae45462fc7","local_time":"20190128010019","is_ascension_mode":true,"campfire_choices":[{"data":"Anger","floor":6,"key":"SMITH"},{"data":"Headbutt","floor":8,"key":"SMITH"},{"data":"Metallicize","floor":15,"key":"SMITH"},{"floor":23,"key":"REST"},{"floor":30,"key":"REST"},{"data":"True Grit","floor":32,"key":"SMITH"}],"neow_cost":"NONE","seed_source_timestamp":3149758006701,"circlet_count":0,"master_deck":["AscendersBane","Strike_R","Strike_R","Defend_R+1","Defend_R+1","Defend_R","Defend_R","Bash+1","Anger+1","Headbutt+1","Shockwave","Cleave","Evolve","Metallicize+1","Offering","Shrug It Off","Shockwave","True Grit+1"],"relics":["Burning Blood","Bottled Flame","War Paint","Pen Nib","Happy Flower","Mark of Pain","Red Mask","Molten Egg 2","Turnip"],"potions_floor_usage":[16,21,25,33,33],"damage_taken":[{"damage":3,"enemies":"Small Slimes","floor":1,"turns":4},{"damage":9,"enemies":"Jaw Worm","floor":2,"turns":4},{"damage":1,"enemies":"Cultist","floor":5,"turns":3},{"damage":30,"enemies":"Lagavulin","floor":7,"turns":5},{"damage":2,"enemies":"2 Fungi Beasts","floor":11,"turns":3},{"damage":5,"enemies":"3 Louse","floor":13,"turns":2},{"damage":3,"enemies":"Looter","floor":14,"turns":2},{"damage":9,"enemies":"Hexaghost","floor":16,"turns":9},{"damage":21,"enemies":"Spheric Guardian","floor":18,"turns":5},{"damage":24,"enemies":"Masked Bandits","floor":19,"turns":5},{"damage":18,"enemies":"2 Thieves","floor":21,"turns":3},{"damage":17,"enemies":"Slavers","floor":25,"turns":6},{"damage":16,"enemies":"Centurion and Healer","floor":28,"turns":5},{"damage":19,"enemies":"Snecko","floor":29,"turns":8},{"damage":56,"enemies":"Collector","floor":33,"turns":10}],"seed_played":"8971349515734055619","potions_obtained":[{"floor":2,"key":"Swift Potion"},{"floor":7,"key":"SkillPotion"},{"floor":16,"key":"SneckoOil"},{"floor":18,"key":"Fire Potion"},{"floor":21,"key":"Ancient Potion"},{"floor":29,"key":"Ancient Potion"}],"is_trial":false,"path_per_floor":["M","M","?","T","M","R","E","R","T","$","M","?","M","M","R","B",null,"M","?","$","M","?","R","?","E","T","$","M","M","R","?","R","B"],"character_chosen":"IRONCLAD","items_purchased":["Shockwave","Cleave","Shrug It Off","Shockwave","True Grit"],"campfire_rested":2,"item_purchase_floors":[10,10,20,20,27],"current_hp_per_floor":[75,72,61,61,66,66,42,42,42,42,46,28,29,32,32,29,67,52,34,34,22,22,46,46,35,35,35,25,12,36,36,36,0],"gold":45,"neow_bonus":"UPGRADE_CARD","is_prod":false,"is_daily":false,"chose_seed":false,"campfire_upgraded":4,"win_rate":0,"timestamp":1548666019,"path_taken":["M","M","?","?","M","R","E","R","T","$","?","?","M","M","R","BOSS","M","?","$","M","?","R","?","E","T","$","?","M","R","?","R","BOSS"],"build_version":"2019-01-23","purchased_purges":2,"victory":false,"max_hp_per_floor":[80,80,80,80,80,80,80,80,80,80,80,80,80,80,80,80,80,80,80,80,80,80,80,80,80,80,80,80,80,80,80,80,80],"card_choices":[{"not_picked":["Havoc","Clash"],"picked":"Anger","floor":1},{"not_picked":["Twin Strike","Clash"],"picked":"Headbutt","floor":2},{"not_picked":["Seeing Red","Clash","Warcry"],"picked":"SKIP","floor":5},{"not_picked":["Warcry","Anger","Corruption"],"picked":"SKIP","floor":7},{"not_picked":["Pummel","Infernal Blade"],"picked":"Evolve","floor":11},{"not_picked":["Flex","Sever Soul"],"picked":"Metallicize","floor":13},{"not_picked":["Havoc","Warcry","Armaments"],"picked":"SKIP","floor":14},{"not_picked":["Limit Break","Juggernaut"],"picked":"Offering","floor":16},{"not_picked":["Combust","Carnage","Wild Strike"],"picked":"SKIP","floor":18},{"not_picked":["Armaments+1","Evolve","Intimidate"],"picked":"SKIP","floor":21},{"not_picked":["Iron Wave+1","Flex","Offering"],"picked":"SKIP","floor":25},{"not_picked":["Dropkick+1","Warcry","True Grit"],"picked":"SKIP","floor":28},{"not_picked":["Combust","Carnage+1","Armaments"],"picked":"SKIP","floor":29}],"player_experience":415389,"relics_obtained":[{"floor":4,"key":"Bottled Flame"},{"floor":7,"key":"War Paint"},{"floor":9,"key":"Pen Nib"},{"floor":19,"key":"Red Mask"},{"floor":25,"key":"Molten Egg 2"},{"floor":26,"key":"Turnip"}],"event_choices":[{"damage_healed":0,"gold_gain":75,"player_choice":"Gather Gold","damage_taken":11,"max_hp_gain":0,"max_hp_loss":0,"event_name":"World of Goop","floor":3,"gold_loss":0},{"damage_healed":0,"gold_gain":0,"player_choice":"Success","damage_taken":18,"relics_obtained":["Happy Flower"],"max_hp_gain":0,"max_hp_loss":0,"event_name":"Scrap Ooze","floor":12,"gold_loss":0},{"damage_healed":0,"gold_gain":0,"player_choice":"Fought Bandits","damage_taken":0,"max_hp_gain":0,"max_hp_loss":0,"event_name":"Masked Bandits","floor":19,"gold_loss":0},{"damage_healed":0,"gold_gain":0,"player_choice":"Ignored","damage_taken":0,"max_hp_gain":0,"max_hp_loss":0,"event_name":"Vampires","floor":24,"gold_loss":0},{"cards_removed":["Strike_R"],"damage_healed":0,"gold_gain":0,"player_choice":"Purged","damage_taken":0,"max_hp_gain":0,"max_hp_loss":0,"event_name":"Purifier","floor":31,"gold_loss":0}],"is_beta":false,"boss_relics":[{"not_picked":["Calling Bell","Busted Crown"],"picked":"Mark of Pain"}],"items_purged_floors":[10,20],"is_endless":false,"potions_floor_spawned":[2,7,16,18,21,29],"killed_by":"Collector","ascension_level":13}