{"path_per_floor":["M","M","?","T","$","E","R","M","T","M","M","R","$","T","R","B",null,"M","?","M","$","?","R","T","M","T","$","R","M","M","M","R","B",null,"M","M","$","M","M","R","?","M","T","M","M","$","R","M","R","B"],"character_chosen":"DEFECT","items_purchased":["Tiny Chest","Go for the Eyes","Flash of Steel","Regen Potion","Flash of Steel","Strength Potion"],"gold_per_floor":[110,130,130,178,7,36,36,46,125,136,146,146,3,52,52,152,182,194,194,208,28,28,28,28,39,39,39,39,52,71,82,82,181,181,198,216,118,138,152,152,152,167,216,226,239,189,189,206,206,206],"floor_reached":51,"campfire_rested":1,"playtime":2008,"current_hp_per_floor":[74,74,67,67,67,36,36,36,36,21,19,41,41,41,41,16,80,68,68,39,39,39,39,39,25,25,25,25,25,25,25,25,25,80,80,80,80,80,80,80,80,80,80,47,38,38,38,38,38,38],"items_purged":["Defend_B","Amplify","Strike_B"],"gold":206,"score":778,"play_id":"5415b459-a323-45cf-9eff-95368777ad0e","local_time":"20180506213610","is_prod":false,"is_daily":false,"chose_seed":false,"is_ascension_mode":false,"campfire_upgraded":2,"timestamp":1525667770,"path_taken":["M","M","?","?","$","E","R","?","T","M","M","R","$","?","R","BOSS","M","?","M","$","?","R","?","M","T","$","R","?","M","M","R","BOSS","M","M","$","M","M","R","?","?","T","M","M","$","R","M","R","BOSS"],"build_version":"2018-05-03","seed_source_timestamp":1653064609961879,"purchased_purges":3,"victory":true,"master_deck":["Zap+1","Dualcast+1","Skim+1","Flash of Steel+1","Seek","Flash of Steel+1","Seek","Melter+1"],"max_hp_per_floor":[75,75,75,75,75,75,75,75,75,75,75,75,75,75,75,75,80,80,80,80,80,80,80,80,80,80,80,80,80,80,80,80,80,80,80,80,80,80,80,80,80,80,80,80,80,80,80,80,80,80],"relics":["Cracked Core","Pen Nib","Tiny Chest","Peace Pipe","Ancient Tea Set","Tiny House","Nloth\u0027s Gift","Bag of Preparation","Smiling Mask","Astrolabe","Whetstone"],"card_choices":[{"not_picked":["Ball Lightning","Steam Power"],"picked":"Skim","floor":1},{"not_picked":["Coolheaded","Hologram"],"picked":"Skim","floor":10},{"not_picked":["Creative AI","Fission"],"picked":"Seek","floor":16},{"not_picked":["All For One","Rainbow"],"picked":"Seek","floor":33}],"player_experience":164927,"potions_floor_usage":[16,16,18,20,25,33,44],"damage_taken":[{"damage":1,"enemies":"Jaw Worm","floor":1,"turns":3},{"damage":0,"enemies":"2 Louse","floor":2,"turns":2},{"damage":31,"enemies":"Gremlin Nob","floor":6,"turns":5},{"damage":0,"enemies":"Cultist","floor":8,"turns":2},{"damage":15,"enemies":"Exordium Wildlife","floor":10,"turns":3},{"damage":2,"enemies":"Looter","floor":11,"turns":3},{"damage":40,"enemies":"Slime Boss","floor":16,"turns":8},{"damage":12,"enemies":"3 Byrds","floor":18,"turns":3},{"damage":38,"enemies":"2 Thieves","floor":20,"turns":4},{"damage":20,"enemies":"Snake Plant","floor":25,"turns":4},{"damage":0,"enemies":"Snecko","floor":29,"turns":1},{"damage":0,"enemies":"Slaver and Parasite","floor":30,"turns":1},{"damage":0,"enemies":"Cultist and Chosen","floor":31,"turns":1},{"damage":0,"enemies":"Champ","floor":33,"turns":1},{"damage":0,"enemies":"Flame Bruiser 1 Orb","floor":35,"turns":1},{"damage":0,"enemies":"Orb Walker","floor":36,"turns":1},{"damage":0,"enemies":"Sphere and 2 Shapes","floor":38,"turns":1},{"damage":0,"enemies":"Flame Bruiser 2 Orb","floor":39,"turns":1},{"damage":0,"enemies":"Spire Growth","floor":42,"turns":1},{"damage":33,"enemies":"4 Shapes","floor":44,"turns":1},{"damage":9,"enemies":"Sphere and 2 Shapes","floor":45,"turns":1},{"damage":0,"enemies":"Spire Growth","floor":48,"turns":1},{"damage":0,"enemies":"Donu and Deca","floor":50,"turns":1}],"event_choices":[{"event_name":"Golden Wing","player_choice":"Card Removal","floor":3,"damage_taken":0},{"event_name":"N\u0027loth","player_choice":"Traded a Letter Opener","floor":19,"damage_taken":0},{"event_name":"Ghosts","player_choice":"Ignored","floor":22,"damage_taken":0},{"event_name":"Mysterious Sphere","player_choice":"Ignore","floor":41,"damage_taken":0}],"boss_relics":[{"not_picked":["Inserter","Runic Pyramid"],"picked":"Tiny House"},{"not_picked":["Eternal Feather","Velvet Choker"],"picked":"Astrolabe"}],"potions_floor_spawned":[11,16,20,29,31,35,36,44,45],"seed_played":"-417982029214817722","ascension_level":0,"is_trial":false}