{"gold_per_floor":[109,109,184,184,204,232,251,581,581,51,78,78,93,109,109,208,208,223,223,239,239,250,250,261,261,284,284,313,313,313,238,238,238],"floor_reached":33,"playtime":1219,"items_purged":["Decay"],"score":431,"play_id":"9101f767-3f69-467a-9a19-27af1f6ba7e8","local_time":"20190125225339","is_ascension_mode":true,"campfire_choices":[{"floor":12,"key":"REST"},{"data":"Discovery","floor":15,"key":"SMITH"},{"data":"Static Discharge","floor":23,"key":"SMITH"},{"data":"Seek","floor":25,"key":"SMITH"},{"data":"Self Repair","floor":29,"key":"SMITH"},{"floor":32,"key":"REST"}],"neow_cost":"NONE","seed_source_timestamp":1319418430952873,"circlet_count":0,"master_deck":["Strike_B","Strike_B","Defend_B","Defend_B","Defend_B","Defend_B","Zap","Dualcast","Cold Snap","Barrage","Static Discharge+1","Tempest","Thunder Strike","Defragment","Discovery+1","Auto Shields","Seek+1","Self Repair+1","Beam Cell","Go for the Eyes","Redo+1","Conserve Battery+1","Loop"],"relics":["Cracked Core","NeowsBlessing","Boot","WingedGreaves","Old Coin","Meat on the Bone","Bird Faced Urn","Cables","Nuclear Battery","Shuriken","Orichalcum","Lantern","Ginger"],"potions_floor_usage":[8,14,20,22,24,33],"damage_taken":[{"damage":0,"enemies":"Cultist","floor":1,"turns":1},{"damage":0,"enemies":"Jaw Worm","floor":5,"turns":1},{"damage":0,"enemies":"3 Sentries","floor":6,"turns":1},{"damage":0,"enemies":"Small Slimes","floor":7,"turns":3},{"damage":40,"enemies":"Gremlin Nob","floor":8,"turns":5},{"damage":30,"enemies":"Lagavulin","floor":11,"turns":5},{"damage":14,"enemies":"Exordium Thugs","floor":13,"turns":3},{"damage":11,"enemies":"Gremlin Gang","floor":14,"turns":4},{"damage":36,"enemies":"Slime Boss","floor":16,"turns":5},{"damage":14,"enemies":"Shell Parasite","floor":18,"turns":5},{"damage":2,"enemies":"Chosen","floor":20,"turns":2},{"damage":24,"enemies":"Centurion and Healer","floor":22,"turns":7},{"damage":29,"enemies":"3 Cultists","floor":24,"turns":5},{"damage":29,"enemies":"Gremlin Leader","floor":28,"turns":7},{"damage":60,"enemies":"Collector","floor":33,"turns":5}],"seed_played":"-4086807380488081505","potions_obtained":[{"floor":7,"key":"Regen Potion"},{"floor":11,"key":"EssenceOfSteel"},{"floor":13,"key":"Swift Potion"},{"floor":16,"key":"GamblersBrew"},{"floor":20,"key":"Energy Potion"},{"floor":22,"key":"Weak Potion"},{"floor":28,"key":"SteroidPotion"}],"is_trial":false,"path_per_floor":["M","?","?","?","M","E","M","E","T","$","E","R","M","M","R","B",null,"M","?","M","?","M","R","M","R","T","?","E","R","T","?","R","B"],"character_chosen":"DEFECT","items_purchased":["Defragment","Bird Faced Urn","Discovery"],"campfire_rested":2,"item_purchase_floors":[10,10,10],"current_hp_per_floor":[68,65,54,54,54,54,54,28,28,28,14,36,38,43,43,23,62,52,52,59,59,50,50,46,46,46,32,28,28,28,28,52,0],"gold":238,"neow_bonus":"THREE_ENEMY_KILL","is_prod":false,"is_daily":false,"chose_seed":false,"campfire_upgraded":4,"win_rate":0,"timestamp":1548456819,"path_taken":["M","?","?","?","M","E","?","E","T","$","E","R","M","M","R","BOSS","M","?","M","?","?","R","?","R","T","?","E","R","?","?","R","BOSS"],"build_version":"2019-01-23","purchased_purges":1,"victory":false,"max_hp_per_floor":[75,75,75,75,75,75,75,75,75,75,75,75,75,75,75,75,75,75,75,75,75,75,75,75,75,75,80,80,80,80,80,80,80],"card_choices":[{"not_picked":["Compile Driver","Stack"],"picked":"Cold Snap","floor":1},{"not_picked":["Beam Cell","Gash"],"picked":"Barrage","floor":5},{"not_picked":["Compile Driver","Conserve Battery"],"picked":"Static Discharge","floor":6},{"not_picked":["Streamline","Barrage"],"picked":"Tempest","floor":7},{"not_picked":["Cold Snap","Stack"],"picked":"Thunder Strike","floor":8},{"not_picked":["Thunder Strike","Compile Driver","Cold Snap"],"picked":"SKIP","floor":11},{"not_picked":["Rebound","Beam Cell"],"picked":"Auto Shields","floor":13},{"not_picked":["Streamline","Beam Cell","Barrage"],"picked":"SKIP","floor":14},{"not_picked":["Thunder Strike","Rainbow"],"picked":"Seek","floor":16},{"not_picked":["Darkness","Stack"],"picked":"Self Repair","floor":18},{"not_picked":["Steam","Cold Snap","Hologram"],"picked":"SKIP","floor":20},{"not_picked":["Sweeping Beam+1","FTL"],"picked":"Redo+1","floor":22},{"not_picked":["Undo","Streamline"],"picked":"Conserve Battery+1","floor":24},{"not_picked":["Gash","Recycle"],"picked":"Loop","floor":28}],"player_experience":477376,"relics_obtained":[{"floor":6,"key":"WingedGreaves"},{"floor":8,"key":"Old Coin"},{"floor":9,"key":"Meat on the Bone"},{"floor":11,"key":"Cables"},{"floor":26,"key":"Orichalcum"},{"floor":28,"key":"Lantern"},{"floor":30,"key":"Ginger"}],"event_choices":[{"damage_healed":0,"gold_gain":0,"player_choice":"Success","damage_taken":3,"relics_obtained":["Boot"],"max_hp_gain":0,"max_hp_loss":0,"event_name":"Scrap Ooze","floor":2,"gold_loss":0},{"damage_healed":0,"gold_gain":75,"player_choice":"Gather Gold","damage_taken":11,"max_hp_gain":0,"max_hp_loss":0,"event_name":"World of Goop","floor":3,"gold_loss":0},{"damage_healed":0,"gold_gain":0,"player_choice":"Cursed","damage_taken":0,"max_hp_gain":0,"max_hp_loss":0,"event_name":"Wheel of Change","floor":4,"gold_loss":0,"cards_obtained":["Decay"]},{"damage_healed":0,"gold_gain":0,"player_choice":"Opened","damage_taken":0,"relics_obtained":["Shuriken"],"max_hp_gain":0,"max_hp_loss":0,"event_name":"The Mausoleum","floor":19,"gold_loss":0,"cards_obtained":["Writhe"]},{"damage_healed":0,"gold_gain":0,"cards_transformed":["Strike_B","Strike_B"],"player_choice":"Became Test Subject","damage_taken":0,"max_hp_gain":0,"max_hp_loss":0,"event_name":"Drug Dealer","floor":21,"gold_loss":0,"cards_obtained":["Beam Cell","Go for the Eyes"]},{"damage_healed":0,"gold_gain":0,"player_choice":"Shed Blood","damage_taken":19,"max_hp_gain":5,"max_hp_loss":0,"event_name":"Forgotten Altar","floor":27,"gold_loss":0},{"cards_removed":["Writhe"],"damage_healed":0,"gold_gain":0,"player_choice":"Gave Gold","damage_taken":0,"max_hp_gain":0,"max_hp_loss":0,"event_name":"Beggar","floor":31,"gold_loss":75}],"is_beta":true,"boss_relics":[{"not_picked":["Fusion Hammer","Pandora\u0027s Box"],"picked":"Nuclear Battery"}],"items_purged_floors":[10],"is_endless":false,"potions_floor_spawned":[7,11,13,16,20,22,28],"killed_by":"Collector","ascension_level":8}