{"gold_per_floor":[215,215,86,103,114,114,139,139,219,245,245,259,277,85,85,186,186,204,204,219,233,259,259],"floor_reached":23,"playtime":1942,"items_purged":["Regret"],"score":221,"play_id":"d58bff84-bee8-4851-a4eb-0b6bfb68607d","local_time":"20190201220819","is_ascension_mode":true,"campfire_choices":[{"floor":8,"key":"REST"},{"floor":15,"key":"REST"}],"neow_cost":"NONE","seed_source_timestamp":25924080995446,"circlet_count":0,"master_deck":["Defend_G","Defend_G","Defend_G","Defend_G","Defend_G","Strike_G","Strike_G","Strike_G","Strike_G","Strike_G","Survivor","Neutralize","Footwork","Flying Knee","Deadly Poison","Underhanded Strike","Dodge and Roll","Tools of the Trade","Flying Knee","Dash","Corpse Explosion","Blade Dance+1","Infinite Blades+1","Footwork","Eviscerate+1"],"relics":["Ring of the Snake","Smiling Mask","Pen Nib","Dodecahedron","Question Card","Toy Ornithopter","White Beast Statue","Red Mask"],"potions_floor_usage":[18,20,21,22,22,22,23],"damage_taken":[{"damage":1,"enemies":"Small Slimes","floor":1,"turns":6},{"damage":1,"enemies":"2 Louse","floor":4,"turns":3},{"damage":0,"enemies":"Cultist","floor":5,"turns":3},{"damage":26,"enemies":"3 Sentries","floor":7,"turns":13},{"damage":19,"enemies":"Lagavulin","floor":10,"turns":8},{"damage":5,"enemies":"Looter","floor":12,"turns":4},{"damage":5,"enemies":"Exordium Wildlife","floor":13,"turns":4},{"damage":27,"enemies":"The Guardian","floor":16,"turns":12},{"damage":0,"enemies":"Chosen","floor":18,"turns":5},{"damage":27,"enemies":"Spheric Guardian","floor":20,"turns":5},{"damage":2,"enemies":"Centurion and Healer","floor":21,"turns":4},{"damage":60,"enemies":"Masked Bandits","floor":22,"turns":4},{"damage":8,"enemies":"Book of Stabbing","floor":23,"turns":3}],"seed_played":"9120254969100991239","potions_obtained":[{"floor":1,"key":"Block Potion"},{"floor":10,"key":"Dexterity Potion"},{"floor":12,"key":"GhostInAJar"},{"floor":18,"key":"PowerPotion"},{"floor":20,"key":"SteroidPotion"},{"floor":21,"key":"Dexterity Potion"},{"floor":22,"key":"SteroidPotion"}],"is_trial":false,"path_per_floor":["M","?","$","M","M","?","E","R","T","E","?","M","M","$","R","B",null,"M","?","M","M","?","E"],"character_chosen":"THE_SILENT","items_purchased":["Flying Knee","Deadly Poison","Toy Ornithopter"],"campfire_rested":2,"item_purchase_floors":[3,3,14],"current_hp_per_floor":[69,69,69,68,68,68,42,63,63,44,44,39,34,34,55,28,70,70,70,43,46,1,0],"gold":259,"neow_bonus":"HUNDRED_GOLD","is_prod":false,"is_daily":false,"chose_seed":false,"campfire_upgraded":0,"win_rate":0,"timestamp":1549055299,"path_taken":["M","?","$","M","M","?","E","R","T","E","?","M","M","$","R","BOSS","M","?","M","M","?","E"],"build_version":"2019-01-23","purchased_purges":1,"victory":false,"max_hp_per_floor":[70,70,70,70,70,70,70,70,70,70,70,70,70,70,70,70,70,70,70,70,70,70,70],"card_choices":[{"not_picked":["Sucker Punch","Cloak And Dagger"],"picked":"Footwork","floor":1},{"not_picked":["Prepared","Escape Plan"],"picked":"Underhanded Strike","floor":4},{"not_picked":["Deadly Poison","Dagger Spray"],"picked":"Dodge and Roll","floor":5},{"not_picked":["Bouncing Flask","Underhanded Strike"],"picked":"Tools of the Trade","floor":7},{"not_picked":["Well Laid Plans","Slice"],"picked":"Underhanded Strike","floor":10},{"not_picked":["Dagger Throw","Caltrops","Skewer"],"picked":"Flying Knee","floor":12},{"not_picked":["Blur","Heel Hook","Poisoned Stab"],"picked":"Dash","floor":13},{"not_picked":["Wraith Form v2","Glass Knife","Burst"],"picked":"Corpse Explosion","floor":16},{"not_picked":["Prepared+1","Quick Slash","Endless Agony"],"picked":"Blade Dance+1","floor":18},{"not_picked":["Dash","Slice+1","Prepared"],"picked":"Infinite Blades+1","floor":20},{"not_picked":["Choke","Quick Slash","Slice"],"picked":"Footwork","floor":21},{"not_picked":["Leg Sweep","Dodge and Roll","Bane"],"picked":"Eviscerate+1","floor":22}],"player_experience":158425,"relics_obtained":[{"floor":7,"key":"Pen Nib"},{"floor":9,"key":"Dodecahedron"},{"floor":10,"key":"Question Card"},{"floor":22,"key":"Red Mask"}],"event_choices":[{"damage_healed":0,"gold_gain":0,"player_choice":"Box","damage_taken":0,"relics_obtained":["Smiling Mask"],"max_hp_gain":0,"max_hp_loss":0,"event_name":"Big Fish","floor":2,"gold_loss":0,"cards_obtained":["Regret"]},{"damage_healed":0,"gold_gain":0,"player_choice":"Leave","damage_taken":0,"max_hp_gain":0,"max_hp_loss":0,"event_name":"The Cleric","floor":6,"gold_loss":0},{"cards_removed":["Underhanded Strike"],"damage_healed":0,"gold_gain":0,"player_choice":"Card Removal","damage_taken":0,"max_hp_gain":0,"max_hp_loss":0,"event_name":"Wheel of Change","floor":11,"gold_loss":0},{"damage_healed":0,"gold_gain":0,"player_choice":"Ignored","damage_taken":0,"max_hp_gain":0,"max_hp_loss":0,"event_name":"Beggar","floor":19,"gold_loss":0},{"damage_healed":0,"gold_gain":0,"player_choice":"Fought Bandits","damage_taken":0,"max_hp_gain":0,"max_hp_loss":0,"event_name":"Masked Bandits","floor":22,"gold_loss":0}],"is_beta":false,"boss_relics":[{"not_picked":["Orrery","Ring of the Serpent"],"picked":"White Beast Statue"}],"items_purged_floors":[3],"is_endless":false,"potions_floor_spawned":[1,10,12,18,20,21,22],"killed_by":"Book of Stabbing","ascension_level":2}