{"gold_per_floor":[116,143,155,166,341,341,291,291,291,291,316,316,316,330,330,449,449,464,196,209,209,209,209,250,250,327,346,367,41,41],"floor_reached":30,"playtime":1327,"items_purged":[],"score":311,"play_id":"b1929dd8-22f3-459b-8af0-5b6f59f9e5fa","local_time":"20190206142307","is_ascension_mode":true,"campfire_choices":[{"data":"Infinite Blades","floor":6,"key":"SMITH"},{"data":"Cloak And Dagger","floor":10,"key":"SMITH"},{"data":"Accuracy","floor":13,"key":"SMITH"},{"data":"Cloak And Dagger","floor":15,"key":"SMITH"},{"data":"Bullet Time","floor":23,"key":"SMITH"},{"data":"Night Terror","floor":25,"key":"SMITH"}],"neow_cost":"NONE","seed_source_timestamp":1503642614776,"circlet_count":0,"master_deck":["Defend_G","Defend_G+1","Defend_G","Defend_G","Defend_G+1","Strike_G","Strike_G","Strike_G","Strike_G","Survivor","Neutralize","Prepared","Cloak And Dagger+1","Infinite Blades+1","Cloak And Dagger+1","Accuracy+1","Cloak And Dagger","After Image","Prepared","Infinite Blades","Accuracy","Underhanded Strike+1","Bullet Time+1","Accuracy","Tactician","After Image","Night Terror+1","Well Laid Plans","Accuracy"],"relics":["Ring of the Snake","Potion Belt","Golden Idol","Molten Egg 2","Orrery","Oddly Smooth Stone","Paper Crane","Vajra","Tiny Chest","Question Card"],"potions_floor_usage":[16,24,28,28,30],"damage_taken":[{"damage":0,"enemies":"Cultist","floor":1,"turns":5},{"damage":0,"enemies":"2 Louse","floor":3,"turns":4},{"damage":2,"enemies":"Jaw Worm","floor":4,"turns":6},{"damage":0,"enemies":"2 Fungi Beasts","floor":11,"turns":4},{"damage":0,"enemies":"3 Louse","floor":14,"turns":3},{"damage":7,"enemies":"The Guardian","floor":16,"turns":11},{"damage":10,"enemies":"Chosen","floor":18,"turns":6},{"damage":9,"enemies":"Spheric Guardian","floor":20,"turns":4},{"damage":8,"enemies":"Slavers","floor":24,"turns":8},{"damage":3,"enemies":"Shelled Parasite and Fungi","floor":27,"turns":6},{"damage":23,"enemies":"Cultist and Chosen","floor":28,"turns":8},{"damage":22,"enemies":"Colosseum Slavers","floor":30,"turns":5},{"damage":13,"enemies":"Colosseum Nobs","floor":30,"turns":2}],"seed_played":"-4625497191410574651","potions_obtained":[{"floor":3,"key":"PowerPotion"},{"floor":14,"key":"GhostInAJar"},{"floor":16,"key":"Regen Potion"},{"floor":18,"key":"EssenceOfSteel"},{"floor":27,"key":"Explosive Potion"}],"is_trial":false,"path_per_floor":["M","T","M","M","?","R","?","?","T","R","M","?","R","M","R","B",null,"M","$","M","?","?","R","E","R","T","M","M","$","?"],"character_chosen":"THE_SILENT","items_purchased":["Accuracy","Oddly Smooth Stone","Tactician","Question Card","Accuracy"],"campfire_rested":0,"item_purchase_floors":[19,19,19,29,29],"current_hp_per_floor":[70,70,70,68,68,68,68,51,51,51,51,37,37,37,37,30,70,60,60,51,51,51,51,43,43,43,40,32,32,0],"gold":41,"neow_bonus":"TRANSFORM_CARD","is_prod":false,"is_daily":false,"chose_seed":false,"campfire_upgraded":6,"win_rate":0,"timestamp":1549459387,"path_taken":["M","?","M","M","?","R","?","?","T","R","M","?","R","M","R","BOSS","M","$","M","?","?","R","E","R","T","?","M","?","?"],"build_version":"2019-01-23","purchased_purges":0,"victory":false,"max_hp_per_floor":[70,70,70,70,70,70,70,70,70,70,70,70,70,70,70,70,70,70,70,70,70,70,70,70,70,70,70,70,70,70],"card_choices":[{"not_picked":["Deadly Poison","Bane"],"picked":"Cloak And Dagger","floor":1},{"not_picked":["Dodge and Roll","Backflip"],"picked":"Infinite Blades","floor":3},{"not_picked":["Terror","Acrobatics"],"picked":"Cloak And Dagger","floor":4},{"not_picked":["Dagger Throw+1","Sucker Punch+1"],"picked":"Accuracy","floor":11},{"not_picked":["Dagger Spray+1","Deadly Poison"],"picked":"Cloak And Dagger","floor":14},{"not_picked":["Glass Knife+1","Grand Finale+1"],"picked":"After Image","floor":16},{"not_picked":["Sucker Punch+1","Bouncing Flask"],"picked":"Prepared","floor":17},{"not_picked":["Cloak And Dagger","Dash+1"],"picked":"Infinite Blades","floor":17},{"not_picked":["Underhanded Strike+1","Noxious Fumes"],"picked":"Accuracy","floor":17},{"not_picked":["Dash+1","Expertise"],"picked":"Underhanded Strike+1","floor":17},{"not_picked":["Skewer+1","Reflex"],"picked":"Bullet Time","floor":18},{"not_picked":["Sucker Punch+1","Bane+1","Deflect"],"picked":"SKIP","floor":20},{"not_picked":["Finisher+1","Eviscerate+1"],"picked":"Night Terror","floor":24},{"not_picked":["Deflect","Outmaneuver+1","Dodge and Roll"],"picked":"SKIP","floor":27},{"not_picked":["Deadly Poison","Flying Knee+1"],"picked":"Well Laid Plans","floor":28}],"player_experience":218461,"relics_obtained":[{"floor":2,"key":"Potion Belt"},{"floor":9,"key":"Molten Egg 2"},{"floor":24,"key":"Vajra"},{"floor":26,"key":"Tiny Chest"}],"event_choices":[{"damage_healed":0,"gold_gain":175,"player_choice":"AGREE","damage_taken":0,"max_hp_gain":0,"max_hp_loss":0,"event_name":"Liars Game","floor":5,"gold_loss":0,"cards_obtained":["Doubt"]},{"cards_removed":["Doubt"],"damage_healed":0,"gold_gain":0,"player_choice":"Card Removal","damage_taken":0,"max_hp_gain":0,"max_hp_loss":0,"event_name":"The Cleric","floor":7,"gold_loss":50},{"damage_healed":0,"gold_gain":0,"player_choice":"Take Damage","damage_taken":17,"relics_obtained":["Golden Idol"],"max_hp_gain":0,"max_hp_loss":0,"event_name":"Golden Idol","floor":8,"gold_loss":0},{"damage_healed":0,"gold_gain":0,"player_choice":"Entered Light","damage_taken":14,"max_hp_gain":0,"max_hp_loss":0,"event_name":"Shining Light","floor":12,"gold_loss":0,"cards_upgraded":["Defend_G","Defend_G"]},{"damage_healed":0,"gold_gain":0,"player_choice":"Opened","damage_taken":0,"relics_obtained":["Paper Crane"],"max_hp_gain":0,"max_hp_loss":0,"event_name":"The Mausoleum","floor":21,"gold_loss":0},{"damage_healed":0,"gold_gain":0,"player_choice":"Copied","damage_taken":0,"max_hp_gain":0,"max_hp_loss":0,"event_name":"Duplicator","floor":22,"gold_loss":0,"cards_obtained":["After Image"]},{"damage_healed":0,"gold_gain":0,"player_choice":"Fight","damage_taken":0,"max_hp_gain":0,"max_hp_loss":0,"event_name":"Colosseum","floor":30,"gold_loss":0},{"damage_healed":0,"gold_gain":0,"player_choice":"Fought Nobs","damage_taken":0,"max_hp_gain":0,"max_hp_loss":0,"event_name":"Colosseum","floor":30,"gold_loss":0}],"is_beta":false,"boss_relics":[{"not_picked":["Philosopher\u0027s Stone","White Beast Statue"],"picked":"Orrery"}],"items_purged_floors":[],"is_endless":false,"potions_floor_spawned":[3,14,16,18,27],"killed_by":"Colosseum Nobs","ascension_level":4}