{"gold_per_floor":[119,44,44,63,63,88,88,120,120,120,11,22,36,56,56,56],"floor_reached":16,"playtime":507,"items_purged":["Strike_B"],"score":176,"play_id":"aaa73f8c-9c88-4116-a1ee-af46abe8d440","local_time":"20190131054414","is_ascension_mode":true,"campfire_choices":[{"floor":7,"key":"REST"},{"data":"Beam Cell","floor":10,"key":"SMITH"},{"data":"Multi-Cast","floor":15,"key":"SMITH"}],"neow_cost":"TEN_PERCENT_HP_LOSS","seed_source_timestamp":1776765365740854,"circlet_count":0,"master_deck":["AscendersBane","Strike_B","Strike_B","Defend_B","Defend_B","Defend_B","Zap","Dualcast","Multi-Cast+1","Rip and Tear","FTL","FTL","Beam Cell+1","Panacea","Go for the Eyes","Self Repair","White Noise"],"relics":["Cracked Core","Dodecahedron","Pantograph","Boot"],"potions_floor_usage":[8,14,16],"damage_taken":[{"damage":4,"enemies":"2 Louse","floor":1,"turns":2},{"damage":1,"enemies":"Cultist","floor":4,"turns":3},{"damage":40,"enemies":"3 Sentries","floor":6,"turns":7},{"damage":25,"enemies":"Lagavulin","floor":8,"turns":5},{"damage":4,"enemies":"Jaw Worm","floor":12,"turns":2},{"damage":8,"enemies":"Exordium Wildlife","floor":13,"turns":4},{"damage":0,"enemies":"2 Fungi Beasts","floor":14,"turns":3},{"damage":49,"enemies":"The Guardian","floor":16,"turns":8}],"seed_played":"-5017970128329064462","potions_obtained":[{"floor":1,"key":"Strength Potion"},{"floor":8,"key":"Block Potion"},{"floor":13,"key":"Strength Potion"}],"is_trial":false,"path_per_floor":["M","$","?","M","$","E","R","E","T","R","$","M","M","M","R","B"],"character_chosen":"DEFECT","items_purchased":["Panacea","Go for the Eyes"],"campfire_rested":1,"item_purchase_floors":[11,11],"current_hp_per_floor":[64,64,64,63,63,23,43,18,18,18,18,14,13,20,20,0],"gold":56,"neow_bonus":"TRANSFORM_TWO_CARDS","is_prod":false,"is_daily":false,"chose_seed":false,"campfire_upgraded":2,"win_rate":0,"timestamp":1548913454,"path_taken":["M","$","?","?","$","E","R","E","T","R","?","M","M","M","R","BOSS"],"build_version":"2019-01-23","purchased_purges":1,"victory":false,"max_hp_per_floor":[68,68,68,68,68,68,68,68,68,68,68,68,68,68,68,68],"card_choices":[{"not_picked":["Barrage","Blizzard"],"picked":"FTL","floor":1},{"not_picked":["Sweeping Beam","Barrage","Beam Cell"],"picked":"SKIP","floor":4},{"not_picked":["Hologram","Go for the Eyes"],"picked":"FTL","floor":6},{"not_picked":["Heatsinks","Machine Learning"],"picked":"Beam Cell","floor":8},{"not_picked":["Sunder","Rip and Tear"],"picked":"Self Repair","floor":12},{"not_picked":["Stack","Aggregate"],"picked":"White Noise","floor":13},{"not_picked":["Streamline","Rebound","Steam"],"picked":"SKIP","floor":14}],"player_experience":536710,"relics_obtained":[{"floor":6,"key":"Dodecahedron"},{"floor":8,"key":"Pantograph"},{"floor":9,"key":"Boot"}],"event_choices":[{"damage_healed":0,"gold_gain":0,"player_choice":"0 cards matched","damage_taken":0,"max_hp_gain":0,"max_hp_loss":0,"event_name":"Match and Keep!","floor":3,"gold_loss":0,"cards_obtained":[]}],"is_beta":true,"boss_relics":[],"items_purged_floors":[2],"is_endless":false,"potions_floor_spawned":[1,8,13],"killed_by":"The Guardian","ascension_level":12}