{"gold_per_floor":[109,126,48,61,61,95,155,194,194,214,214,253,253,253,253,383,383,396,414,414,36,50,50,74,74,74,90,128,146,61,61,61,184,184,199,23,23,46,379,707,707,737,737,1,19,39,39,51,51,51],"floor_reached":51,"playtime":4160,"items_purged":["Strike_G","Defend_G"],"score":858,"play_id":"427a60e5-9507-4dae-9188-41dca78a9540","local_time":"20190213034648","is_ascension_mode":true,"campfire_choices":[{"floor":13.0,"key":"REST"},{"floor":15.0,"key":"REST"},{"floor":23.0,"key":"REST"},{"data":"Infinite Blades","floor":25.0,"key":"SMITH"},{"data":"Catalyst","floor":32.0,"key":"SMITH"},{"data":"Apotheosis","floor":41.0,"key":"SMITH"},{"floor":47.0,"key":"REST"},{"data":"After Image","floor":49,"key":"SMITH"}],"neow_cost":"NONE","seed_source_timestamp":0,"circlet_count":0,"master_deck":["Defend_G","Defend_G","Defend_G","Defend_G","Strike_G","Strike_G","Survivor","Neutralize","Footwork","Predator","Infinite Blades+1","Prepared","Dash","Poisoned Stab","Cloak And Dagger","Venomology","Die Die Die","Blur","Cloak And Dagger","Noxious Fumes","Deadly Poison","Escape Plan","Outmaneuver+1","Cloak And Dagger","Doppelganger","Catalyst+1","After Image+1","Footwork+1","Apotheosis+1","Acrobatics","Distraction"],"special_seed":0,"relics":["Ring of the Snake","NeowsBlessing","Oddly Smooth Stone","Pocketwatch","Bottled Lightning","Paper Crane","Torii","Philosopher\u0027s Stone","Bronze Scales","Bag of Marbles","The Courier","Centennial Puzzle","Anchor","Empty Cage","Pantograph","Old Coin","Ancient Tea Set","Dodecahedron","Potion Belt","Ice Cream","OrangePellets","Vajra"],"potions_floor_usage":[50,50,50],"damage_taken":[{"damage":0.0,"enemies":"Small Slimes","floor":1.0,"turns":1.0},{"damage":0.0,"enemies":"Cultist","floor":2.0,"turns":1.0},{"damage":0.0,"enemies":"2 Louse","floor":4.0,"turns":1.0},{"damage":36.0,"enemies":"Lagavulin","floor":6.0,"turns":10.0},{"damage":19.0,"enemies":"Gremlin Nob","floor":8.0,"turns":5.0},{"damage":0.0,"enemies":"2 Fungi Beasts","floor":10.0,"turns":5.0},{"damage":8.0,"enemies":"Lagavulin","floor":12.0,"turns":7.0},{"damage":35.0,"enemies":"Slime Boss","floor":16.0,"turns":14.0},{"damage":16.0,"enemies":"Chosen","floor":18.0,"turns":5.0},{"damage":9.0,"enemies":"3 Byrds","floor":19.0,"turns":6.0},{"damage":9.0,"enemies":"3 Cultists","floor":22.0,"turns":6.0},{"damage":7.0,"enemies":"Centurion and Healer","floor":27.0,"turns":8.0},{"damage":8.0,"enemies":"Book of Stabbing","floor":28.0,"turns":5.0},{"damage":10.0,"enemies":"Snake Plant","floor":29.0,"turns":5.0},{"damage":36.0,"enemies":"Automaton","floor":33.0,"turns":10.0},{"damage":0.0,"enemies":"3 Shapes","floor":35.0,"turns":11.0},{"damage":6.0,"enemies":"3 Darklings","floor":38.0,"turns":5.0},{"damage":0.0,"enemies":"Giant Head","floor":40.0,"turns":7.0},{"damage":28.0,"enemies":"Nemesis","floor":42.0,"turns":7.0},{"damage":0.0,"enemies":"Spire Growth","floor":45.0,"turns":6.0},{"damage":6.0,"enemies":"4 Shapes","floor":46.0,"turns":7.0},{"damage":1.0,"enemies":"3 Darklings","floor":48.0,"turns":7.0},{"damage":0,"enemies":"Awakened One","floor":50,"turns":11}],"seed_played":"5002655685981415965","potions_obtained":[{"floor":4.0,"key":"SkillPotion"},{"floor":10.0,"key":"GhostInAJar"},{"floor":16.0,"key":"SkillPotion"},{"floor":22.0,"key":"LiquidBronze"},{"floor":28.0,"key":"Energy Potion"},{"floor":31.0,"key":"PowerPotion"},{"floor":40.0,"key":"AttackPotion"},{"floor":48.0,"key":"FearPotion"}],"is_trial":false,"path_per_floor":["M","M","$","M","?","E","?","E","T","M","?","E","R","?","R","B",null,"M","M","?","$","M","R","T","R","T","M","E","M","?","?","R","B",null,"M","$","T","M","?","E","R","E","T","$","M","M","R","M","R","B",null],"character_chosen":"THE_SILENT","items_purchased":["Infinite Blades","Noxious Fumes","Deadly Poison","Escape Plan","Bronze Scales","Apotheosis","Acrobatics","Potion Belt","Ice Cream","OrangePellets","Vajra","Distraction"],"campfire_rested":4,"item_purchase_floors":[3,21,21,21,21,36,36,44,44,44,44,44],"current_hp_per_floor":[70,70,70,70,70,34,34,15,15,15,15,7,28,25,46,11,70,54,45,45,45,36,57,57,57,57,63,55,45,45,45,45,9,70,70,70,70,64,64,64,64,36,36,36,36,30,51,50,50,70],"gold":51,"neow_bonus":"THREE_ENEMY_KILL","is_prod":false,"is_daily":false,"chose_seed":false,"campfire_upgraded":4,"win_rate":0,"timestamp":1550051208,"path_taken":["M","M","$","M","?","E","?","E","T","M","?","E","R","?","R","BOSS","M","M","?","$","?","R","?","R","T","?","E","M","?","?","R","BOSS","M","?","?","M","?","E","R","E","T","$","M","M","R","M","R","BOSS"],"build_version":"2019-01-23","purchased_purges":2,"victory":true,"max_hp_per_floor":[70,70,70,70,70,70,70,70,70,70,70,70,70,70,70,70,70,70,70,70,70,70,70,70,70,70,70,70,70,70,70,70,70,70,70,70,70,70,70,70,70,70,70,70,70,70,70,70,70,70],"card_choices":[{"not_picked":["Acrobatics","Slice"],"picked":"Footwork","floor":1.0},{"not_picked":["Flechettes","Underhanded Strike"],"picked":"Predator","floor":2.0},{"not_picked":["Sucker Punch","Flying Knee"],"picked":"Prepared","floor":4.0},{"not_picked":["A Thousand Cuts","Sucker Punch"],"picked":"Dash","floor":6.0},{"not_picked":["Choke","Slice"],"picked":"Poisoned Stab","floor":8.0},{"not_picked":["Acrobatics","Terror"],"picked":"Cloak And Dagger","floor":10.0},{"not_picked":["Dagger Throw","Choke"],"picked":"Venomology","floor":12.0},{"not_picked":["A Thousand Cuts","Grand Finale"],"picked":"Die Die Die","floor":16.0},{"not_picked":["Escape Plan+1","Caltrops"],"picked":"Blur","floor":18.0},{"not_picked":["Underhanded Strike","Outmaneuver"],"picked":"Cloak And Dagger","floor":19.0},{"not_picked":["Sucker Punch+1","Masterful Stab"],"picked":"Outmaneuver+1","floor":22.0},{"not_picked":["Backflip","Outmaneuver"],"picked":"Cloak And Dagger","floor":27.0},{"not_picked":["Riddle With Holes","Dagger Throw"],"picked":"Doppelganger","floor":28.0},{"not_picked":["Prepared+1","Blade Dance"],"picked":"Catalyst","floor":29.0},{"not_picked":["Venomology","Doppelganger"],"picked":"After Image","floor":33.0},{"not_picked":["Flying Knee+1","Blade Dance"],"picked":"Footwork+1","floor":35.0},{"not_picked":["Escape Plan+1","Dagger Throw","Backstab"],"picked":"SKIP","floor":38.0},{"not_picked":["Slice+1","Eviscerate+1","All Out Attack+1"],"picked":"SKIP","floor":40.0},{"not_picked":["Backflip+1","Deflect+1","Unload"],"picked":"SKIP","floor":42.0},{"not_picked":["Quick Slash+1","Heel Hook","Prepared"],"picked":"SKIP","floor":45.0},{"not_picked":["PiercingWail","Slice+1","Calculated Gamble+1"],"picked":"SKIP","floor":46.0},{"not_picked":["Backflip+1","Dagger Throw+1","Poisoned Stab+1"],"picked":"SKIP","floor":48.0}],"player_experience":75961,"relics_obtained":[{"floor":6.0,"key":"Oddly Smooth Stone"},{"floor":8.0,"key":"Pocketwatch"},{"floor":9.0,"key":"Bottled Lightning"},{"floor":12.0,"key":"Paper Crane"},{"floor":24.0,"key":"Bag of Marbles"},{"floor":26.0,"key":"The Courier"},{"floor":28.0,"key":"Centennial Puzzle"},{"floor":37.0,"key":"Pantograph"},{"floor":40.0,"key":"Old Coin"},{"floor":42.0,"key":"Ancient Tea Set"},{"floor":43.0,"key":"Dodecahedron"}],"event_choices":[{"damage_healed":0.0,"max_hp_gain":0.0,"max_hp_loss":0.0,"gold_gain":0.0,"event_name":"Golden Idol","player_choice":"Take Wound","floor":5.0,"gold_loss":0.0,"damage_taken":0.0,"relics_obtained":["Golden Idol"],"cards_obtained":["Injury"]},{"damage_healed":0.0,"max_hp_gain":0.0,"max_hp_loss":0.0,"gold_gain":60.0,"event_name":"Golden Wing","player_choice":"Gained Gold","floor":7.0,"gold_loss":0.0,"damage_taken":0.0},{"cards_removed":["Injury"],"damage_healed":0.0,"max_hp_gain":0.0,"max_hp_loss":0.0,"gold_gain":0.0,"event_name":"Living Wall","player_choice":"Forget","floor":11.0,"gold_loss":0.0,"damage_taken":0.0},{"damage_healed":0.0,"max_hp_gain":0.0,"max_hp_loss":0.0,"gold_gain":0.0,"event_name":"Scrap Ooze","player_choice":"Success","floor":14.0,"gold_loss":0.0,"damage_taken":3.0,"relics_obtained":["Torii"]},{"damage_healed":0.0,"max_hp_gain":0.0,"max_hp_loss":0.0,"gold_gain":0.0,"event_name":"The Woman in Blue","player_choice":"Bought 0 Potions","floor":20.0,"gold_loss":0.0,"damage_taken":0.0},{"damage_healed":0.0,"max_hp_gain":0.0,"max_hp_loss":0.0,"gold_gain":0.0,"event_name":"Addict","player_choice":"Obtained Relic","floor":30.0,"gold_loss":85.0,"damage_taken":0.0,"relics_obtained":["Anchor"]},{"damage_healed":0.0,"max_hp_gain":0.0,"max_hp_loss":0.0,"gold_gain":0.0,"event_name":"Lab","player_choice":"Got Potions","floor":31.0,"gold_loss":0.0,"damage_taken":0.0},{"damage_healed":0.0,"max_hp_gain":0.0,"max_hp_loss":0.0,"gold_gain":333.0,"event_name":"The Moai Head","player_choice":"Gave Idol","floor":39.0,"relics_lost":["Golden Idol"],"gold_loss":0.0,"damage_taken":0.0}],"is_beta":false,"boss_relics":[{"not_picked":["Sozu","Runic Dome"],"picked":"Philosopher\u0027s Stone"},{"not_picked":["Coffee Dripper","Snecko Eye"],"picked":"Empty Cage"}],"items_purged_floors":[21,44],"is_endless":false,"potions_floor_spawned":[4,10,16,22,28,29,40,48],"ascension_level":1}