{"gold_per_floor":[117,117,117,142,220,220],"floor_reached":6,"playtime":253,"items_purged":[],"score":41,"play_id":"266c8bc9-d7b7-480c-8087-8d9dddfb3697","local_time":"20180824181457","daily_mods":["Draft","Diverse","Heirloom","Specialized","Elite Swarm"],"is_ascension_mode":true,"campfire_choices":[],"neow_cost":"","seed_source_timestamp":0,"circlet_count":0,"master_deck":["Sunder","Poisoned Stab","Shrug It Off","Hologram","Prepared","Backstab+1","PiercingWail","Thunderclap","Iron Wave","Armaments","Dual Wield","Armaments+1","Conserve Battery","Poisoned Stab","Leap","Infinite Blades","Riddle With Holes","Blade Dance"],"relics":["Burning Blood","Prayer Wheel","Golden Idol","Shuriken"],"potions_floor_usage":[6],"damage_taken":[{"damage":0,"enemies":"Jaw Worm","floor":1,"turns":2},{"damage":0,"enemies":"2 Louse","floor":4,"turns":2},{"damage":5,"enemies":"3 Sentries","floor":6,"turns":2}],"seed_played":"2725923054397273485","potions_obtained":[{"floor":4,"key":"GamblersBrew"}],"is_trial":true,"path_per_floor":["M","?","?","M","T"],"character_chosen":"IRONCLAD","items_purchased":[],"campfire_rested":0,"item_purchase_floors":[],"current_hp_per_floor":[80,60,44,50,50,45],"gold":220,"neow_bonus":"","is_prod":false,"is_daily":false,"chose_seed":false,"campfire_upgraded":0,"win_rate":0,"timestamp":1535130897,"path_taken":["M","?","?","M","?","E"],"build_version":"2018-08-23v2","purchased_purges":0,"victory":false,"max_hp_per_floor":[80,80,80,80,80,80],"card_choices":[{"not_picked":["Sword Boomerang","Quick Slash"],"picked":"Sunder","floor":0},{"not_picked":["Coolheaded","Havoc"],"picked":"Poisoned Stab","floor":0},{"not_picked":["Twin Strike","Beam Cell"],"picked":"Shrug It Off","floor":0},{"not_picked":["Iron Wave","Streamline"],"picked":"Hologram","floor":0},{"not_picked":["Wild Strike","Underhanded Strike"],"picked":"Prepared","floor":0},{"not_picked":["Barrage","Flex"],"picked":"Backstab","floor":0},{"not_picked":["Rebound","Terror"],"picked":"PiercingWail","floor":0},{"not_picked":["Anger","Wild Strike"],"picked":"Thunderclap","floor":0},{"not_picked":["Ball Lightning","Anger"],"picked":"Iron Wave","floor":0},{"not_picked":["Blur","Conserve Battery"],"picked":"Armaments","floor":0},{"not_picked":["Dagger Spray","Uppercut"],"picked":"Dual Wield","floor":0},{"not_picked":["Quick Slash","Expertise"],"picked":"Armaments","floor":0},{"not_picked":["Sever Soul","Pommel Strike"],"picked":"Conserve Battery","floor":0},{"not_picked":["Heavy Blade","Deflect"],"picked":"Poisoned Stab","floor":0},{"not_picked":["Anger","Slice"],"picked":"Leap","floor":0},{"not_picked":["Flex","Reflex"],"picked":"Infinite Blades","floor":1},{"not_picked":["Pummel","Disarm","Acrobatics"],"picked":"SKIP","floor":1},{"not_picked":["Clothesline","Conserve Battery"],"picked":"Riddle With Holes","floor":4},{"not_picked":["Slice","Corpse Explosion"],"picked":"Blade Dance","floor":4}],"player_experience":278400,"relics_obtained":[{"floor":5,"key":"Shuriken"}],"event_choices":[{"event_name":"Golden Idol","player_choice":"Take Damage","floor":2,"damage_taken":0},{"event_name":"Shining Light","player_choice":"Entered Light","floor":3,"damage_taken":0}],"is_beta":true,"boss_relics":[],"items_purged_floors":[],"is_endless":false,"potions_floor_spawned":[4],"killed_by":"3 Sentries","ascension_level":4}