{"path_per_floor":["M","M","$","?","?","R","?","E","T","R","E","M","E","M","R","B",null,"M","M","?","?","M","E","M","R","T"],"character_chosen":"DEFECT","items_purchased":["Sweeping Beam"],"gold_per_floor":[111,126,6,6,6,6,6,34,34,34,64,82,112,131,131,226,226,239,255,255,255,267,300,315,315,315,315],"floor_reached":27,"campfire_rested":1,"playtime":1320,"item_purchase_floors":[3],"current_hp_per_floor":[74,72,72,72,60,60,45,33,33,55,52,51,43,43,43,47,75,73,47,47,47,33,14,32,32,32,0],"items_purged":["Defend_B"],"gold":315,"score":301,"play_id":"72ae5e5c-72a5-49cb-8ffc-ff06be072a26","local_time":"20180521185349","is_prod":false,"is_daily":false,"chose_seed":false,"is_ascension_mode":true,"campfire_upgraded":2,"timestamp":1526925229,"campfire_choices":[{"data":"Sweeping Beam","floor":6,"key":"SMITH"},{"floor":10,"key":"REST"},{"data":"Seek","floor":15,"key":"SMITH"},{"floor":25,"key":"DIG"}],"path_taken":["M","?","$","?","?","R","?","E","T","R","E","M","E","?","R","BOSS","M","M","?","?","?","E","?","R","T","M"],"build_version":"2018-05-18","seed_source_timestamp":720345890034821,"purchased_purges":1,"victory":false,"master_deck":["Defend_B+1","Defend_B","Zap+1","Dualcast","Reinforced Body","Undo+1","Sweeping Beam+1","Cold Snap","Darkness","Fusion","Seek+1","Rainbow","Rebound+1","Defragment","Writhe","Bite+1","Bite+1","Bite+1","Bite+1","Bite+1","Chaos+1"],"max_hp_per_floor":[75,75,75,75,75,75,75,75,75,75,75,75,75,75,75,75,75,75,75,75,52,52,52,52,52,52,52],"relics":["Cracked Core","War Paint","Meat on the Bone","Unceasing Top","Molten Egg 2","Orichalcum","Lizard Tail","Omamori","Shovel","Ice Cream","Blue Candle"],"card_choices":[{"not_picked":["Steam","Turbo"],"picked":"Reinforced Body","floor":1},{"not_picked":["Coolheaded","Barrage"],"picked":"Undo","floor":2},{"not_picked":["Blizzard","Lockon"],"picked":"Darkness","floor":8},{"not_picked":["Turbo","Skim","Cold Snap"],"picked":"SKIP","floor":11},{"not_picked":["Rip and Tear+1","Skim"],"picked":"Fusion","floor":12},{"not_picked":["Amplify","Conserve Battery"],"picked":"Seek","floor":13},{"not_picked":["Barrage+1","Consume","Streamline+1"],"picked":"SKIP","floor":14},{"not_picked":["Hyperbeam+1","Multi-Cast"],"picked":"Rainbow","floor":16},{"not_picked":["Stack","Streamline+1"],"picked":"Rebound+1","floor":18},{"not_picked":["Beam Cell+1","Reinforced Body"],"picked":"Defragment","floor":19},{"not_picked":["Consume+1","Lockon+1","Skim"],"picked":"SKIP","floor":22},{"not_picked":["Ball Lightning+1","Steam Power","Fusion"],"picked":"SKIP","floor":23},{"not_picked":["Barrage+1","Beam Cell+1"],"picked":"Chaos+1","floor":24}],"player_experience":176299,"potions_floor_usage":[8,22,23,27],"damage_taken":[{"damage":1,"enemies":"Cultist","floor":1,"turns":3},{"damage":2,"enemies":"Jaw Worm","floor":2,"turns":4},{"damage":12,"enemies":"Gremlin Nob","floor":8,"turns":3},{"damage":3,"enemies":"3 Sentries","floor":11,"turns":6},{"damage":1,"enemies":"2 Louse","floor":12,"turns":3},{"damage":20,"enemies":"Gremlin Nob","floor":13,"turns":4},{"damage":0,"enemies":"Large Slime","floor":14,"turns":5},{"damage":8,"enemies":"Slime Boss","floor":16,"turns":9},{"damage":2,"enemies":"Spheric Guardian","floor":18,"turns":4},{"damage":26,"enemies":"2 Thieves","floor":19,"turns":5},{"damage":26,"enemies":"3 Cultists","floor":22,"turns":5},{"damage":81,"enemies":"Slavers","floor":23,"turns":7},{"damage":30,"enemies":"Centurion and Healer","floor":24,"turns":11},{"damage":42,"enemies":"Slaver and Parasite","floor":27,"turns":4}],"relics_obtained":[{"floor":8,"key":"Meat on the Bone"},{"floor":9,"key":"Unceasing Top"},{"floor":11,"key":"Molten Egg 2"},{"floor":13,"key":"Orichalcum"},{"floor":23,"key":"Shovel"},{"floor":25,"key":"Ice Cream"},{"floor":26,"key":"Blue Candle"}],"event_choices":[{"event_name":"Living Wall","player_choice":"Change","floor":4,"damage_taken":0},{"event_name":"Scrap Ooze","player_choice":"success","floor":5,"damage_taken":12},{"event_name":"Shining Light","player_choice":"Entered Light","floor":7,"damage_taken":0},{"event_name":"The Mausoleum","player_choice":"Yes","floor":20,"damage_taken":0},{"event_name":"Vampires","player_choice":"Became a vampire","floor":21,"damage_taken":0}],"boss_relics":[{"not_picked":["Astrolabe","Philosopher\u0027s Stone"],"picked":"Lizard Tail"}],"items_purged_floors":[3],"potions_floor_spawned":[1,8,13,14,24],"seed_played":"-5449925184295608746","killed_by":"Slaver and Parasite","ascension_level":2,"potions_obtained":[{"floor":1,"key":"FearPotion"},{"floor":8,"key":"GamblersBrew"},{"floor":13,"key":"Swift Potion"},{"floor":14,"key":"PowerPotion"},{"floor":24,"key":"Poison Potion"}],"is_trial":false}