{"gold_per_floor":[116,32,32,43,43,43,62,80,106,106,106,123,123,157,157,157],"floor_reached":16,"playtime":614,"items_purged":[],"score":150,"play_id":"f8d87a69-8906-4028-902c-b22222f6bb6e","local_time":"20190128045251","is_ascension_mode":true,"campfire_choices":[{"data":"Strike_G","floor":6,"key":"PURGE"},{"data":"Defend_G","floor":10,"key":"PURGE"},{"data":"Regret","floor":13,"key":"PURGE"},{"floor":15,"key":"REST"}],"neow_cost":"TEN_PERCENT_HP_LOSS","seed_source_timestamp":1514383427670330,"circlet_count":0,"master_deck":["AscendersBane","Defend_G","Defend_G","Defend_G","Strike_G","Strike_G","Strike_G","Strike_G","Survivor","Neutralize","Deep Breath+1","Footwork","Terror","Slice"],"relics":["Ring of the Snake","Peace Pipe","Bag of Preparation","Bag of Marbles","Lantern"],"potions_floor_usage":[14,16,16],"damage_taken":[{"damage":2,"enemies":"2 Louse","floor":1,"turns":5},{"damage":2,"enemies":"Small Slimes","floor":4,"turns":6},{"damage":3,"enemies":"Cultist","floor":7,"turns":4},{"damage":14,"enemies":"3 Louse","floor":8,"turns":7},{"damage":8,"enemies":"Blue Slaver","floor":12,"turns":4},{"damage":8,"enemies":"Lagavulin","floor":14,"turns":8},{"damage":38,"enemies":"Slime Boss","floor":16,"turns":8}],"seed_played":"7629776491977494833","potions_obtained":[{"floor":1,"key":"GhostInAJar"},{"floor":7,"key":"Weak Potion"},{"floor":12,"key":"Explosive Potion"}],"is_trial":false,"path_per_floor":["M","$","?","M","?","R","M","M","T","R","?","M","R","E","R","B"],"character_chosen":"THE_SILENT","items_purchased":["Deep Breath"],"campfire_rested":1,"item_purchase_floors":[2],"current_hp_per_floor":[61,61,61,59,52,52,49,35,35,35,35,27,27,19,37,0],"gold":157,"neow_bonus":"ONE_RARE_RELIC","is_prod":false,"is_daily":false,"chose_seed":false,"campfire_upgraded":0,"win_rate":0,"timestamp":1548651171,"path_taken":["M","$","?","M","?","R","M","M","T","R","?","M","R","E","R","BOSS"],"build_version":"2019-01-23","purchased_purges":0,"victory":false,"max_hp_per_floor":[63,63,63,63,63,63,63,63,63,63,63,63,63,63,63,63],"card_choices":[{"not_picked":["Leg Sweep","Acrobatics","Backflip"],"picked":"SKIP","floor":1},{"not_picked":["Outmaneuver","Quick Slash"],"picked":"Footwork","floor":4},{"not_picked":["Cloak And Dagger","Acrobatics"],"picked":"Terror","floor":7},{"not_picked":["Caltrops","Blade Dance"],"picked":"Slice","floor":8},{"not_picked":["Slice","Dagger Spray","Bane"],"picked":"SKIP","floor":12},{"not_picked":["Riddle With Holes","Bouncing Flask","Reflex"],"picked":"SKIP","floor":14}],"player_experience":495637,"relics_obtained":[{"floor":9,"key":"Bag of Preparation"},{"floor":14,"key":"Lantern"}],"event_choices":[{"damage_healed":0,"gold_gain":0,"player_choice":"Grow","damage_taken":0,"max_hp_gain":0,"max_hp_loss":0,"event_name":"Living Wall","floor":3,"gold_loss":0,"cards_upgraded":["Deep Breath"]},{"cards_removed":["Defend_G"],"damage_healed":0,"gold_gain":0,"player_choice":"Card Removal","damage_taken":7,"max_hp_gain":0,"max_hp_loss":0,"event_name":"Golden Wing","floor":5,"gold_loss":0},{"damage_healed":0,"gold_gain":0,"player_choice":"Box","damage_taken":0,"relics_obtained":["Bag of Marbles"],"max_hp_gain":0,"max_hp_loss":0,"event_name":"Big Fish","floor":11,"gold_loss":0,"cards_obtained":["Regret"]}],"is_beta":true,"boss_relics":[],"items_purged_floors":[],"is_endless":false,"potions_floor_spawned":[1,7,12],"killed_by":"Slime Boss","ascension_level":10}