{"gold_per_floor":[117,136,153,153,163,196,206,206,288,323,340,65,140,151,151,255,255,271,287,38,38,53,53],"floor_reached":23,"playtime":1119,"items_purged":["Strike_B","Fission+1"],"score":271,"play_id":"ec5c4083-fd3f-439d-b7b4-50fef25c3457","local_time":"20180829210833","is_ascension_mode":true,"campfire_choices":[{"floor":8,"key":"REST"},{"data":"Fission","floor":15,"key":"SMITH"}],"neow_cost":"NONE","seed_source_timestamp":1232937243921894,"circlet_count":0,"master_deck":["Strike_B","Defend_B","Defend_B","Defend_B","Zap+1","Dualcast","Gash","Steam","FTL","Zap+1","White Noise","Thunder Strike","Amplify+1","FTL+1","Gash+1"],"relics":["Cracked Core","War Paint","Darkstone Periapt","Mango","Lee\u0027s Waffle","Astrolabe","DataDisk","Enchiridion"],"potions_floor_usage":[10,10,14,16,22,22],"damage_taken":[{"damage":0,"enemies":"2 Louse","floor":1,"turns":2},{"damage":1,"enemies":"Cultist","floor":2,"turns":3},{"damage":2,"enemies":"Jaw Worm","floor":3,"turns":3},{"damage":13,"enemies":"Exordium Thugs","floor":5,"turns":4},{"damage":30,"enemies":"3 Sentries","floor":6,"turns":6},{"damage":7,"enemies":"2 Fungi Beasts","floor":7,"turns":3},{"damage":24,"enemies":"Lagavulin","floor":10,"turns":5},{"damage":8,"enemies":"Blue Slaver","floor":11,"turns":4},{"damage":9,"enemies":"Large Slime","floor":14,"turns":5},{"damage":48,"enemies":"Slime Boss","floor":16,"turns":10},{"damage":1,"enemies":"Spheric Guardian","floor":18,"turns":3},{"damage":20,"enemies":"Chosen","floor":19,"turns":5},{"damage":27,"enemies":"3 Cultists","floor":22,"turns":4},{"damage":38,"enemies":"Slavers","floor":23,"turns":2}],"seed_played":"-895816067797130639","potions_obtained":[{"floor":3,"key":"FearPotion"},{"floor":7,"key":"FearPotion"},{"floor":11,"key":"Energy Potion"},{"floor":14,"key":"Energy Potion"},{"floor":16,"key":"AttackPotion"},{"floor":18,"key":"Poison Potion"}],"is_trial":false,"path_per_floor":["M","M","M","?","M","E","M","R","T","E","M","$","?","M","R","B",null,"M","M","$","?","M"],"character_chosen":"DEFECT","items_purchased":["Lee\u0027s Waffle","DataDisk"],"campfire_rested":1,"item_purchase_floors":[12,20],"current_hp_per_floor":[75,74,72,72,59,29,22,44,44,34,26,96,85,76,76,28,96,96,76,76,60,33,0],"gold":53,"neow_bonus":"ONE_RANDOM_RARE_CARD","is_prod":false,"is_daily":false,"chose_seed":false,"campfire_upgraded":1,"win_rate":0,"timestamp":1535573313,"path_taken":["M","M","M","?","M","E","M","R","T","E","M","?","?","M","R","BOSS","M","M","$","?","M","E"],"build_version":"2018-08-28","purchased_purges":2,"victory":false,"max_hp_per_floor":[75,75,75,75,75,75,75,75,75,89,89,96,96,96,96,96,96,96,96,96,96,96,96],"card_choices":[{"not_picked":["Redo","Melter"],"picked":"Gash","floor":1},{"not_picked":["Stack","Cold Snap"],"picked":"Steam","floor":2},{"not_picked":["Static Discharge","Genetic Algorithm"],"picked":"FTL","floor":3},{"not_picked":["Coolheaded","Barrage"],"picked":"White Noise","floor":5},{"not_picked":["Capacitor","Doom and Gloom"],"picked":"Thunder Strike","floor":6},{"not_picked":["Go for the Eyes","Ball Lightning","Turbo"],"picked":"SKIP","floor":7},{"not_picked":["Cold Snap","Compile Driver","Blizzard"],"picked":"SKIP","floor":10},{"not_picked":["Heatsinks","Barrage","Rebound"],"picked":"SKIP","floor":11},{"not_picked":["Hello World","Barrage","Compile Driver"],"picked":"SKIP","floor":14},{"not_picked":["Gash","Leap","FTL"],"picked":"SKIP","floor":18},{"not_picked":["Sweeping Beam+1","Heatsinks+1","Gash"],"picked":"SKIP","floor":19},{"not_picked":["Steam Power+1","Conserve Battery","Barrage+1"],"picked":"SKIP","floor":22}],"player_experience":279769,"relics_obtained":[{"floor":6,"key":"War Paint"},{"floor":9,"key":"Darkstone Periapt"},{"floor":10,"key":"Mango"},{"floor":21,"key":"Enchiridion"}],"event_choices":[{"event_name":"Match and Keep!","player_choice":"1 cards matched","floor":4,"damage_taken":0},{"event_name":"World of Goop","player_choice":"Gather Gold","floor":13,"damage_taken":0},{"event_name":"Cursed Tome","player_choice":"Obtained Book","floor":21,"damage_taken":0}],"is_beta":true,"boss_relics":[{"not_picked":["Tiny House","Coffee Dripper"],"picked":"Astrolabe"}],"items_purged_floors":[12,20],"is_endless":false,"potions_floor_spawned":[3,7,11,14,16,18],"killed_by":"Slavers","ascension_level":4}