{"gold_per_floor":[18,18,18,18,18,18,57,57,105,105,105,129,148,168,168,294,294,319,38,38,51,71,71,71,71,95,22,22,40,40,65,65,188,188,211,211,211,225,28,28,46,87,387,387,26,42,375,392,392,392],"floor_reached":51,"playtime":2375,"items_purged":["Regret","Strike_R"],"score":1241,"play_id":"95b2b4c8-1c4a-4005-8dfb-f0fda5226a66","local_time":"20190108051213","is_ascension_mode":true,"campfire_choices":[{"data":"True Grit","floor":6.0,"key":"SMITH"},{"floor":8,"key":"REST"},{"data":"Bash","floor":10,"key":"SMITH"},{"floor":15,"key":"REST"},{"data":"Havoc","floor":23,"key":"SMITH"},{"data":"Corruption","floor":28,"key":"SMITH"},{"data":"Burning Pact","floor":30,"key":"SMITH"},{"data":"Offering","floor":32,"key":"SMITH"},{"data":"Barricade","floor":40,"key":"SMITH"},{"data":"Magnetism","floor":44,"key":"SMITH"},{"data":"Burning Pact","floor":49,"key":"SMITH"}],"neow_cost":"NO_GOLD","seed_source_timestamp":0,"circlet_count":0,"master_deck":["Strike_R+1","Strike_R","Defend_R+1","Defend_R","Defend_R","Bash+1","True Grit+1","Wild Strike","Disarm","Impervious","Havoc+1","Offering+1","Shockwave","Warcry","Second Wind","Burning Pact+1","Feel No Pain","Corruption+1","Burning Pact+1","Infernal Blade","Barricade+1","Warcry+1","Magnetism+1","Feel No Pain+1","Clumsy","True Grit+1"],"special_seed":0,"relics":["Burning Blood","Dead Branch","Potion Belt","Smiling Mask","Bronze Scales","Ancient Tea Set","Cursed Key","Dream Catcher","Mark of Pain","Spirit Poop","Regal Pillow","Old Coin","Torii"],"potions_floor_usage":[16,16,22,35,42,50,50],"damage_taken":[{"damage":4.0,"enemies":"Jaw Worm","floor":1.0,"turns":4.0},{"damage":48,"enemies":"Lagavulin","floor":7,"turns":7},{"damage":4,"enemies":"Small Slimes","floor":12,"turns":4},{"damage":0,"enemies":"2 Louse","floor":13,"turns":2},{"damage":15,"enemies":"Lots of Slimes","floor":14,"turns":4},{"damage":3,"enemies":"Slime Boss","floor":16,"turns":5},{"damage":28,"enemies":"Spheric Guardian","floor":18,"turns":5},{"damage":15,"enemies":"3 Byrds","floor":21,"turns":5},{"damage":9,"enemies":"Snake Plant","floor":22,"turns":4},{"damage":6,"enemies":"Sentry and Sphere","floor":29,"turns":1},{"damage":6,"enemies":"Snecko","floor":31,"turns":1},{"damage":6,"enemies":"Automaton","floor":33,"turns":3},{"damage":6,"enemies":"Orb Walker","floor":35,"turns":4},{"damage":10,"enemies":"3 Shapes","floor":38,"turns":5},{"damage":0,"enemies":"Writhing Mass","floor":41,"turns":2},{"damage":3,"enemies":"Reptomancer","floor":42,"turns":4},{"damage":3,"enemies":"Maw","floor":46,"turns":7},{"damage":15,"enemies":"Transient","floor":48,"turns":5},{"damage":6,"enemies":"Time Eater","floor":50,"turns":4}],"seed_played":"2618728082930278489","potions_obtained":[{"floor":7,"key":"Strength Potion"},{"floor":14,"key":"PowerPotion"},{"floor":21,"key":"PowerPotion"},{"floor":31,"key":"SkillPotion"},{"floor":33,"key":"Dexterity Potion"},{"floor":35,"key":"SkillPotion"},{"floor":42,"key":"PowerPotion"},{"floor":48,"key":"AttackPotion"}],"is_trial":false,"path_per_floor":["M","$","?","?","T","R","E","R","T","R","?","M","M","M","R","B",null,"M","$","?","M","M","R","?","?","T","$","R","M","R","M","R","B",null,"M","?","?","M","$","R","M","E","T","R","$","M","?","M","R","B",null],"character_chosen":"IRONCLAD","items_purchased":["Offering","Shockwave","Corruption","Magnetism","Torii"],"campfire_rested":2,"item_purchase_floors":[19,19,27,39,45],"current_hp_per_floor":[74,74,74,54,54,54,12,36,36,36,20,22,28,19,43,46,72,50,50,50,41,38,38,38,38,38,38,38,38,38,38,38,38,70,70,70,70,66,66,66,72,75,75,75,75,76,76,67,67,67],"gold":392,"neow_bonus":"ONE_RARE_RELIC","is_prod":false,"is_daily":false,"chose_seed":false,"campfire_upgraded":9,"win_rate":0,"timestamp":1546924333,"path_taken":["M","$","?","?","?","R","E","R","T","R","?","M","M","M","R","BOSS","M","$","?","?","M","R","?","?","T","$","R","M","R","M","R","BOSS","M","?","?","M","$","R","?","E","T","R","$","M","?","M","R","BOSS"],"build_version":"2019-01-03v4","purchased_purges":2,"victory":true,"max_hp_per_floor":[80,80,80,80,80,80,80,80,80,80,80,80,80,80,80,80,80,80,80,80,80,80,80,80,80,80,80,80,80,80,80,80,80,80,80,76,76,76,76,76,76,76,76,76,76,76,76,76,76,76],"card_choices":[{"not_picked":["Thunderclap","Armaments"],"picked":"True Grit","floor":1.0},{"not_picked":["Perfected Strike","Cleave","Combust"],"picked":"SKIP","floor":7},{"not_picked":["Body Slam","Perfected Strike"],"picked":"Wild Strike","floor":12},{"not_picked":["Inflame","Flex"],"picked":"Disarm","floor":13},{"not_picked":["Rampage","Sword Boomerang","Clash"],"picked":"SKIP","floor":14},{"not_picked":["Limit Break","Reaper"],"picked":"Impervious","floor":16},{"not_picked":["Pummel+1","Shrug It Off"],"picked":"Havoc","floor":18},{"not_picked":["Shrug It Off","Heavy Blade"],"picked":"Warcry","floor":21},{"not_picked":["Double Tap","Spot Weakness"],"picked":"Second Wind","floor":22},{"not_picked":["Body Slam","Heavy Blade"],"picked":"Burning Pact","floor":29},{"not_picked":["Perfected Strike","Brutality"],"picked":"Infernal Blade","floor":31},{"not_picked":["Double Tap","Reaper"],"picked":"Barricade","floor":33},{"not_picked":["Warcry","Flex","Wild Strike+1"],"picked":"SKIP","floor":35},{"not_picked":["Pommel Strike+1","Anger"],"picked":"Warcry+1","floor":38},{"not_picked":["Thunderclap+1","Dropkick"],"picked":"Feel No Pain+1","floor":41},{"not_picked":["Uppercut+1","Spot Weakness+1","Second Wind"],"picked":"SKIP","floor":42},{"not_picked":["Flex","Headbutt"],"picked":"True Grit+1","floor":46},{"not_picked":["Pommel Strike","Wild Strike+1","Whirlwind"],"picked":"SKIP","floor":48}],"player_experience":382513,"relics_obtained":[{"floor":5.0,"key":"Smiling Mask"},{"floor":7,"key":"Bronze Scales"},{"floor":9,"key":"Ancient Tea Set"},{"floor":26,"key":"Dream Catcher"},{"floor":42,"key":"Regal Pillow"},{"floor":43,"key":"Old Coin"}],"event_choices":[{"damage_healed":0.0,"max_hp_gain":0.0,"max_hp_loss":0.0,"gold_gain":0.0,"event_name":"Big Fish","player_choice":"Box","floor":3.0,"gold_loss":0.0,"damage_taken":0.0,"relics_obtained":["Potion Belt"],"cards_obtained":["Regret"]},{"damage_healed":0.0,"max_hp_gain":0.0,"max_hp_loss":0.0,"gold_gain":0.0,"event_name":"Golden Idol","player_choice":"Take Damage","floor":4.0,"gold_loss":0.0,"damage_taken":20.0,"relics_obtained":["Golden Idol"]},{"damage_healed":0,"gold_gain":0,"player_choice":"Entered Light","damage_taken":16,"max_hp_gain":0,"max_hp_loss":0,"event_name":"Shining Light","floor":11,"gold_loss":0,"cards_upgraded":["Strike_R","Defend_R"]},{"cards_removed":["Strike_R"],"damage_healed":0,"gold_gain":0,"player_choice":"Purged","damage_taken":0,"max_hp_gain":0,"max_hp_loss":0,"event_name":"Purifier","floor":20,"gold_loss":0},{"damage_healed":0,"gold_gain":0,"cards_transformed":["Strike_R","Defend_R"],"player_choice":"Became Test Subject","damage_taken":0,"max_hp_gain":0,"max_hp_loss":0,"event_name":"Drug Dealer","floor":24,"gold_loss":0,"cards_obtained":["Burning Pact","Feel No Pain"]},{"damage_healed":0,"gold_gain":0,"player_choice":"Ignored","damage_taken":0,"max_hp_gain":0,"max_hp_loss":0,"event_name":"Beggar","floor":25,"gold_loss":0},{"damage_healed":0,"gold_gain":0,"player_choice":"Max HP","damage_taken":0,"max_hp_gain":0,"max_hp_loss":4,"event_name":"Winding Halls","floor":36,"gold_loss":0},{"cards_removed":["Decay"],"damage_healed":0,"gold_gain":0,"player_choice":"Offered Curse","damage_taken":0,"relics_obtained":["Spirit Poop"],"max_hp_gain":0,"max_hp_loss":0,"event_name":"Bonfire Elementals","floor":37,"gold_loss":0},{"damage_healed":0,"gold_gain":333,"player_choice":"Gave Idol","damage_taken":0,"max_hp_gain":0,"max_hp_loss":0,"event_name":"The Moai Head","floor":47,"relics_lost":["Golden Idol"],"gold_loss":0}],"is_beta":true,"boss_relics":[{"not_picked":["Sozu","Snecko Eye"],"picked":"Cursed Key"},{"not_picked":["Runic Cube","Empty Cage"],"picked":"Mark of Pain"}],"items_purged_floors":[19,45],"is_endless":false,"potions_floor_spawned":[7,14,21,31,33,35,42,48],"ascension_level":6}