{"gold_per_floor":[118,68,79,4,79,114,114,142,142,142,158,169,169,169,169,273,273,286,286,286,359,359,359,344,355,382,382,402,302,302,318,318,423,423,442,452,327,327,342,342,342,23,23,23,37,50,50,50,50,50],"floor_reached":51,"playtime":2462,"items_purged":["Strike_G","Defend_G","Strike_G","Strike_G"],"score":960,"play_id":"613bcc17-b590-48ae-a887-2aec272c69f6","local_time":"20181231004518","is_ascension_mode":true,"campfire_choices":[{"floor":7,"key":"REST"},{"floor":10,"key":"REST"},{"floor":13,"key":"REST"},{"data":"Burst","floor":15,"key":"SMITH"},{"floor":23,"key":"REST"},{"floor":27,"key":"REST"},{"floor":30,"key":"REST"},{"data":"Calculated Gamble","floor":32,"key":"SMITH"},{"floor":40,"key":"REST"},{"floor":47,"key":"REST"},{"data":"Chrysalis","floor":49,"key":"SMITH"}],"neow_cost":"PERCENT_DAMAGE","seed_source_timestamp":1567541174205371,"circlet_count":0,"master_deck":["Defend_G","Defend_G","Defend_G","Strike_G+1","Survivor","Neutralize","Burst+1","Calculated Gamble+1","Deadly Poison","Bouncing Flask","Backflip+1","Noxious Fumes","Distraction","Crippling Poison+1","Dash","Chrysalis+1","Writhe"],"relics":["Ring of the Snake","Paper Crane","Darkstone Periapt","Mummified Hand","Runic Pyramid","MutagenicStrength","Blue Candle","Happy Flower","Lizard Tail","Singing Bowl","Tough Bandages"],"potions_floor_usage":[6,8,24,33,36,46,50],"damage_taken":[{"damage":1,"enemies":"Jaw Worm","floor":1,"turns":6},{"damage":1,"enemies":"Small Slimes","floor":3,"turns":6},{"damage":19,"enemies":"3 Sentries","floor":6,"turns":12},{"damage":18,"enemies":"Gremlin Nob","floor":8,"turns":3},{"damage":1,"enemies":"2 Louse","floor":11,"turns":4},{"damage":16,"enemies":"Large Slime","floor":12,"turns":7},{"damage":7,"enemies":"The Guardian","floor":16,"turns":8},{"damage":0,"enemies":"Spheric Guardian","floor":18,"turns":3},{"damage":15,"enemies":"Colosseum Slavers","floor":22,"turns":5},{"damage":9,"enemies":"2 Thieves","floor":24,"turns":5},{"damage":17,"enemies":"Centurion and Healer","floor":25,"turns":7},{"damage":20,"enemies":"Cultist and Chosen","floor":28,"turns":7},{"damage":7,"enemies":"Snake Plant","floor":31,"turns":4},{"damage":24,"enemies":"Collector","floor":33,"turns":8},{"damage":10,"enemies":"Orb Walker","floor":35,"turns":4},{"damage":42,"enemies":"3 Darklings","floor":36,"turns":6},{"damage":7,"enemies":"Sphere and 2 Shapes","floor":39,"turns":5},{"damage":15,"enemies":"Maw","floor":45,"turns":7},{"damage":7,"enemies":"Jaw Worm Horde","floor":46,"turns":4},{"damage":14,"enemies":"Donu and Deca","floor":50,"turns":10}],"seed_played":"5428832765292412823","potions_obtained":[{"floor":1,"key":"GamblersBrew"},{"floor":3,"key":"SteroidPotion"},{"floor":16,"key":"SteroidPotion"},{"floor":18,"key":"AttackPotion"},{"floor":31,"key":"Regen Potion"},{"floor":45,"key":"FearPotion"},{"floor":46,"key":"GhostInAJar"}],"is_trial":false,"path_per_floor":["M","?","M","$","?","E","R","E","T","R","M","M","R","?","R","B",null,"M","?","?","T","?","R","M","M","T","R","M","$","R","M","R","B",null,"M","M","$","?","M","R","?","$","T","T","M","M","R","?","R","B",null],"character_chosen":"THE_SILENT","items_purchased":["Chrysalis"],"campfire_rested":8,"item_purchase_floors":[42],"current_hp_per_floor":[48,48,47,47,36,17,38,20,20,41,40,24,45,31,31,24,59,59,46,46,46,31,53,44,27,27,49,29,29,51,44,44,35,65,55,13,13,13,6,28,28,28,28,28,15,10,33,59,59,45],"gold":50,"neow_bonus":"THREE_RARE_CARDS","is_prod":false,"is_daily":false,"chose_seed":false,"campfire_upgraded":3,"win_rate":0,"timestamp":1546217118,"path_taken":["M","?","M","$","?","E","R","E","T","R","M","M","R","?","R","BOSS","M","?","?","?","?","R","M","?","T","R","M","$","R","M","R","BOSS","M","M","$","?","?","R","?","$","T","?","M","M","R","?","R","BOSS"],"build_version":"2018-12-25","purchased_purges":4,"victory":true,"max_hp_per_floor":[70,70,70,70,70,70,70,70,70,70,70,70,70,70,70,70,70,70,75,75,75,75,75,75,75,75,75,75,75,75,75,75,75,75,75,75,75,75,75,75,75,75,75,75,77,79,79,85,85,85],"card_choices":[{"not_picked":["Grand Finale","Glass Knife"],"picked":"Burst","floor":0},{"not_picked":["Tactician","Underhanded Strike"],"picked":"Calculated Gamble","floor":1},{"not_picked":["Dagger Throw","Heel Hook"],"picked":"Deadly Poison","floor":3},{"not_picked":["Poisoned Stab","Deadly Poison"],"picked":"Bouncing Flask","floor":6},{"not_picked":["Deadly Poison","Bane"],"picked":"Backflip","floor":8},{"not_picked":["PiercingWail","Flying Knee","Underhanded Strike"],"picked":"SKIP","floor":11},{"not_picked":["Finisher","Bane"],"picked":"Noxious Fumes","floor":12},{"not_picked":["Tactician","Deflect"],"picked":"Distraction","floor":18},{"not_picked":["Quick Slash","Skewer+1","Cloak And Dagger+1"],"picked":"SKIP","floor":24},{"not_picked":["Blur+1","Outmaneuver","Deflect"],"picked":"SKIP","floor":25},{"not_picked":["Backflip+1","Noxious Fumes","Heel Hook"],"picked":"SKIP","floor":28},{"not_picked":["Terror+1","Deflect+1","Heel Hook+1"],"picked":"SKIP","floor":31},{"not_picked":["Backflip+1","Dodge and Roll","Accuracy"],"picked":"SKIP","floor":35},{"not_picked":["Caltrops+1","Blur"],"picked":"Crippling Poison+1","floor":36},{"not_picked":["Dagger Spray+1","Cloak And Dagger+1","Eviscerate+1"],"picked":"SKIP","floor":39},{"not_picked":["Underhanded Strike","Sucker Punch","Eviscerate"],"picked":"Singing Bowl","floor":45},{"not_picked":["Skewer","Sucker Punch","Leg Sweep+1"],"picked":"Singing Bowl","floor":46}],"player_experience":360663,"relics_obtained":[{"floor":6,"key":"Paper Crane"},{"floor":8,"key":"Darkstone Periapt"},{"floor":9,"key":"Mummified Hand"},{"floor":21,"key":"Blue Candle"},{"floor":26,"key":"Happy Flower"},{"floor":43,"key":"Singing Bowl"},{"floor":44,"key":"Tough Bandages"}],"event_choices":[{"cards_removed":["Defend_G"],"damage_healed":0,"gold_gain":0,"player_choice":"Card Removal","damage_taken":0,"max_hp_gain":0,"max_hp_loss":0,"event_name":"The Cleric","floor":2,"gold_loss":50},{"damage_healed":0,"gold_gain":75,"player_choice":"Gather Gold","damage_taken":11,"max_hp_gain":0,"max_hp_loss":0,"event_name":"World of Goop","floor":5,"gold_loss":0},{"damage_healed":0,"gold_gain":0,"player_choice":"Entered Light","damage_taken":14,"max_hp_gain":0,"max_hp_loss":0,"event_name":"Shining Light","floor":14,"gold_loss":0,"cards_upgraded":["Backflip","Strike_G"]},{"damage_healed":0,"gold_gain":0,"player_choice":"Shed Blood","damage_taken":18,"max_hp_gain":5,"max_hp_loss":0,"event_name":"Forgotten Altar","floor":19,"gold_loss":0},{"damage_healed":0,"gold_gain":0,"player_choice":"Inject Mutagens","damage_taken":0,"relics_obtained":["MutagenicStrength"],"max_hp_gain":0,"max_hp_loss":0,"event_name":"Drug Dealer","floor":20,"gold_loss":0},{"damage_healed":0,"gold_gain":0,"player_choice":"Fight","damage_taken":0,"max_hp_gain":0,"max_hp_loss":0,"event_name":"Colosseum","floor":22,"gold_loss":0},{"damage_healed":0,"gold_gain":0,"player_choice":"Fled From Nobs","damage_taken":0,"max_hp_gain":0,"max_hp_loss":0,"event_name":"Colosseum","floor":22,"gold_loss":0},{"damage_healed":0,"gold_gain":0,"cards_transformed":["Strike_G"],"player_choice":"Transformed","damage_taken":0,"max_hp_gain":0,"max_hp_loss":0,"event_name":"Transmorgrifier","floor":38,"gold_loss":0,"cards_obtained":["Dash"]},{"damage_healed":0,"gold_gain":0,"player_choice":"Ignored","damage_taken":0,"max_hp_gain":0,"max_hp_loss":0,"event_name":"Tomb of Lord Red Mask","floor":41,"gold_loss":0},{"damage_healed":20,"gold_gain":0,"player_choice":"Writhe","damage_taken":0,"max_hp_gain":0,"max_hp_loss":0,"event_name":"Winding Halls","floor":48,"gold_loss":0,"cards_obtained":["Writhe"]}],"is_beta":true,"boss_relics":[{"not_picked":["Orrery","Tiny House"],"picked":"Runic Pyramid"},{"not_picked":["Black Star","Fusion Hammer"],"picked":"Lizard Tail"}],"items_purged_floors":[4,29,37,42],"is_endless":false,"potions_floor_spawned":[1,3,16,18,22,31,45,46],"ascension_level":5}