{"gold_per_floor":[117,117,192,192,211,211,239,204,278,50,69,96,96,11,11,104,104,125,125,175,17,0],"floor_reached":22,"playtime":629,"items_purged":["Strike_B"],"score":376,"play_id":"e9679164-5cb6-4c87-8a79-a46b3ed90099","local_time":"20190202115928","is_ascension_mode":true,"campfire_choices":[{"data":"Hello World","floor":6.0,"key":"SMITH"},{"data":"Apotheosis","floor":15.0,"key":"SMITH"}],"neow_cost":"NONE","seed_source_timestamp":33820501845333,"circlet_count":0,"master_deck":["AscendersBane","Strike_B","Defend_B","Defend_B","Defend_B","Zap+1","Dualcast","Beam Cell+1","Rainbow+1","Leap+1","Hello World+1","Chill","Turbo","Apotheosis+1","Leap","Compile Driver","Glacier","Hello World","Echo Form","Necronomicurse","Hello World"],"special_seed":0,"relics":["Astrolabe","Cables","Blue Candle","Boot","Golden Idol","Sozu","Necronomicon"],"potions_floor_usage":[],"damage_taken":[{"damage":0.0,"enemies":"2 Louse","floor":1.0,"turns":3.0},{"damage":12.0,"enemies":"Small Slimes","floor":5.0,"turns":3.0},{"damage":3.0,"enemies":"3 Sentries","floor":7.0,"turns":9.0},{"damage":10.0,"enemies":"Jaw Worm","floor":11.0,"turns":4.0},{"damage":29.0,"enemies":"Gremlin Nob","floor":12.0,"turns":4.0},{"damage":1.0,"enemies":"Hexaghost","floor":16.0,"turns":10.0},{"damage":15.0,"enemies":"Shell Parasite","floor":18.0,"turns":4.0},{"damage":22,"enemies":"2 Thieves","floor":22,"turns":1}],"seed_played":"-2725062482036483105","potions_obtained":[{"floor":5.0,"key":"SkillPotion"},{"floor":7.0,"key":"FocusPotion"},{"floor":11.0,"key":"LiquidBronze"}],"is_trial":false,"path_per_floor":["M","?","?","?","M","R","E","?","T","$","M","E","?","$","R","B",null,"M","?","?","$","M"],"character_chosen":"DEFECT","items_purchased":["Apotheosis","Leap","Hello World","Hello World"],"campfire_rested":0,"item_purchase_floors":[10,10,14,21],"current_hp_per_floor":[64,69,58,58,46,46,43,62,62,62,52,23,23,23,23,22,57,42,21,21,21,0],"gold":0,"neow_bonus":"BOSS_RELIC","is_prod":false,"is_daily":false,"chose_seed":false,"campfire_upgraded":2,"win_rate":0,"timestamp":1549137568,"path_taken":["M","?","?","?","M","R","E","?","T","$","M","E","?","$","R","BOSS","M","?","?","$","M"],"build_version":"2019-01-23","purchased_purges":1,"victory":false,"max_hp_per_floor":[71,76,76,76,76,76,76,76,76,76,76,76,69,69,69,69,69,69,69,69,69,69],"card_choices":[{"not_picked":["Beam Cell","Sunder"],"picked":"Hello World","floor":1.0},{"not_picked":["Redo","Turbo"],"picked":"Chill","floor":5.0},{"not_picked":["Undo","Steam Power"],"picked":"Turbo","floor":7.0},{"not_picked":["Stack","Steam"],"picked":"Compile Driver","floor":11.0},{"not_picked":["Barrage","Conserve Battery"],"picked":"Glacier","floor":12.0},{"not_picked":["Reboot","Creative AI"],"picked":"Echo Form","floor":16.0}],"player_experience":1096421,"relics_obtained":[{"floor":7.0,"key":"Cables"},{"floor":9.0,"key":"Blue Candle"},{"floor":12.0,"key":"Boot"},{"floor":19.0,"key":"Necronomicon"}],"event_choices":[{"damage_healed":0.0,"max_hp_gain":5.0,"max_hp_loss":0.0,"gold_gain":0.0,"event_name":"Big Fish","player_choice":"Donut","floor":2.0,"gold_loss":0.0,"damage_taken":0.0},{"damage_healed":0.0,"max_hp_gain":0.0,"max_hp_loss":0.0,"gold_gain":75.0,"event_name":"World of Goop","player_choice":"Gather Gold","floor":3.0,"gold_loss":0.0,"damage_taken":11.0},{"damage_healed":0.0,"max_hp_gain":0.0,"max_hp_loss":0.0,"gold_gain":0.0,"event_name":"Living Wall","player_choice":"Grow","floor":4.0,"gold_loss":0.0,"damage_taken":0.0,"cards_upgraded":["Zap"]},{"damage_healed":19.0,"max_hp_gain":0.0,"max_hp_loss":0.0,"gold_gain":0.0,"event_name":"The Cleric","player_choice":"Healed","floor":8.0,"gold_loss":35.0,"damage_taken":0.0},{"damage_healed":0.0,"max_hp_gain":0.0,"max_hp_loss":7.0,"gold_gain":0.0,"event_name":"Golden Idol","player_choice":"Lose Max HP","floor":13.0,"gold_loss":0.0,"damage_taken":0.0,"relics_obtained":["Golden Idol"]},{"damage_healed":0.0,"max_hp_gain":0.0,"max_hp_loss":0.0,"gold_gain":0.0,"event_name":"Cursed Tome","player_choice":"Obtained Book","floor":19.0,"gold_loss":0.0,"damage_taken":21.0},{"damage_healed":0.0,"max_hp_gain":0.0,"max_hp_loss":0.0,"gold_gain":50.0,"event_name":"Nest","player_choice":"Stole From Cult","floor":20.0,"gold_loss":0.0,"damage_taken":0.0}],"is_beta":true,"boss_relics":[{"not_picked":["Velvet Choker","Runic Dome"],"picked":"Sozu"}],"items_purged_floors":[21],"is_endless":false,"potions_floor_spawned":[5,7,11],"killed_by":"2 Thieves","ascension_level":20}