{"gold_per_floor":[14,89,89,239,13,13,41,41,67,67,67,98,108,118,118,118],"floor_reached":16,"playtime":367,"items_purged":[],"score":212,"play_id":"a6c6bbeb-86f6-4461-964a-cad6006d3628","local_time":"20190213034136","is_ascension_mode":true,"campfire_choices":[{"data":"Anger","floor":6,"key":"SMITH"},{"floor":8,"key":"REST"},{"floor":10,"key":"REST"},{"floor":15,"key":"REST"}],"neow_cost":"NO_GOLD","seed_source_timestamp":38662546714100,"circlet_count":0,"master_deck":["AscendersBane","Strike_R","Strike_R+1","Strike_R+1","Strike_R","Strike_R","Defend_R","Defend_R","Defend_R+1","Defend_R+1","Bash+1","Doubt","Anger+1","Sword Boomerang"],"relics":["Burning Blood","Membership Card","War Paint","Regal Pillow","Nunchaku"],"potions_floor_usage":[12],"damage_taken":[{"damage":14,"enemies":"Jaw Worm","floor":1,"turns":4},{"damage":56,"enemies":"Gremlin Nob","floor":7,"turns":5},{"damage":44,"enemies":"3 Sentries","floor":12,"turns":11},{"damage":0,"enemies":"Small Slimes","floor":13,"turns":3},{"damage":5,"enemies":"2 Louse","floor":14,"turns":3},{"damage":65,"enemies":"Slime Boss","floor":16,"turns":10}],"seed_played":"8355353500837876890","potions_obtained":[{"floor":7,"key":"SteroidPotion"}],"is_trial":false,"path_per_floor":["M","?","?","?","$","R","E","R","T","R","?","E","M","M","R","B"],"character_chosen":"IRONCLAD","items_purchased":["Membership Card","Anger"],"campfire_rested":3,"item_purchase_floors":[5,5],"current_hp_per_floor":[74,63,63,63,63,63,13,39,39,80,53,15,21,22,63,0],"gold":118,"neow_bonus":"TWENTY_PERCENT_HP_BONUS","is_prod":false,"is_daily":false,"chose_seed":false,"campfire_upgraded":1,"win_rate":0,"timestamp":1550022096,"path_taken":["M","?","?","?","$","R","E","R","T","R","?","E","M","M","R","BOSS"],"build_version":"2019-01-23","purchased_purges":0,"victory":false,"max_hp_per_floor":[89,89,89,89,89,89,89,89,89,89,89,89,89,89,89,89],"card_choices":[{"not_picked":["Heavy Blade","Combust","Flex"],"picked":"SKIP","floor":1},{"not_picked":["Reckless Charge","Second Wind","Heavy Blade"],"picked":"SKIP","floor":7},{"not_picked":["Metallicize","Flex","Anger"],"picked":"SKIP","floor":12},{"not_picked":["Wild Strike","Thunderclap","Warcry"],"picked":"SKIP","floor":13},{"not_picked":["Warcry","Second Wind"],"picked":"Sword Boomerang","floor":14}],"player_experience":735229,"relics_obtained":[{"floor":7,"key":"War Paint"},{"floor":9,"key":"Regal Pillow"},{"floor":12,"key":"Nunchaku"}],"event_choices":[{"damage_healed":0,"gold_gain":75,"player_choice":"Gather Gold","damage_taken":11,"max_hp_gain":0,"max_hp_loss":0,"event_name":"World of Goop","floor":2,"gold_loss":0},{"damage_healed":0,"gold_gain":0,"player_choice":"Grow","damage_taken":0,"max_hp_gain":0,"max_hp_loss":0,"event_name":"Living Wall","floor":3,"gold_loss":0,"cards_upgraded":["Bash"]},{"damage_healed":0,"gold_gain":150,"player_choice":"AGREE","damage_taken":0,"max_hp_gain":0,"max_hp_loss":0,"event_name":"Liars Game","floor":4,"gold_loss":0,"cards_obtained":["Doubt"]},{"damage_healed":0,"gold_gain":0,"player_choice":"Entered Light","damage_taken":27,"max_hp_gain":0,"max_hp_loss":0,"event_name":"Shining Light","floor":11,"gold_loss":0,"cards_upgraded":["Strike_R","Strike_R"]}],"is_beta":false,"boss_relics":[],"items_purged_floors":[],"is_endless":false,"potions_floor_spawned":[7],"killed_by":"Slime Boss","ascension_level":20}