{"path_per_floor":["M","?","M","$","M","E","R","M","T","M","M","E","T","M","R","B",null,"M","M","?","$","?","R","E","R","T","R","E","M","?","E","R","B",null,"M","$","?","M","M"],"character_chosen":"THE_SILENT","items_purchased":["Apotheosis","Ice Cream","Concentrate","Blind"],"gold_per_floor":[114,114,129,129,144,174,174,189,264,279,294,324,349,364,364,464,464,479,494,494,15,15,15,45,45,45,45,75,90,90,120,120,220,220,235,47,70,85,100],"floor_reached":40,"campfire_rested":1,"playtime":2985,"current_hp_per_floor":[70,70,70,70,70,78,78,78,78,78,76,73,80,80,80,28,91,91,91,91,91,91,91,50,77,77,77,58,50,50,54,54,31,93,60,60,34,34,23],"items_purged":[],"gold":100,"score":582,"play_id":"a93c61d6-9c34-400c-bbe8-d2d8bbcaa87a","local_time":"20180309231247","daily_mods":["Allstar","Insanity","Lethality"],"is_prod":false,"is_daily":true,"is_ascension_mode":false,"campfire_upgraded":3,"timestamp":1520637167,"path_taken":["M","?","M","$","M","E","R","M","T","?","M","E","?","M","R","BOSS","M","M","?","$","?","R","E","R","T","R","E","M","?","E","R","BOSS","M","$","?","?","M","E"],"build_version":"2018-03-08-BETA","purchased_purges":0,"victory":false,"master_deck":["Venomology","Choke","Blade Dance","Bullet Time","Adrenaline","Wraith Form","Dash","Bouncing Flask","Tools of the Trade","Bane","Bane","Night Terror","Setup","Setup","Survivor","Doppelganger","Sucker Punch","After Image","Neutralize","Glass Knife","Storm of Steel","Cloak And Dagger","Accuracy","Crippling Poison","Quick Slash","Distraction","Corpse Explosion","Flechettes","Dagger Throw","Glass Knife","Blade Dance","Dagger Throw","Phantasmal Killer","Storm of Steel","Strike_G","Well Laid Plans","Dagger Throw","Setup","Accuracy","Setup","Deadly Poison","Malaise","Reflex","Accuracy","Backstab+1","Choke","Sucker Punch","Infinite Blades+1","Phantasmal Killer","Well Laid Plans","Blind","Secret Weapon","Blur","Prepared","Caltrops","Prepared","Prepared","Flying Knee+1","Burst","Venomology","Setup+1","Calculated Gamble","Apotheosis+1","Cloak And Dagger","Night Terror","Dash+1","Night Terror","Concentrate","Blind","Blur+1","Infinite Blades","Glass Knife+1"],"max_hp_per_floor":[70,70,70,70,70,84,84,84,84,84,84,84,91,91,91,91,91,91,91,91,91,91,91,91,91,91,91,91,91,91,93,93,93,93,95,95,95,95,95],"relics":["Ring of the Snake","Mango","Molten Egg 2","Tough Bandages","Strawberry","Sozu","Ice Cream","Vajra","Shovel","Ginger","Bird Faced Urn","Singing Bowl","Dead Branch","Black Star","Du-Vu Doll"],"card_choices":[{"not_picked":["Dagger Spray","Quick Slash"],"picked":"Blur"},{"not_picked":["Dagger Spray","Flying Knee"],"picked":"Prepared"},{"not_picked":["All Out Attack","Bouncing Flask"],"picked":"Caltrops"},{"not_picked":["Eviscerate","Slice"],"picked":"Prepared"},{"not_picked":["Deadly Poison","Outmaneuver"],"picked":"Prepared"},{"not_picked":["Sucker Punch","Acrobatics"],"picked":"Flying Knee"},{"not_picked":["Bouncing Flask","Masterful Stab"],"picked":"Burst"},{"not_picked":["After Image","Storm of Steel"],"picked":"Venomology"},{"not_picked":["Eviscerate","Deadly Poison"],"picked":"Setup"},{"not_picked":["Malaise","Riddle With Holes"],"picked":"Calculated Gamble"},{"not_picked":["All Out Attack","Dagger Throw"],"picked":"Cloak And Dagger"},{"not_picked":["Terror","Accuracy"],"picked":"Night Terror"},{"not_picked":["Dagger Spray","Quick Slash"],"picked":"Dash"},{"not_picked":["Wraith Form","Corpse Explosion"],"picked":"Night Terror"},{"not_picked":["Quick Slash","Dagger Spray"],"picked":"Blur"},{"not_picked":["Caltrops","Riddle With Holes"],"picked":"Infinite Blades"},{"not_picked":["Dagger Spray","Heel Hook"],"picked":"Glass Knife"}],"player_experience":24153,"potions_floor_usage":[12],"damage_taken":[{"damage":0,"enemies":"Jaw Worm","floor":1,"turns":1},{"damage":0,"enemies":"Small Slimes","floor":3,"turns":1},{"damage":0,"enemies":"Cultist","floor":5,"turns":2},{"damage":6,"enemies":"3 Sentries","floor":6,"turns":4},{"damage":0,"enemies":"Exordium Thugs","floor":8,"turns":3},{"damage":0,"enemies":"Looter","floor":10,"turns":1},{"damage":2,"enemies":"Blue Slaver","floor":11,"turns":2},{"damage":3,"enemies":"Lagavulin","floor":12,"turns":3},{"damage":0,"enemies":"Large Slime","floor":14,"turns":2},{"damage":52,"enemies":"The Guardian","floor":16,"turns":6},{"damage":0,"enemies":"Chosen","floor":18,"turns":2},{"damage":0,"enemies":"Spheric Guardian","floor":19,"turns":2},{"damage":41,"enemies":"Book of Stabbing","floor":24,"turns":4},{"damage":19,"enemies":"Slavers","floor":28,"turns":3},{"damage":12,"enemies":"Centurion and Healer","floor":29,"turns":3},{"damage":0,"enemies":"Gremlin Leader","floor":31,"turns":2},{"damage":33,"enemies":"Collector","floor":33,"turns":6},{"damage":39,"enemies":"Orb Walker","floor":35,"turns":3},{"damage":36,"enemies":"Mysterious Sphere","floor":37,"turns":6},{"damage":4,"enemies":"3 Darklings","floor":38,"turns":3},{"damage":25,"enemies":"Maw","floor":39,"turns":5},{"damage":31,"enemies":"Nemesis","floor":40,"turns":3}],"event_choices":[{"event_name":"The Cleric","player_choice":"Leave","floor":2,"damage_taken":0},{"event_name":"Beggar","player_choice":"Ignored","floor":20,"damage_taken":0},{"event_name":"Vampires","player_choice":"Ignored","floor":22,"damage_taken":0},{"event_name":"Drug Dealer","player_choice":"Ignored","floor":30,"damage_taken":0},{"event_name":"Mysterious Sphere","player_choice":"Fight","floor":37,"damage_taken":0}],"boss_relics":[{"not_picked":["Runic Pyramid","Calling Bell"],"picked":"Sozu"},{"not_picked":["Snecko Eye","Tiny House"],"picked":"Black Star"}],"potions_floor_spawned":[3,6,10,14,16,24,29,31,35,37],"seed_played":"5908574650968865797","killed_by":"Nemesis","ascension_level":0,"is_trial":false}