{"gold_per_floor":[110,110,122,122,122,151,151,166,166,166,166,166,191,202,202,305,305,317,53,69,83,83,112,112,138,161,173,173,188,200,215,215,314,314,330,44,144,160,160,189,219,259,271,293,305,348,373,385],"floor_reached":48,"playtime":6737,"items_purged":["Pain"],"score":764,"play_id":"d43ccd20-79cc-4c40-85b7-2a74f2da92d1","local_time":"20190131185057","is_ascension_mode":true,"campfire_choices":[{"data":"Choke","floor":7,"key":"SMITH"},{"data":"Masterful Stab","floor":11,"key":"SMITH"},{"data":"Neutralize","floor":15,"key":"SMITH"},{"floor":24,"key":"REST"},{"floor":28,"key":"REST"},{"floor":32,"key":"REST"}],"neow_cost":"NONE","seed_source_timestamp":9879919087226,"circlet_count":0,"master_deck":["Defend_G","Defend_G","Defend_G","Defend_G","Defend_G","Strike_G","Strike_G","Strike_G","Strike_G","Strike_G","Survivor","Neutralize+1","Masterful Stab+1","Quick Slash+1","Prepared","Unload+1","Noxious Fumes","Footwork","Flying Knee+1","Cloak And Dagger","Bane+1","Adrenaline","Tactician+1","Tactician","Tactician","Envenom","Expertise+1","Slice+1","Escape Plan","Deflect","Blade Dance+1","Masterful Stab+1","Deflect","Eviscerate+1","Slice+1","Night Terror"],"relics":["Ring of the Snake","NeowsBlessing","Kunai","Molten Egg 2","Smiling Mask","WarpedTongs","PreservedInsect","Runic Pyramid","Oddly Smooth Stone","Lantern","Calipers","Bag of Marbles","WristBlade","TwistedFunnel","WingedGreaves","Matryoshka","MawBank","Du-Vu Doll","Strawberry","Ancient Tea Set","Art of War"],"potions_floor_usage":[13,16,16,18,25,30,30,31,40,40,44],"damage_taken":[{"damage":0,"enemies":"Cultist","floor":1,"turns":1},{"damage":0,"enemies":"Small Slimes","floor":3,"turns":1},{"damage":0,"enemies":"Lagavulin","floor":6,"turns":1},{"damage":0,"enemies":"2 Louse","floor":8,"turns":2},{"damage":21,"enemies":"3 Sentries","floor":13,"turns":9},{"damage":3,"enemies":"2 Fungi Beasts","floor":14,"turns":3},{"damage":36,"enemies":"The Guardian","floor":16,"turns":11},{"damage":27,"enemies":"Shell Parasite","floor":18,"turns":7},{"damage":1,"enemies":"Chosen","floor":20,"turns":5},{"damage":0,"enemies":"Snecko","floor":21,"turns":3},{"damage":10,"enemies":"Gremlin Leader","floor":23,"turns":6},{"damage":31,"enemies":"Slavers","floor":25,"turns":6},{"damage":0,"enemies":"Centurion and Healer","floor":27,"turns":5},{"damage":21,"enemies":"Shelled Parasite and Fungi","floor":29,"turns":3},{"damage":0,"enemies":"Snecko","floor":30,"turns":3},{"damage":4,"enemies":"3 Cultists","floor":31,"turns":6},{"damage":0,"enemies":"Automaton","floor":33,"turns":12},{"damage":2,"enemies":"3 Darklings","floor":35,"turns":7},{"damage":2,"enemies":"Mind Bloom Boss Battle","floor":37,"turns":7},{"damage":1,"enemies":"Orb Walker","floor":38,"turns":3},{"damage":18,"enemies":"Reptomancer","floor":40,"turns":6},{"damage":0,"enemies":"Sphere and 2 Shapes","floor":41,"turns":8},{"damage":0,"enemies":"Nemesis","floor":42,"turns":5},{"damage":8,"enemies":"Maw","floor":44,"turns":7},{"damage":15,"enemies":"Giant Head","floor":46,"turns":7},{"damage":0,"enemies":"Transient","floor":47,"turns":5},{"damage":32,"enemies":"Spire Growth","floor":48,"turns":3}],"seed_played":"8267576746802606076","potions_obtained":[{"floor":1,"key":"Swift Potion"},{"floor":3,"key":"FearPotion"},{"floor":13,"key":"Poison Potion"},{"floor":14,"key":"Block Potion"},{"floor":18,"key":"PowerPotion"},{"floor":23,"key":"FearPotion"},{"floor":29,"key":"Swift Potion"},{"floor":30,"key":"SkillPotion"},{"floor":33,"key":"GhostInAJar"},{"floor":38,"key":"Swift Potion"},{"floor":40,"key":"Dexterity Potion"},{"floor":41,"key":"Strength Potion"}],"is_trial":false,"path_per_floor":["M","?","M","?","?","E","R","M","T","$","R","?","E","M","R","B",null,"M","$","M","M","?","E","R","E","T","M","R","M","M","M","R","B",null,"M","$","?","M","T","E","M","E","T","M","?","E","M","M"],"character_chosen":"THE_SILENT","items_purchased":["Oddly Smooth Stone","Footwork","TwistedFunnel","Slice+1","Escape Plan"],"campfire_rested":3,"item_purchase_floors":[19,19,36,36,36],"current_hp_per_floor":[70,70,70,70,67,67,67,67,67,67,67,67,46,43,43,7,70,43,43,42,42,42,32,53,22,22,22,43,22,22,18,39,39,70,68,68,66,65,65,47,47,47,54,46,46,31,31,0],"gold":385,"neow_bonus":"THREE_ENEMY_KILL","is_prod":false,"is_daily":false,"chose_seed":false,"campfire_upgraded":3,"win_rate":0,"timestamp":1548957057,"path_taken":["M","?","M","?","?","E","R","M","T","$","R","?","E","M","R","BOSS","M","$","?","M","?","E","R","E","T","M","R","M","?","M","R","BOSS","M","$","?","M","?","E","M","E","T","?","?","E","M","M"],"build_version":"2019-01-23","purchased_purges":1,"victory":false,"max_hp_per_floor":[70,70,70,70,70,70,70,70,70,70,70,70,70,70,70,70,70,70,70,70,70,70,70,70,70,70,70,70,70,70,70,70,70,70,70,70,70,70,70,70,70,70,77,77,77,77,77,77],"card_choices":[{"not_picked":["Escape Plan","Quick Slash"],"picked":"Masterful Stab","floor":1},{"not_picked":["Underhanded Strike","Accuracy"],"picked":"Prepared","floor":3},{"not_picked":["Underhanded Strike","Acrobatics"],"picked":"Accuracy","floor":6},{"not_picked":["Escape Plan","Bane+1"],"picked":"Quick Slash+1","floor":8},{"not_picked":["Expertise","Dash+1"],"picked":"Prepared","floor":13},{"not_picked":["Cloak And Dagger","Poisoned Stab+1","Acrobatics"],"picked":"SKIP","floor":14},{"not_picked":["Doppelganger","After Image"],"picked":"Unload+1","floor":16},{"not_picked":["Underhanded Strike+1","Dagger Spray+1"],"picked":"Noxious Fumes","floor":18},{"not_picked":["Dash+1","Blade Dance"],"picked":"Flying Knee+1","floor":20},{"not_picked":["Quick Slash+1","Well Laid Plans"],"picked":"Cloak And Dagger","floor":21},{"not_picked":["Blade Dance","Calculated Gamble"],"picked":"Adrenaline","floor":23},{"not_picked":["Grand Finale+1","Quick Slash+1"],"picked":"Tactician+1","floor":25},{"not_picked":["PiercingWail","Backflip"],"picked":"Tactician","floor":27},{"not_picked":["Quick Slash+1","Slice+1"],"picked":"Tactician","floor":29},{"not_picked":["Calculated Gamble","Poisoned Stab+1","Dodge and Roll"],"picked":"SKIP","floor":30},{"not_picked":["Quick Slash+1","Bouncing Flask","Dagger Throw+1"],"picked":"SKIP","floor":31},{"not_picked":["Unload+1","Glass Knife+1"],"picked":"Envenom","floor":33},{"not_picked":["PiercingWail+1","Dodge and Roll+1"],"picked":"Expertise+1","floor":35},{"not_picked":["Underhanded Strike+1","All Out Attack+1"],"picked":"Deflect","floor":37},{"not_picked":["Escape Plan","Heel Hook+1"],"picked":"Blade Dance+1","floor":38},{"not_picked":["Cloak And Dagger","Prepared"],"picked":"Masterful Stab+1","floor":40},{"not_picked":["Tools of the Trade","Flying Knee+1"],"picked":"Deflect","floor":41},{"not_picked":["Dagger Throw+1","Concentrate"],"picked":"Eviscerate+1","floor":42},{"not_picked":["Cloak And Dagger","Bouncing Flask"],"picked":"Slice+1","floor":44},{"not_picked":["Dagger Throw+1","Flechettes+1","Bane+1"],"picked":"SKIP","floor":46},{"not_picked":["Dodge and Roll+1","Poisoned Stab+1"],"picked":"Night Terror","floor":47}],"player_experience":128942,"relics_obtained":[{"floor":6,"key":"Molten Egg 2"},{"floor":9,"key":"Smiling Mask"},{"floor":13,"key":"PreservedInsect"},{"floor":23,"key":"Lantern"},{"floor":25,"key":"Calipers"},{"floor":26,"key":"Bag of Marbles"},{"floor":37,"key":"WingedGreaves"},{"floor":39,"key":"Matryoshka"},{"floor":40,"key":"MawBank"},{"floor":42,"key":"Du-Vu Doll"},{"floor":43,"key":"Strawberry"},{"floor":43,"key":"Ancient Tea Set"},{"floor":46,"key":"Art of War"}],"event_choices":[{"damage_healed":0,"gold_gain":0,"player_choice":"Leave","damage_taken":0,"max_hp_gain":0,"max_hp_loss":0,"event_name":"The Cleric","floor":2,"gold_loss":0},{"damage_healed":0,"gold_gain":0,"cards_transformed":["Prepared"],"player_choice":"Change","damage_taken":0,"max_hp_gain":0,"max_hp_loss":0,"event_name":"Living Wall","floor":4,"gold_loss":0,"cards_obtained":["Choke"]},{"damage_healed":0,"gold_gain":0,"player_choice":"Success","damage_taken":3,"relics_obtained":["Kunai"],"max_hp_gain":0,"max_hp_loss":0,"event_name":"Scrap Ooze","floor":5,"gold_loss":0},{"damage_healed":0,"gold_gain":0,"player_choice":"Rummage","damage_taken":0,"relics_obtained":["WarpedTongs"],"max_hp_gain":0,"max_hp_loss":0,"event_name":"Accursed Blacksmith","floor":12,"gold_loss":0,"cards_obtained":["Pain"]},{"damage_healed":0,"gold_gain":0,"cards_transformed":["Accuracy"],"player_choice":"Transformed","damage_taken":0,"max_hp_gain":0,"max_hp_loss":0,"event_name":"Transmorgrifier","floor":22,"gold_loss":0,"cards_obtained":["Bane"]},{"damage_healed":0,"gold_gain":0,"player_choice":"Fight","damage_taken":0,"max_hp_gain":0,"max_hp_loss":0,"event_name":"MindBloom","floor":37,"gold_loss":0},{"cards_removed":["Choke"],"damage_healed":0,"gold_gain":0,"player_choice":"Removed Attack","damage_taken":0,"max_hp_gain":0,"max_hp_loss":0,"event_name":"Falling","floor":45,"gold_loss":0}],"is_beta":false,"boss_relics":[{"not_picked":["Eternal Feather","HoveringKite"],"picked":"Runic Pyramid"},{"not_picked":["Fusion Hammer","Philosopher\u0027s Stone"],"picked":"WristBlade"}],"items_purged_floors":[19],"is_endless":false,"potions_floor_spawned":[1,3,13,14,18,23,29,30,33,38,40,41],"killed_by":"Spire Growth","ascension_level":2}