{"gold_per_floor":[114,130,28,28,203,229,240,265,265,295,295,295,311,321,321,422,422,412,231,231,33,33,33,59,73,73,73,85,85,117,135,135,239,239,249,249,249,249,48,48,148,167,167,180,180],"floor_reached":45,"playtime":4306,"items_purged":["Strike_B","Doubt","Strike_B"],"score":702,"play_id":"03cb81b0-813b-45ed-bc6c-23e6ac6e06b6","local_time":"20190122044759","is_ascension_mode":true,"campfire_choices":[{"floor":12,"key":"REST"},{"floor":15,"key":"RECALL"},{"data":"Creative AI","floor":23,"key":"SMITH"},{"data":"Glacier","floor":27,"key":"SMITH"},{"floor":29,"key":"REST"},{"data":"Defragment","floor":32,"key":"SMITH"},{"data":"Barrage","floor":40,"key":"SMITH"}],"neow_cost":"NONE","seed_source_timestamp":102793049978427,"circlet_count":0,"master_deck":["Strike_B+1","Strike_B","Defend_B","Defend_B","Defend_B","Defend_B","Zap","Dualcast","Melter","Go for the Eyes","Conserve Battery","Recycle+1","Defragment+1","Chill","FTL","Static Discharge","Creative AI+1","Glacier+1","Electrodynamics","Cold Snap","Leap","Force Field","BootSequence","Multi-Cast","Double Energy","Barrage+1"],"relics":["Cracked Core","NeowsBlessing","Torii","FossilizedHelix","Ornamental Fan","Emotion Chip","Inserter","Nilry\u0027s Codex","Anchor","Pen Nib","Sozu","Art of War","Du-Vu Doll","Shuriken"],"potions_floor_usage":[8,16,16,24,30,31],"damage_taken":[{"damage":0,"enemies":"2 Louse","floor":1,"turns":1},{"damage":0,"enemies":"Small Slimes","floor":2,"turns":1},{"damage":0,"enemies":"Gremlin Nob","floor":6,"turns":1},{"damage":0,"enemies":"Jaw Worm","floor":7,"turns":4},{"damage":23,"enemies":"3 Sentries","floor":8,"turns":10},{"damage":0,"enemies":"Exordium Wildlife","floor":13,"turns":4},{"damage":0,"enemies":"Exordium Thugs","floor":14,"turns":4},{"damage":14,"enemies":"Hexaghost","floor":16,"turns":9},{"damage":22,"enemies":"2 Thieves","floor":18,"turns":4},{"damage":20,"enemies":"Gremlin Leader","floor":24,"turns":6},{"damage":15,"enemies":"3 Byrds","floor":25,"turns":3},{"damage":7,"enemies":"Centurion and Healer","floor":28,"turns":6},{"damage":2,"enemies":"Book of Stabbing","floor":30,"turns":6},{"damage":1,"enemies":"Shelled Parasite and Fungi","floor":31,"turns":6},{"damage":34,"enemies":"Collector","floor":33,"turns":10},{"damage":11,"enemies":"3 Shapes","floor":35,"turns":3},{"damage":0,"enemies":"Mind Bloom Boss Battle","floor":41,"turns":4},{"damage":0,"enemies":"3 Darklings","floor":42,"turns":6},{"damage":18,"enemies":"4 Shapes","floor":44,"turns":6},{"damage":37,"enemies":"Transient","floor":45,"turns":4}],"seed_played":"-2788316464200677988","potions_obtained":[{"floor":1,"key":"Regen Potion"},{"floor":6,"key":"Weak Potion"},{"floor":14,"key":"Block Potion"},{"floor":18,"key":"AttackPotion"},{"floor":24,"key":"Poison Potion"},{"floor":30,"key":"LiquidBronze"}],"is_trial":false,"path_per_floor":["M","M","$","?","?","E","M","E","T","?","?","R","M","M","R","B",null,"M","$","?","$","?","R","E","M","T","R","M","R","E","M","R","B",null,"M","?","?","?","$","R","?","M","T","M","M"],"character_chosen":"DEFECT","items_purchased":["Conserve Battery","Glacier","Electrodynamics","Art of War","Barrage"],"campfire_rested":2,"item_purchase_floors":[3,19,21,39,39],"current_hp_per_floor":[68,68,68,65,65,65,65,57,57,57,42,64,64,64,64,50,69,47,47,31,31,75,75,55,40,40,40,33,55,53,52,52,18,61,50,50,50,50,50,50,50,50,50,32,0],"gold":180,"neow_bonus":"THREE_ENEMY_KILL","is_prod":false,"is_daily":false,"chose_seed":false,"campfire_upgraded":4,"win_rate":0,"timestamp":1548154079,"path_taken":["M","M","$","?","?","E","M","E","T","?","?","R","M","M","R","BOSS","M","$","?","$","?","R","E","M","T","R","M","R","E","?","R","BOSS","M","?","?","?","?","R","?","M","T","M","M"],"build_version":"2019-01-17v2","purchased_purges":3,"victory":false,"max_hp_per_floor":[75,75,75,75,75,75,75,75,75,75,75,75,75,75,75,75,75,75,75,75,75,75,75,75,75,75,75,75,75,75,75,75,75,75,75,75,75,71,71,71,71,71,71,71,71],"card_choices":[{"not_picked":["Lockon","Heatsinks"],"picked":"Melter","floor":1},{"not_picked":["Redo","Barrage"],"picked":"Go for the Eyes","floor":2},{"not_picked":["Melter","Stack"],"picked":"Recycle","floor":6},{"not_picked":["Compile Driver","Stack"],"picked":"Defragment","floor":7},{"not_picked":["Echo Form","Genetic Algorithm"],"picked":"Chill","floor":8},{"not_picked":["Ball Lightning","Beam Cell"],"picked":"FTL","floor":13},{"not_picked":["Gash","Genetic Algorithm"],"picked":"Static Discharge","floor":14},{"not_picked":["Core Surge","Meteor Strike"],"picked":"Creative AI","floor":16},{"not_picked":["Coolheaded+1","Compile Driver+1"],"picked":"Loop","floor":18},{"not_picked":["Blizzard","Stack","Conserve Battery"],"picked":"SKIP","floor":24},{"not_picked":["Turbo","Melter"],"picked":"Cold Snap","floor":25},{"not_picked":["Barrage","All For One"],"picked":"Leap","floor":28},{"not_picked":["Go for the Eyes+1","Rebound"],"picked":"Force Field","floor":30},{"not_picked":["Leap","Conserve Battery+1"],"picked":"BootSequence","floor":31},{"not_picked":["Electrodynamics","Buffer"],"picked":"Multi-Cast","floor":33},{"not_picked":["Gash+1","Static Discharge+1"],"picked":"Double Energy","floor":35},{"not_picked":["Go for the Eyes","Barrage","Conserve Battery"],"picked":"SKIP","floor":42},{"not_picked":["Turbo+1","Hologram","Steam"],"picked":"SKIP","floor":44}],"player_experience":258432,"relics_obtained":[{"floor":6,"key":"FossilizedHelix"},{"floor":8,"key":"Ornamental Fan"},{"floor":9,"key":"Emotion Chip"},{"floor":20,"key":"Nilry\u0027s Codex"},{"floor":24,"key":"Anchor"},{"floor":30,"key":"Pen Nib"},{"floor":41,"key":"Du-Vu Doll"},{"floor":43,"key":"Shuriken"}],"event_choices":[{"damage_healed":0,"gold_gain":0,"player_choice":"Success","damage_taken":3,"relics_obtained":["Torii"],"max_hp_gain":0,"max_hp_loss":0,"event_name":"Scrap Ooze","floor":4,"gold_loss":0},{"damage_healed":0,"gold_gain":175,"player_choice":"AGREE","damage_taken":0,"max_hp_gain":0,"max_hp_loss":0,"event_name":"Liars Game","floor":5,"gold_loss":0,"cards_obtained":["Doubt"]},{"damage_healed":0,"gold_gain":30,"player_choice":"Searched \u00271\u0027 times","damage_taken":0,"max_hp_gain":0,"max_hp_loss":0,"event_name":"Dead Adventurer","floor":10,"gold_loss":0},{"damage_healed":0,"gold_gain":0,"player_choice":"Entered Light","damage_taken":15,"max_hp_gain":0,"max_hp_loss":0,"event_name":"Shining Light","floor":11,"gold_loss":0,"cards_upgraded":["Recycle","Strike_B"]},{"damage_healed":0,"gold_gain":0,"player_choice":"Obtained Book","damage_taken":16,"max_hp_gain":0,"max_hp_loss":0,"event_name":"Cursed Tome","floor":20,"gold_loss":0},{"damage_healed":44,"gold_gain":0,"player_choice":"Full Heal","damage_taken":0,"max_hp_gain":0,"max_hp_loss":0,"event_name":"Wheel of Change","floor":22,"gold_loss":0},{"cards_removed":["Loop"],"damage_healed":0,"gold_gain":0,"player_choice":"Removed Power","damage_taken":0,"max_hp_gain":0,"max_hp_loss":0,"event_name":"Falling","floor":36,"gold_loss":0},{"damage_healed":0,"gold_gain":0,"player_choice":"Ignored","damage_taken":0,"max_hp_gain":0,"max_hp_loss":0,"event_name":"Tomb of Lord Red Mask","floor":37,"gold_loss":0},{"damage_healed":0,"gold_gain":0,"player_choice":"Max HP","damage_taken":0,"max_hp_gain":0,"max_hp_loss":4,"event_name":"Winding Halls","floor":38,"gold_loss":0},{"damage_healed":0,"gold_gain":0,"player_choice":"Fight","damage_taken":0,"max_hp_gain":0,"max_hp_loss":0,"event_name":"MindBloom","floor":41,"gold_loss":0}],"is_beta":false,"boss_relics":[{"not_picked":["Nuclear Battery","White Beast Statue"],"picked":"Inserter"},{"not_picked":["Orrery","Pandora\u0027s Box"],"picked":"Sozu"}],"items_purged_floors":[3,19,21],"is_endless":false,"potions_floor_spawned":[1,6,14,18,24,30,35,44],"killed_by":"Transient","ascension_level":9}