{"gold_per_floor":[118,193,7,7,7,7,42,60,140,165,165,115,33,33,33,33],"floor_reached":16,"playtime":417,"items_purged":[],"score":254,"play_id":"7e354500-7c28-4926-b082-fe29084cf5ae","local_time":"20190209223113","is_ascension_mode":true,"campfire_choices":[{"data":"Secret Technique","floor":6,"key":"SMITH"},{"data":"Cloak And Dagger","floor":11,"key":"SMITH"},{"data":"Discovery","floor":15,"key":"SMITH"}],"neow_cost":"NONE","seed_source_timestamp":265160131814921,"circlet_count":0,"master_deck":["AscendersBane","Defend_G","Defend_G","Defend_G","Strike_G","Strike_G","Strike_G","Strike_G","Survivor","Neutralize","Endless Agony","Secret Technique+1","Cloak And Dagger+1","Endless Agony","Escape Plan","Discovery+1"],"relics":["Ring of the Snake","NeowsBlessing","Art of War","Sundial","Strawberry"],"potions_floor_usage":[10,16],"damage_taken":[{"damage":0,"enemies":"Small Slimes","floor":1,"turns":1},{"damage":0,"enemies":"3 Sentries","floor":7,"turns":1},{"damage":0,"enemies":"2 Louse","floor":8,"turns":1},{"damage":0,"enemies":"Gremlin Nob","floor":10,"turns":2},{"damage":53,"enemies":"The Guardian","floor":16,"turns":10}],"seed_played":"-7836503605266665156","potions_obtained":[{"floor":8,"key":"AttackPotion"},{"floor":10,"key":"LiquidBronze"}],"is_trial":false,"path_per_floor":["M","?","$","?","$","R","E","M","T","E","R","?","$","?","R","B"],"character_chosen":"THE_SILENT","items_purchased":["Secret Technique","Discovery"],"campfire_rested":0,"item_purchase_floors":[3,13],"current_hp_per_floor":[63,52,52,52,52,52,52,52,52,59,59,59,59,52,52,0],"gold":33,"neow_bonus":"THREE_ENEMY_KILL","is_prod":false,"is_daily":false,"chose_seed":false,"campfire_upgraded":3,"win_rate":0,"timestamp":1549751473,"path_taken":["M","?","$","?","$","R","E","?","T","E","R","?","?","?","R","BOSS"],"build_version":"2019-02-06","purchased_purges":0,"victory":false,"max_hp_per_floor":[70,70,70,70,70,70,70,70,70,77,77,77,77,77,77,77],"card_choices":[{"not_picked":["PiercingWail","Concentrate"],"picked":"Endless Agony","floor":1},{"not_picked":["Acrobatics","All Out Attack"],"picked":"Cloak And Dagger","floor":7},{"not_picked":["Prepared","Slice"],"picked":"Endless Agony","floor":8},{"not_picked":["Concentrate","Sucker Punch"],"picked":"Escape Plan","floor":10}],"player_experience":584497,"relics_obtained":[{"floor":7,"key":"Art of War"},{"floor":9,"key":"Sundial"},{"floor":10,"key":"Strawberry"}],"event_choices":[{"damage_healed":0,"gold_gain":75,"player_choice":"Gather Gold","damage_taken":11,"max_hp_gain":0,"max_hp_loss":0,"event_name":"World of Goop","floor":2,"gold_loss":0},{"cards_removed":["Defend_G"],"damage_healed":0,"gold_gain":0,"player_choice":"Purged","damage_taken":0,"max_hp_gain":0,"max_hp_loss":0,"event_name":"Purifier","floor":4,"gold_loss":0},{"cards_removed":["Strike_G"],"damage_healed":0,"gold_gain":0,"player_choice":"Card Removal","damage_taken":0,"max_hp_gain":0,"max_hp_loss":0,"event_name":"The Cleric","floor":12,"gold_loss":50},{"cards_removed":["Defend_G"],"damage_healed":0,"gold_gain":0,"player_choice":"Card Removal","damage_taken":7,"max_hp_gain":0,"max_hp_loss":0,"event_name":"Golden Wing","floor":14,"gold_loss":0}],"is_beta":true,"boss_relics":[],"items_purged_floors":[],"is_endless":false,"potions_floor_spawned":[8,10],"killed_by":"The Guardian","ascension_level":13}