{"gold_per_floor":[109,109,127,145,162,162,172,172,172,188,188,206,92,106,106,209,209,224,224,124,124,140,140,140,140,140,140,140,154,101,118,118,215,215,232,232,39,56,76,76],"floor_reached":40,"playtime":1468,"items_purged":["Strike_R","Strike_R","Strike_R"],"score":380,"play_id":"4b385cc0-5396-4eeb-9a1e-6dbcd152b496","local_time":"20190111050240","is_ascension_mode":false,"campfire_choices":[{"data":"Spot Weakness","floor":11,"key":"SMITH"},{"data":"Heavy Blade","floor":15,"key":"SMITH"},{"data":"Rage","floor":23,"key":"SMITH"},{"data":"Bash","floor":25,"key":"SMITH"},{"data":"Inflame","floor":32,"key":"SMITH"}],"neow_cost":"NONE","seed_source_timestamp":45314716073132,"circlet_count":0,"master_deck":["Strike_R","Defend_R","Defend_R","Defend_R","Bash+1","Rage+1","Spot Weakness+1","Clash","Flex","Heavy Blade+1","Inflame+1","Reaper","Heavy Blade+1","Pummel","Shrug It Off","Offering","Ghostly Armor","Disarm","Armaments+1"],"relics":["Burning Blood"],"potions_floor_usage":[16,22,29,33,33,40],"damage_taken":[{"damage":13,"enemies":"Jaw Worm","floor":1,"turns":4},{"damage":0,"enemies":"2 Louse","floor":3,"turns":3},{"damage":0,"enemies":"Cultist","floor":4,"turns":3},{"damage":2,"enemies":"3 Louse","floor":5,"turns":4},{"damage":5,"enemies":"Exordium Thugs","floor":7,"turns":3},{"damage":2,"enemies":"Blue Slaver","floor":10,"turns":3},{"damage":13,"enemies":"Large Slime","floor":12,"turns":4},{"damage":3,"enemies":"Red Slaver","floor":14,"turns":2},{"damage":51,"enemies":"Hexaghost","floor":16,"turns":7},{"damage":5,"enemies":"Chosen","floor":18,"turns":4},{"damage":24,"enemies":"2 Thieves","floor":22,"turns":5},{"damage":32,"enemies":"Snake Plant","floor":29,"turns":4},{"damage":7,"enemies":"Centurion and Healer","floor":31,"turns":7},{"damage":67,"enemies":"Champ","floor":33,"turns":8},{"damage":6,"enemies":"Orb Walker","floor":35,"turns":2},{"damage":55,"enemies":"3 Darklings","floor":38,"turns":6},{"damage":39,"enemies":"Sphere and 2 Shapes","floor":39,"turns":8},{"damage":60,"enemies":"Reptomancer","floor":40,"turns":5}],"seed_played":"6760735494436684847","potions_obtained":[{"floor":4,"key":"Weak Potion"},{"floor":5,"key":"FearPotion"},{"floor":8,"key":"Regen Potion"},{"floor":8,"key":"SteroidPotion"},{"floor":16,"key":"SkillPotion"},{"floor":22,"key":"GamblersBrew"},{"floor":35,"key":"Fire Potion"}],"is_trial":false,"path_per_floor":["M","?","M","M","M","?","M","?","T","M","R","M","$","M","R","B",null,"M","?","$","T","M","R","?","R","T","?","T","M","$","M","R","B",null,"M","?","$","M","M","E"],"character_chosen":"IRONCLAD","items_purchased":["Inflame","Shrug It Off","Ghostly Armor"],"campfire_rested":0,"item_purchase_floors":[13,30,37],"current_hp_per_floor":[81,81,87,88,88,88,88,88,88,88,88,81,81,84,84,39,88,88,88,88,88,70,70,70,70,70,70,70,44,44,59,59,12,88,88,88,88,67,34,0],"gold":76,"neow_bonus":"TEN_PERCENT_HP_BONUS","is_prod":false,"is_daily":false,"chose_seed":false,"campfire_upgraded":5,"win_rate":0,"timestamp":1547182960,"path_taken":["M","?","M","M","M","?","M","?","T","M","R","?","$","M","R","BOSS","M","?","$","?","M","R","?","R","T","?","?","M","?","M","R","BOSS","M","?","$","?","M","E"],"build_version":"2019-01-09","purchased_purges":3,"victory":false,"max_hp_per_floor":[88,88,88,88,88,88,88,88,88,88,88,88,88,88,88,88,88,88,88,88,88,88,88,88,88,88,88,88,88,88,88,88,88,88,88,88,88,88,88,88],"card_choices":[{"not_picked":["Shrug It Off","Reckless Charge"],"picked":"Rage","floor":1},{"not_picked":["Dual Wield","Spot Weakness"],"picked":"Clash","floor":3},{"not_picked":["Evolve","Warcry","Rampage"],"picked":"SKIP","floor":4},{"not_picked":["Burning Pact","Twin Strike"],"picked":"Flex","floor":5},{"not_picked":["Rupture","Combust"],"picked":"Heavy Blade","floor":7},{"not_picked":["Sentinel","Armaments","Twin Strike"],"picked":"SKIP","floor":10},{"not_picked":["Wild Strike","Pommel Strike","Rampage"],"picked":"SKIP","floor":12},{"not_picked":["Anger","Clothesline","Twin Strike"],"picked":"SKIP","floor":14},{"not_picked":["Juggernaut","Bludgeon"],"picked":"Reaper","floor":16},{"not_picked":["Iron Wave","Sever Soul+1"],"picked":"Heavy Blade+1","floor":18},{"not_picked":["Warcry","Perfected Strike","Sever Soul"],"picked":"SKIP","floor":22},{"not_picked":["Perfected Strike","Anger","Twin Strike+1"],"picked":"SKIP","floor":29},{"not_picked":["Pommel Strike+1","Thunderclap+1","Anger"],"picked":"SKIP","floor":31},{"not_picked":["Barricade","Juggernaut"],"picked":"Offering","floor":33},{"not_picked":["Clash","Twin Strike+1","Clothesline+1"],"picked":"SKIP","floor":35},{"not_picked":["Wild Strike+1","Bloodletting"],"picked":"Disarm","floor":38},{"not_picked":["Cleave+1","Evolve+1"],"picked":"Armaments+1","floor":39}],"player_experience":399345,"relics_obtained":[],"event_choices":[{"damage_healed":0,"gold_gain":0,"cards_transformed":["Defend_R"],"player_choice":"Change","damage_taken":0,"max_hp_gain":0,"max_hp_loss":0,"event_name":"Living Wall","floor":2,"gold_loss":0,"cards_obtained":["Spot Weakness"]},{"damage_healed":0,"gold_gain":0,"player_choice":"Ignored","damage_taken":0,"max_hp_gain":0,"max_hp_loss":0,"event_name":"Golden Idol","floor":6,"gold_loss":0},{"damage_healed":0,"gold_gain":0,"player_choice":"Got Potions","damage_taken":0,"max_hp_gain":0,"max_hp_loss":0,"event_name":"Lab","floor":8,"gold_loss":0},{"damage_healed":0,"gold_gain":0,"cards_transformed":["Strike_R"],"player_choice":"Transformed","damage_taken":0,"max_hp_gain":0,"max_hp_loss":0,"event_name":"Transmorgrifier","floor":19,"gold_loss":0,"cards_obtained":["Pummel"]},{"damage_healed":0,"gold_gain":0,"player_choice":"Ignored","damage_taken":0,"max_hp_gain":0,"max_hp_loss":0,"event_name":"Ghosts","floor":24,"gold_loss":0},{"damage_healed":0,"gold_gain":0,"player_choice":"0 cards matched","damage_taken":0,"max_hp_gain":0,"max_hp_loss":0,"event_name":"Match and Keep!","floor":36,"gold_loss":0,"cards_obtained":[]}],"is_beta":true,"boss_relics":[{"not_picked":["Astrolabe","Runic Pyramid","Empty Cage"]},{"not_picked":["Astrolabe","Runic Pyramid","Empty Cage"]}],"items_purged_floors":[13,20,37],"is_endless":false,"potions_floor_spawned":[4,5,14,16,22,35],"killed_by":"Reptomancer","ascension_level":0}