{"gold_per_floor":[13,25,200,45,61,61,61,94,94,106,106,120,120,137,137,234,234,250,250,261,274,274,274,89,123,123,123,137,98,114,130,130,130],"floor_reached":33,"playtime":1449,"items_purged":["Doubt"],"score":363,"play_id":"d2a13469-ccf2-41c1-a9a7-6e277df5d51e","local_time":"20190114211328","is_ascension_mode":true,"campfire_choices":[{"data":"Trip","floor":6.0,"key":"SMITH"},{"data":"Metamorphosis","floor":13.0,"key":"SMITH"},{"data":"Flame Barrier","floor":15.0,"key":"SMITH"},{"data":"Dark Embrace","floor":23.0,"key":"SMITH"},{"floor":27.0,"key":"REST"},{"floor":32,"key":"REST"}],"neow_cost":"NO_GOLD","seed_source_timestamp":0,"circlet_count":0,"master_deck":["Strike_R","Strike_R","Strike_R","Strike_R","Strike_R","Defend_R","Defend_R","Defend_R","Bash","Trip+1","Metamorphosis+1","Shrug It Off","Infernal Blade","Iron Wave","Flame Barrier+1","Offering","Intimidate","Barricade+1","Metallicize","Warcry+1","Dark Embrace+1","Violence","Feel No Pain"],"special_seed":0,"relics":["Burning Blood","Mummified Hand","Anchor","Runic Cube","Nloth\u0027s Gift","PreservedInsect","Bottled Flame"],"potions_floor_usage":[33,33],"damage_taken":[{"damage":7.0,"enemies":"2 Louse","floor":1.0,"turns":4.0},{"damage":7.0,"enemies":"Jaw Worm","floor":2.0,"turns":3.0},{"damage":0.0,"enemies":"Cultist","floor":5.0,"turns":2.0},{"damage":12.0,"enemies":"Lagavulin","floor":8.0,"turns":6.0},{"damage":3.0,"enemies":"2 Fungi Beasts","floor":10.0,"turns":3.0},{"damage":14.0,"enemies":"Gremlin Gang","floor":12.0,"turns":5.0},{"damage":6.0,"enemies":"Large Slime","floor":14.0,"turns":3.0},{"damage":46.0,"enemies":"Hexaghost","floor":16.0,"turns":8.0},{"damage":7.0,"enemies":"2 Thieves","floor":18.0,"turns":3.0},{"damage":6.0,"enemies":"3 Byrds","floor":20.0,"turns":3.0},{"damage":35.0,"enemies":"Sentry and Sphere","floor":21.0,"turns":5.0},{"damage":32.0,"enemies":"Book of Stabbing","floor":25.0,"turns":4.0},{"damage":11.0,"enemies":"Cultist and Chosen","floor":28.0,"turns":4.0},{"damage":18.0,"enemies":"Snake Plant","floor":30.0,"turns":6.0},{"damage":0,"enemies":"Chosen and Byrds","floor":31,"turns":7},{"damage":56,"enemies":"Automaton","floor":33,"turns":8}],"seed_played":"976276988742868540","potions_obtained":[{"floor":2.0,"key":"Weak Potion"},{"floor":8.0,"key":"AttackPotion"},{"floor":20.0,"key":"Poison Potion"},{"floor":25.0,"key":"FearPotion"},{"floor":30.0,"key":"Explosive Potion"},{"floor":31,"key":"SmokeBomb"}],"is_trial":false,"path_per_floor":["M","M","?","$","M","R","T","E","T","M","?","M","R","M","R","B",null,"M","?","M","M","?","R","$","E","T","R","M","$","M","M","R","B"],"character_chosen":"IRONCLAD","items_purchased":["Infernal Blade","Violence","Feel No Pain"],"campfire_rested":2,"item_purchase_floors":[4,24,29],"current_hp_per_floor":[71,70,70,70,76,76,76,70,70,73,73,65,65,65,65,25,66,65,65,65,36,36,36,36,10,10,34,29,29,17,23,47,0],"gold":130,"neow_bonus":"RANDOM_COLORLESS_2","is_prod":false,"is_daily":false,"chose_seed":false,"campfire_upgraded":4,"win_rate":0,"timestamp":1547500408,"path_taken":["M","M","?","$","M","R","?","E","T","?","?","?","R","M","R","BOSS","M","?","?","M","?","R","$","E","T","R","?","?","M","?","R","BOSS"],"build_version":"2019-01-10","purchased_purges":1,"victory":false,"max_hp_per_floor":[80,80,80,80,80,80,80,80,80,80,80,80,80,80,80,80,80,80,80,80,80,80,80,80,80,80,80,80,80,80,80,80,80],"card_choices":[{"not_picked":["True Grit","Rupture","Body Slam"],"picked":"SKIP","floor":1.0},{"not_picked":["Burning Pact","Anger"],"picked":"Shrug It Off","floor":2.0},{"not_picked":["Hemokinesis","Thunderclap"],"picked":"Iron Wave","floor":5.0},{"not_picked":["Thunderclap","Carnage","Havoc"],"picked":"SKIP","floor":8.0},{"not_picked":["Pommel Strike","Clash"],"picked":"Flame Barrier","floor":10.0},{"not_picked":["Reaper","Sword Boomerang"],"picked":"Intimidate","floor":12.0},{"not_picked":["Wild Strike","Anger","Twin Strike"],"picked":"SKIP","floor":14.0},{"not_picked":["Berserk","Reaper"],"picked":"Barricade","floor":16.0},{"not_picked":["Pommel Strike","Twin Strike"],"picked":"Metallicize","floor":18.0},{"not_picked":["Carnage","Sword Boomerang"],"picked":"Warcry+1","floor":20.0},{"not_picked":["True Grit+1","Uppercut"],"picked":"Dark Embrace","floor":21.0},{"not_picked":["Offering","Burning Pact","Limit Break"],"picked":"SKIP","floor":25.0},{"not_picked":["Anger","Shrug It Off","Clothesline"],"picked":"SKIP","floor":28.0},{"not_picked":["Flame Barrier","Pommel Strike","Shrug It Off"],"picked":"SKIP","floor":30.0},{"not_picked":["Power Through","Blood for Blood","Headbutt"],"picked":"SKIP","floor":31}],"player_experience":413718,"relics_obtained":[{"floor":7.0,"key":"Mummified Hand"},{"floor":8.0,"key":"Anchor"},{"floor":9.0,"key":"Centennial Puzzle"},{"floor":25.0,"key":"PreservedInsect"},{"floor":26.0,"key":"Bottled Flame"}],"event_choices":[{"damage_healed":0.0,"max_hp_gain":0.0,"max_hp_loss":0.0,"gold_gain":175.0,"event_name":"Liars Game","player_choice":"AGREE","floor":3.0,"gold_loss":0.0,"damage_taken":0.0,"cards_obtained":["Doubt"]},{"damage_healed":0.0,"max_hp_gain":0.0,"max_hp_loss":0.0,"gold_gain":0.0,"cards_transformed":["Defend_R"],"event_name":"Transmorgrifier","player_choice":"Transformed","floor":11.0,"gold_loss":0.0,"damage_taken":0.0,"cards_obtained":["Offering"]},{"damage_healed":0.0,"max_hp_gain":0.0,"max_hp_loss":0.0,"gold_gain":0.0,"event_name":"N\u0027loth","player_choice":"Traded Relic","floor":19.0,"relics_lost":["Centennial Puzzle"],"gold_loss":0.0,"damage_taken":0.0,"relics_obtained":["Nloth\u0027s Gift"]},{"damage_healed":0.0,"max_hp_gain":0.0,"max_hp_loss":0.0,"gold_gain":0.0,"event_name":"Upgrade Shrine","player_choice":"Upgraded","floor":22.0,"gold_loss":0.0,"damage_taken":0.0,"cards_upgraded":["Barricade"]}],"is_beta":true,"boss_relics":[{"not_picked":["Ectoplasm","Velvet Choker"],"picked":"Runic Cube"}],"items_purged_floors":[4],"is_endless":false,"potions_floor_spawned":[2,8,20,25,30,31],"killed_by":"Automaton","ascension_level":7}