{"gold_per_floor":[119,52,127,138,88,116,116,142,168,197,220,232,256,286,298,414,426,456,483,495],"floor_reached":20,"playtime":1107,"items_purged":[],"score":223,"play_id":"8760cdd0-3602-46b5-90c2-07d07963221e","local_time":"20181110185714","is_ascension_mode":true,"campfire_choices":[{"data":"Barricade","floor":12.0,"key":"SMITH"},{"floor":15.0,"key":"REST"}],"neow_cost":"CURSE","seed_source_timestamp":0,"circlet_count":0,"master_deck":["Strike_R","Strike_R","Strike_R","Strike_R","Defend_R","Defend_R","Defend_R","Defend_R","Bash","Barricade+1","Second Wind","Metallicize","Sever Soul","Warcry","Dual Wield","Intimidate","Rage","Clash","Feed","Entrench"],"special_seed":0,"relics":["Burning Blood","Orichalcum","Mercury Hourglass","MawBank","Sozu"],"potions_floor_usage":[],"damage_taken":[{"damage":5.0,"enemies":"2 Louse","floor":1.0,"turns":4.0},{"damage":0.0,"enemies":"Small Slimes","floor":4.0,"turns":5.0},{"damage":23.0,"enemies":"3 Sentries","floor":6.0,"turns":7.0},{"damage":6.0,"enemies":"Gremlin Nob","floor":8.0,"turns":4.0},{"damage":0.0,"enemies":"Cultist","floor":10.0,"turns":4.0},{"damage":19.0,"enemies":"Gremlin Gang","floor":11.0,"turns":5.0},{"damage":6.0,"enemies":"3 Louse","floor":13.0,"turns":3.0},{"damage":6.0,"enemies":"Exordium Thugs","floor":14.0,"turns":4.0},{"damage":13.0,"enemies":"Slime Boss","floor":16.0,"turns":9.0},{"damage":14.0,"enemies":"Spheric Guardian","floor":18.0,"turns":5.0},{"damage":11.0,"enemies":"3 Byrds","floor":19.0,"turns":2.0},{"damage":21,"enemies":"Colosseum Slavers","floor":20,"turns":5},{"damage":52,"enemies":"Colosseum Nobs","floor":20,"turns":5}],"seed_played":"-2037192083889896454","potions_obtained":[{"floor":4.0,"key":"Explosive Potion"},{"floor":6.0,"key":"FearPotion"},{"floor":8.0,"key":"LiquidBronze"}],"is_trial":false,"path_per_floor":["M","$","?","M","?","E","?","E","T","M","M","R","M","M","R","B",null,"M","M","?"],"character_chosen":"IRONCLAD","items_purchased":["Metallicize"],"campfire_rested":1,"item_purchase_floors":[2],"current_hp_per_floor":[80,80,69,75,75,58,58,58,58,64,51,51,51,51,75,68,80,72,67,0],"gold":495,"neow_bonus":"THREE_RARE_CARDS","is_prod":false,"is_daily":false,"chose_seed":false,"campfire_upgraded":1,"win_rate":0,"timestamp":1541876234,"path_taken":["M","$","?","M","?","E","?","E","T","?","?","R","M","M","R","BOSS","M","M","?"],"build_version":"2018-11-08","purchased_purges":0,"victory":false,"max_hp_per_floor":[80,80,80,80,80,80,80,80,80,80,80,80,80,80,80,80,80,80,80,80],"card_choices":[{"not_picked":["Berserk","Double Tap"],"picked":"Barricade","floor":0.0},{"not_picked":["Pommel Strike","Sword Boomerang"],"picked":"Second Wind","floor":1.0},{"not_picked":["True Grit","Bloodletting"],"picked":"Sever Soul","floor":4.0},{"not_picked":["Evolve","Pummel"],"picked":"Warcry","floor":6.0},{"not_picked":["Armaments","Headbutt","Perfected Strike"],"picked":"SKIP","floor":8.0},{"not_picked":["Evolve","Carnage"],"picked":"Dual Wield","floor":10.0},{"not_picked":["Perfected Strike","Heavy Blade"],"picked":"Intimidate","floor":11.0},{"not_picked":["Warcry","Havoc"],"picked":"Rage","floor":13.0},{"not_picked":["Thunderclap","Havoc"],"picked":"Clash","floor":14.0},{"not_picked":["Barricade","Bludgeon"],"picked":"Feed","floor":16.0},{"not_picked":["Combust","Perfected Strike","Iron Wave"],"picked":"SKIP","floor":18.0},{"not_picked":["Armaments","Flex+1"],"picked":"Entrench","floor":19.0}],"player_experience":294557,"relics_obtained":[{"floor":6.0,"key":"Orichalcum"},{"floor":8.0,"key":"Mercury Hourglass"},{"floor":9.0,"key":"MawBank"}],"event_choices":[{"damage_healed":0.0,"max_hp_gain":0.0,"max_hp_loss":0.0,"gold_gain":75.0,"event_name":"World of Goop","player_choice":"Gather Gold","floor":3.0,"gold_loss":0.0,"damage_taken":11.0},{"cards_removed":["Decay"],"damage_healed":0.0,"max_hp_gain":0.0,"max_hp_loss":0.0,"gold_gain":0.0,"event_name":"The Cleric","player_choice":"Card Removal","floor":5.0,"gold_loss":50.0,"damage_taken":0.0},{"cards_removed":["Strike_R"],"damage_healed":0.0,"max_hp_gain":0.0,"max_hp_loss":0.0,"gold_gain":0.0,"event_name":"Purifier","player_choice":"Purged","floor":7.0,"gold_loss":0.0,"damage_taken":0.0},{"damage_healed":0,"gold_gain":0,"player_choice":"Fight","damage_taken":0,"max_hp_gain":0,"max_hp_loss":0,"event_name":"Colosseum","floor":20,"gold_loss":0},{"damage_healed":0,"gold_gain":0,"player_choice":"Fought Nobs","damage_taken":0,"max_hp_gain":0,"max_hp_loss":0,"event_name":"Colosseum","floor":20,"gold_loss":0}],"is_beta":true,"boss_relics":[{"not_picked":["Eternal Feather","White Beast Statue"],"picked":"Sozu"}],"items_purged_floors":[],"is_endless":false,"potions_floor_spawned":[4,6,8,18],"killed_by":"Colosseum Nobs","ascension_level":4}