{"gold_per_floor":[113,133,58,70,70,70,85,85,111,111,125,151,151,163,163,163],"floor_reached":16,"playtime":637,"items_purged":["Strike_B"],"score":179,"play_id":"d8df1fe2-6536-44c2-b3e9-90268aeb1aff","local_time":"20190212020023","is_ascension_mode":true,"campfire_choices":[{"data":"Zap","floor":6,"key":"SMITH"},{"data":"BootSequence","floor":8,"key":"SMITH"},{"data":"Dualcast","floor":10,"key":"SMITH"},{"floor":15,"key":"DIG"}],"neow_cost":"NONE","seed_source_timestamp":1741964306157313,"circlet_count":0,"master_deck":["AscendersBane","Strike_B","Strike_B","Strike_B","Defend_B","Defend_B","Defend_B+1","Defend_B","Zap+1","Dualcast+1","Rebound","Ball Lightning+1","BootSequence+1","Hologram","Leap"],"relics":["Cracked Core","Bag of Marbles","Strawberry","Shovel","Du-Vu Doll"],"potions_floor_usage":[12,16],"damage_taken":[{"damage":0,"enemies":"Cultist","floor":1,"turns":4},{"damage":5,"enemies":"Small Slimes","floor":2,"turns":4},{"damage":0,"enemies":"2 Louse","floor":4,"turns":3},{"damage":5,"enemies":"Blue Slaver","floor":7,"turns":3},{"damage":0,"enemies":"Exordium Wildlife","floor":11,"turns":2},{"damage":7,"enemies":"Lagavulin","floor":12,"turns":6},{"damage":0,"enemies":"Looter","floor":14,"turns":3},{"damage":28,"enemies":"Hexaghost","floor":16,"turns":9}],"seed_played":"1211761335795177252","potions_obtained":[{"floor":4,"key":"Weak Potion"},{"floor":7,"key":"AttackPotion"}],"is_trial":false,"path_per_floor":["M","M","$","M","?","R","M","R","T","R","M","E","?","M","R","B"],"character_chosen":"DEFECT","items_purchased":[],"campfire_rested":0,"item_purchase_floors":[],"current_hp_per_floor":[71,66,66,66,43,43,38,38,38,38,38,38,27,27,27,0],"gold":163,"neow_bonus":"TEN_PERCENT_HP_BONUS","is_prod":false,"is_daily":false,"chose_seed":false,"campfire_upgraded":3,"win_rate":0,"timestamp":1549904423,"path_taken":["M","?","$","M","?","R","M","R","T","R","M","E","?","M","R","BOSS"],"build_version":"2019-01-23","purchased_purges":1,"victory":false,"max_hp_per_floor":[78,78,78,78,78,78,78,78,78,78,78,85,85,85,85,85],"card_choices":[{"not_picked":["Aggregate","Reinforced Body"],"picked":"Rebound","floor":1},{"not_picked":["Steam Power","Redo","Stack"],"picked":"SKIP","floor":2},{"not_picked":["Beam Cell","Hologram"],"picked":"Ball Lightning","floor":4},{"not_picked":["Barrage","Redo"],"picked":"BootSequence","floor":7},{"not_picked":["Ball Lightning","Barrage"],"picked":"Hologram","floor":11},{"not_picked":["Compile Driver","Heatsinks"],"picked":"Leap","floor":12},{"not_picked":["Go for the Eyes","Blizzard","Steam Power"],"picked":"SKIP","floor":14}],"player_experience":971722,"relics_obtained":[{"floor":9,"key":"Bag of Marbles"},{"floor":12,"key":"Strawberry"},{"floor":15,"key":"Du-Vu Doll"}],"event_choices":[{"damage_healed":0,"gold_gain":0,"player_choice":"Entered Light","damage_taken":23,"max_hp_gain":0,"max_hp_loss":0,"event_name":"Shining Light","floor":5,"gold_loss":0,"cards_upgraded":["Ball Lightning","Defend_B"]},{"damage_healed":0,"gold_gain":0,"player_choice":"Success","damage_taken":11,"relics_obtained":["Shovel"],"max_hp_gain":0,"max_hp_loss":0,"event_name":"Scrap Ooze","floor":13,"gold_loss":0}],"is_beta":false,"boss_relics":[],"items_purged_floors":[3],"is_endless":false,"potions_floor_spawned":[4,7],"killed_by":"Hexaghost","ascension_level":15}