{"gold_per_floor":[115,125,125,140,150,184,184,219,219,230,230,241,316,384,384,489,489,509,481,494,594,432,432,449,461,486,498,498,533,544,68,68,68],"floor_reached":33,"playtime":3019,"items_purged":["Strike_R","Strike_R"],"score":331,"play_id":"df9c34b0-c0c7-4ffb-9999-22444c0e41c7","local_time":"20190212010148","is_ascension_mode":false,"campfire_choices":[{"floor":7,"key":"REST"},{"data":"Seeing Red","floor":11,"key":"SMITH"},{"floor":15,"key":"REST"},{"data":"Discovery","floor":23,"key":"SMITH"},{"floor":28,"key":"REST"},{"floor":32,"key":"REST"}],"neow_cost":"NONE","seed_source_timestamp":39343043949259,"circlet_count":0,"master_deck":["Strike_R","Strike_R","Strike_R","Defend_R","Defend_R","Defend_R","Defend_R","Bash","Pommel Strike","Pommel Strike","Rampage","Armaments","Clothesline","Metallicize","Seeing Red+1","Feed","Barricade+1","True Grit","True Grit+1","Headbutt","Discovery+1","Reaper","Sentinel+1","Apotheosis","Flash of Steel"],"special_seed":0,"relics":["Burning Blood","NeowsBlessing","Strawberry","Red Skull","Bag of Preparation","Frozen Egg 2","Velvet Choker","Charon\u0027s Ashes","Letter Opener","Anchor","The Courier","ClockworkSouvenir"],"potions_floor_usage":[8,16,18,21,29,33],"damage_taken":[{"damage":0.0,"enemies":"Small Slimes","floor":1.0,"turns":1.0},{"damage":0.0,"enemies":"Cultist","floor":2.0,"turns":1.0},{"damage":0.0,"enemies":"2 Louse","floor":4.0,"turns":1.0},{"damage":16.0,"enemies":"Blue Slaver","floor":5.0,"turns":4.0},{"damage":41.0,"enemies":"3 Sentries","floor":6.0,"turns":11.0},{"damage":29,"enemies":"Lagavulin","floor":8,"turns":8},{"damage":3,"enemies":"Exordium Wildlife","floor":10,"turns":5},{"damage":4,"enemies":"Looter","floor":12,"turns":3},{"damage":56,"enemies":"Hexaghost","floor":16,"turns":12},{"damage":17,"enemies":"Spheric Guardian","floor":18,"turns":6},{"damage":23,"enemies":"2 Thieves","floor":19,"turns":5},{"damage":8,"enemies":"Snecko","floor":20,"turns":6},{"damage":33,"enemies":"Colosseum Slavers","floor":21,"turns":6},{"damage":17,"enemies":"Colosseum Nobs","floor":21,"turns":5},{"damage":7,"enemies":"Chosen and Byrds","floor":24,"turns":6},{"damage":25,"enemies":"3 Cultists","floor":25,"turns":6},{"damage":1,"enemies":"Centurion and Healer","floor":27,"turns":5},{"damage":67,"enemies":"Book of Stabbing","floor":29,"turns":7},{"damage":16,"enemies":"Shelled Parasite and Fungi","floor":30,"turns":5},{"damage":53,"enemies":"Automaton","floor":33,"turns":6}],"seed_played":"-7735719176193715573","potions_obtained":[{"floor":5.0,"key":"Swift Potion"},{"floor":6.0,"key":"Regen Potion"},{"floor":8,"key":"Dexterity Potion"},{"floor":20,"key":"Regen Potion"},{"floor":21,"key":"SneckoOil"},{"floor":30,"key":"Weak Potion"}],"is_trial":false,"path_per_floor":["M","M","?","M","M","E","R","E","T","M","R","M","?","T","R","B",null,"M","M","M","?","$","R","M","M","T","M","R","E","M","$","R","B"],"character_chosen":"IRONCLAD","items_purchased":["Discovery","Apotheosis","ClockworkSouvenir","Flash of Steel"],"campfire_rested":4,"item_purchase_floors":[22,31,31,31],"current_hp_per_floor":[80,80,80,80,70,42,68,54,54,57,57,59,48,48,74,27,90,82,65,66,49,49,49,51,35,35,40,72,15,10,10,43,0],"gold":68,"neow_bonus":"THREE_ENEMY_KILL","is_prod":false,"is_daily":false,"chose_seed":false,"campfire_upgraded":2,"win_rate":0,"timestamp":1549954908,"path_taken":["M","M","?","?","?","E","R","E","T","M","R","?","?","?","R","BOSS","M","M","M","?","$","R","M","M","T","M","R","E","M","$","R","BOSS"],"build_version":"2019-01-23","purchased_purges":2,"victory":false,"max_hp_per_floor":[80,80,80,80,80,87,87,87,87,87,87,87,87,87,87,90,90,93,93,96,102,102,102,105,108,108,108,108,108,111,111,111,111],"card_choices":[{"not_picked":["Armaments","Whirlwind"],"picked":"Pommel Strike","floor":1.0},{"not_picked":["Clothesline","Perfected Strike"],"picked":"Pommel Strike","floor":2.0},{"not_picked":["Perfected Strike","Flex"],"picked":"Rampage","floor":4.0},{"not_picked":["Clothesline","Heavy Blade"],"picked":"Armaments","floor":5.0},{"not_picked":["Fire Breathing","Anger"],"picked":"Clothesline","floor":6.0},{"not_picked":["Clothesline","Anger"],"picked":"Metallicize","floor":8},{"not_picked":["Disarm","Combust"],"picked":"Seeing Red","floor":10},{"not_picked":["Sever Soul","Iron Wave"],"picked":"Feed","floor":12},{"not_picked":["Impervious","Fiend Fire"],"picked":"Barricade+1","floor":16},{"not_picked":["Warcry","Hemokinesis"],"picked":"True Grit","floor":18},{"not_picked":["Iron Wave","Flex"],"picked":"True Grit+1","floor":19},{"not_picked":["Evolve+1","Pommel Strike","Pummel+1"],"picked":"SKIP","floor":20},{"not_picked":["Bludgeon","Anger"],"picked":"Headbutt","floor":21},{"not_picked":["Intimidate+1","Cleave","Burning Pact+1"],"picked":"SKIP","floor":24},{"not_picked":["Searing Blow","Twin Strike","Pummel"],"picked":"SKIP","floor":25},{"not_picked":["Clothesline","Sword Boomerang"],"picked":"Reaper","floor":27},{"not_picked":["Havoc","Thunderclap","Cleave"],"picked":"SKIP","floor":29},{"not_picked":["Clash+1","Burning Pact"],"picked":"Sentinel+1","floor":30}],"player_experience":164142,"relics_obtained":[{"floor":6.0,"key":"Strawberry"},{"floor":8,"key":"Red Skull"},{"floor":9,"key":"Bag of Preparation"},{"floor":14,"key":"Frozen Egg 2"},{"floor":21,"key":"Charon\u0027s Ashes"},{"floor":21,"key":"Letter Opener"},{"floor":26,"key":"Anchor"},{"floor":29,"key":"The Courier"}],"event_choices":[{"damage_healed":0.0,"max_hp_gain":0.0,"max_hp_loss":0.0,"gold_gain":0.0,"event_name":"The Woman in Blue","player_choice":"Bought 0 Potions","floor":3.0,"gold_loss":0.0,"damage_taken":0.0},{"damage_healed":0,"gold_gain":75,"player_choice":"Gather Gold","damage_taken":11,"max_hp_gain":0,"max_hp_loss":0,"event_name":"World of Goop","floor":13,"gold_loss":0},{"damage_healed":0,"gold_gain":0,"player_choice":"Fight","damage_taken":0,"max_hp_gain":0,"max_hp_loss":0,"event_name":"Colosseum","floor":21,"gold_loss":0},{"damage_healed":0,"gold_gain":0,"player_choice":"Fought Nobs","damage_taken":0,"max_hp_gain":0,"max_hp_loss":0,"event_name":"Colosseum","floor":21,"gold_loss":0}],"is_beta":false,"boss_relics":[{"not_picked":["Ectoplasm","Busted Crown"],"picked":"Velvet Choker"}],"items_purged_floors":[22,31],"is_endless":false,"potions_floor_spawned":[5,6,8,20,21,21,30],"killed_by":"Automaton","ascension_level":0}