{"gold_per_floor":[113,188,188,188,202,202,212,225,225,206,219,219,11,31,31,133,133,144,324,339,355,355,355,368,379,447,447],"floor_reached":27,"playtime":1543,"items_purged":[],"score":209,"play_id":"b63555ee-d365-44d1-a968-88de862b61f7","local_time":"20190112063205","is_ascension_mode":false,"campfire_choices":[{"floor":6,"key":"REST"},{"floor":15,"key":"REST"},{"floor":23,"key":"REST"}],"neow_cost":"NONE","seed_source_timestamp":137007624702165,"circlet_count":0,"master_deck":["Strike_B","Strike_B","Strike_B","Defend_B","Defend_B","Defend_B","Defend_B","Zap","Dualcast","FTL","Reboot","Coolheaded","Reinforced Body","Seek+1","Gash","Mayhem","Undo","Fission","Madness","Jack Of All Trades","Discovery","Good Instincts","Redo+1","Capacitor"],"relics":["Fusion Hammer"],"potions_floor_usage":[8,20,24,25,25],"damage_taken":[{"damage":0,"enemies":"2 Louse","floor":1,"turns":1},{"damage":0,"enemies":"Small Slimes","floor":5,"turns":2},{"damage":1,"enemies":"Jaw Worm","floor":7,"turns":2},{"damage":1,"enemies":"Lots of Slimes","floor":8,"turns":4},{"damage":13,"enemies":"Exordium Thugs","floor":10,"turns":5},{"damage":0,"enemies":"Looter","floor":11,"turns":3},{"damage":8,"enemies":"Large Slime","floor":14,"turns":8},{"damage":13,"enemies":"The Guardian","floor":16,"turns":12},{"damage":7,"enemies":"Shell Parasite","floor":18,"turns":7},{"damage":0,"enemies":"3 Byrds","floor":20,"turns":7},{"damage":4,"enemies":"Centurion and Healer","floor":21,"turns":12},{"damage":13,"enemies":"Sentry and Sphere","floor":24,"turns":12},{"damage":22,"enemies":"3 Cultists","floor":25,"turns":8},{"damage":0,"enemies":"Centurion and Healer","floor":27,"turns":1}],"seed_played":"6280183644228059039","potions_obtained":[{"floor":1,"key":"Fire Potion"},{"floor":10,"key":"Swift Potion"},{"floor":11,"key":"SpeedPotion"},{"floor":14,"key":"Block Potion"},{"floor":18,"key":"Dexterity Potion"},{"floor":20,"key":"Block Potion"}],"is_trial":false,"path_per_floor":["M","?","?","?","M","R","M","M","T","M","M","?","$","M","R","B",null,"M","?","M","M","T","R","M","M","T","M"],"character_chosen":"DEFECT","items_purchased":["Mayhem","Undo"],"campfire_rested":3,"item_purchase_floors":[13,13],"current_hp_per_floor":[75,64,57,57,57,75,74,73,73,60,60,60,60,52,74,61,75,68,19,19,15,15,37,24,2,2,2],"gold":447,"neow_bonus":"BOSS_RELIC","is_prod":false,"is_daily":false,"chose_seed":false,"campfire_upgraded":0,"win_rate":0,"timestamp":1547274725,"path_taken":["M","?","?","?","M","R","M","M","T","M","M","?","$","M","R","BOSS","M","?","?","M","?","R","M","?","T","M"],"build_version":"2019-01-10","purchased_purges":0,"victory":false,"max_hp_per_floor":[75,75,75,75,75,75,75,75,75,75,75,75,75,75,75,75,75,75,75,75,75,75,75,75,75,75,75],"card_choices":[{"not_picked":["Ball Lightning","Steam"],"picked":"FTL","floor":1},{"not_picked":["Barrage","Steam Power"],"picked":"Reboot","floor":5},{"not_picked":["Stack","Cold Snap"],"picked":"Coolheaded","floor":7},{"not_picked":["Genetic Algorithm","Reprogram"],"picked":"Reinforced Body","floor":8},{"not_picked":["Streamline","Consume"],"picked":"Seek","floor":10},{"not_picked":["Turbo","Force Field"],"picked":"Gash","floor":11},{"not_picked":["Auto Shields","Coolheaded","Conserve Battery"],"picked":"SKIP","floor":14},{"not_picked":["Biased Cognition","Hyperbeam"],"picked":"Fission","floor":16},{"not_picked":["Leap","Lockon","Ball Lightning"],"picked":"SKIP","floor":18},{"not_picked":["Barrage+1","Redo","Turbo"],"picked":"SKIP","floor":20},{"not_picked":["Ball Lightning","Conserve Battery"],"picked":"Redo+1","floor":21},{"not_picked":["Leap","Reinforced Body"],"picked":"Capacitor","floor":24},{"not_picked":["Beam Cell","Redo+1","Ball Lightning"],"picked":"SKIP","floor":25}],"player_experience":403531,"relics_obtained":[],"event_choices":[{"damage_healed":0,"gold_gain":75,"player_choice":"Gather Gold","damage_taken":11,"max_hp_gain":0,"max_hp_loss":0,"event_name":"World of Goop","floor":2,"gold_loss":0},{"cards_removed":["Strike_B"],"damage_healed":0,"gold_gain":0,"player_choice":"Card Removal","damage_taken":7,"max_hp_gain":0,"max_hp_loss":0,"event_name":"Golden Wing","floor":3,"gold_loss":0},{"damage_healed":0,"gold_gain":0,"player_choice":"Fled","damage_taken":0,"max_hp_gain":0,"max_hp_loss":0,"event_name":"Scrap Ooze","floor":4,"gold_loss":0},{"damage_healed":0,"gold_gain":0,"player_choice":"Grow","damage_taken":0,"max_hp_gain":0,"max_hp_loss":0,"event_name":"Living Wall","floor":12,"gold_loss":0,"cards_upgraded":["Seek"]},{"damage_healed":0,"gold_gain":180,"player_choice":"CARD CARD CARD GOLD GOLD CARD ","damage_taken":49,"max_hp_gain":0,"max_hp_loss":0,"event_name":"Knowing Skull","floor":19,"potions_obtained":[],"gold_loss":0,"cards_obtained":["Madness","Jack Of All Trades","Discovery","Good Instincts"]}],"is_beta":true,"boss_relics":[{"not_picked":["Runic Dome","Orrery","Black Star"]}],"items_purged_floors":[],"is_endless":false,"potions_floor_spawned":[1,10,11,14,18,20],"killed_by":"Centurion and Healer","ascension_level":0}