{"gold_per_floor":[217,233,183,194,210,210,241,241,267,297,472,82,82,95,95,190,190,205,170,95,107,154,154],"floor_reached":23,"playtime":952,"items_purged":[],"score":302,"play_id":"21d7b8b6-22d3-4180-b808-cc841a125660","local_time":"20190128051928","is_ascension_mode":true,"campfire_choices":[{"data":"Tempest","floor":6,"key":"SMITH"},{"data":"Zap","floor":8,"key":"SMITH"},{"data":"Apotheosis","floor":15,"key":"SMITH"}],"neow_cost":"NONE","seed_source_timestamp":1515642237100130,"circlet_count":0,"master_deck":["AscendersBane","Strike_B","Strike_B","Defend_B","Defend_B","Defend_B","Defend_B","Zap+1","Dualcast","Sweeping Beam","Glacier","Coolheaded","Tempest+1","Defragment","Apotheosis+1","Deep Breath","Thunder Strike"],"relics":["Cracked Core","Oddly Smooth Stone","Omamori","Pen Nib","PrismaticShard","Meat on the Bone","Philosopher\u0027s Stone","Anchor"],"potions_floor_usage":[7,10,18,23],"damage_taken":[{"damage":7,"enemies":"Small Slimes","floor":1,"turns":3},{"damage":4,"enemies":"Jaw Worm","floor":2,"turns":3},{"damage":0,"enemies":"2 Louse","floor":4,"turns":2},{"damage":12,"enemies":"Exordium Wildlife","floor":5,"turns":8},{"damage":5,"enemies":"3 Sentries","floor":7,"turns":5},{"damage":12,"enemies":"Gremlin Nob","floor":10,"turns":4},{"damage":0,"enemies":"Blue Slaver","floor":14,"turns":4},{"damage":32,"enemies":"Slime Boss","floor":16,"turns":8},{"damage":20,"enemies":"Chosen","floor":18,"turns":7},{"damage":17,"enemies":"2 Thieves","floor":19,"turns":5},{"damage":13,"enemies":"Snake Plant","floor":21,"turns":3},{"damage":38,"enemies":"Slavers","floor":23,"turns":4}],"seed_played":"3655069757889067026","potions_obtained":[{"floor":4,"key":"FocusPotion"},{"floor":7,"key":"PowerPotion"},{"floor":10,"key":"EssenceOfSteel"},{"floor":18,"key":"Ancient Potion"}],"is_trial":false,"path_per_floor":["M","M","?","M","M","R","E","R","T","E","?","$","T","M","R","B",null,"M","M","?","M","T","E"],"character_chosen":"DEFECT","items_purchased":["PrismaticShard","Apotheosis"],"campfire_rested":0,"item_purchase_floors":[12,12],"current_hp_per_floor":[61,57,57,57,45,45,40,40,40,28,28,28,28,40,40,20,61,41,36,36,35,35,0],"gold":154,"neow_bonus":"HUNDRED_GOLD","is_prod":false,"is_daily":false,"chose_seed":false,"campfire_upgraded":3,"win_rate":0,"timestamp":1548652768,"path_taken":["M","M","?","M","M","R","E","R","T","E","?","$","?","M","R","BOSS","M","M","?","M","?","E"],"build_version":"2019-01-23","purchased_purges":0,"victory":false,"max_hp_per_floor":[75,75,75,75,75,75,75,75,75,75,75,75,75,75,75,75,75,75,75,75,75,75,75],"card_choices":[{"not_picked":["Streamline","Conserve Battery"],"picked":"Sweeping Beam","floor":1},{"not_picked":["Cold Snap","Compile Driver"],"picked":"Glacier","floor":2},{"not_picked":["Genetic Algorithm","Ball Lightning"],"picked":"Coolheaded","floor":4},{"not_picked":["Turbo","Glacier"],"picked":"Tempest","floor":5},{"not_picked":["Storm","Doom and Gloom","Reprogram"],"picked":"SKIP","floor":7},{"not_picked":["Recycle","Turbo"],"picked":"Defragment","floor":10},{"not_picked":["Quick Slash","Cleave"],"picked":"Deep Breath","floor":14},{"not_picked":["Seek","Bludgeon"],"picked":"Thunder Strike","floor":16},{"not_picked":["Cloak And Dagger+1","True Grit","Twin Strike+1"],"picked":"SKIP","floor":18},{"not_picked":["Body Slam","Endless Agony","Turbo"],"picked":"SKIP","floor":19},{"not_picked":["Twin Strike","Forethought","Accuracy"],"picked":"SKIP","floor":21}],"player_experience":496865,"relics_obtained":[{"floor":7,"key":"Oddly Smooth Stone"},{"floor":9,"key":"Omamori"},{"floor":10,"key":"Pen Nib"},{"floor":13,"key":"Meat on the Bone"},{"floor":22,"key":"Anchor"}],"event_choices":[{"cards_removed":["Strike_B"],"damage_healed":0,"gold_gain":0,"player_choice":"Card Removal","damage_taken":0,"max_hp_gain":0,"max_hp_loss":0,"event_name":"The Cleric","floor":3,"gold_loss":50},{"damage_healed":0,"gold_gain":175,"player_choice":"AGREE","damage_taken":0,"max_hp_gain":0,"max_hp_loss":0,"event_name":"Liars Game","floor":11,"gold_loss":0,"cards_obtained":["Doubt"]},{"cards_removed":["Strike_B"],"damage_healed":0,"gold_gain":0,"player_choice":"Gave Gold","damage_taken":0,"max_hp_gain":0,"max_hp_loss":0,"event_name":"Beggar","floor":20,"gold_loss":75}],"is_beta":true,"boss_relics":[{"not_picked":["Nuclear Battery","Ectoplasm"],"picked":"Philosopher\u0027s Stone"}],"items_purged_floors":[],"is_endless":false,"potions_floor_spawned":[4,7,10,18],"killed_by":"Slavers","ascension_level":10}