{"gold_per_floor":[111,123,123,138,9,9,24,24,50,60,60,60,88,118,118,193,193,212,227,7,7,23,23,49,68,115,115,43,43,73,73,73,150,150,167,182,182,34,44,75,75,103,103,114,125,125,144,160,160,160,160,160,10,38,38],"floor_reached":55,"playtime":4063,"items_purged":["Pain","Normality"],"score":1561,"play_id":"b268f25d-4b24-4433-973f-f15ad882f8ee","local_time":"20190212192202","is_ascension_mode":true,"campfire_choices":[{"data":"Defragment","floor":6.0,"key":"SMITH"},{"data":"Zap","floor":8.0,"key":"SMITH"},{"data":"Buffer","floor":11.0,"key":"SMITH"},{"data":"Conserve Battery","floor":15.0,"key":"SMITH"},{"floor":23.0,"key":"REST"},{"data":"Defragment","floor":27.0,"key":"SMITH"},{"data":"Coolheaded","floor":29.0,"key":"SMITH"},{"data":"Defragment","floor":32.0,"key":"SMITH"},{"data":"Seek","floor":41.0,"key":"SMITH"},{"floor":46.0,"key":"RECALL"},{"data":"Echo Form","floor":49.0,"key":"SMITH"},{"floor":52.0,"key":"REST"}],"neow_cost":"NONE","seed_source_timestamp":1800622273563953,"circlet_count":0,"master_deck":["AscendersBane","Strike_B+1","Strike_B","Defend_B","Defend_B","Defend_B","Zap+1","Dualcast","Steam Power","Rip and Tear","Defragment+1","Cold Snap+1","Conserve Battery+1","Buffer+1","Doom and Gloom","Echo Form+1","BootSequence","White Noise+1","Defragment+1","Coolheaded+1","Self Repair","BootSequence+1","Glacier","Defragment+1","Heatsinks","Echo Form","Seek+1","Conserve Battery+1","Core Surge","Multi-Cast+1","Amplify+1"],"special_seed":0,"relics":["Cracked Core","WarpedTongs","Whetstone","Bag of Marbles","Tiny Chest","Nuclear Battery","Bag of Preparation","Omamori","Orichalcum","Gambling Chip","Calling Bell","Blood Vial","Toxic Egg 2","Mango","DataDisk","Smiling Mask","Blue Candle"],"potions_floor_usage":[55,55],"damage_taken":[{"damage":1.0,"enemies":"2 Louse","floor":1.0,"turns":3.0},{"damage":0.0,"enemies":"Cultist","floor":2.0,"turns":3.0},{"damage":3.0,"enemies":"Small Slimes","floor":4.0,"turns":2.0},{"damage":0.0,"enemies":"Looter","floor":7.0,"turns":3.0},{"damage":0.0,"enemies":"Large Slime","floor":10.0,"turns":3.0},{"damage":0.0,"enemies":"Lagavulin","floor":13.0,"turns":7.0},{"damage":0.0,"enemies":"The Guardian","floor":16.0,"turns":11.0},{"damage":18.0,"enemies":"Shell Parasite","floor":18.0,"turns":4.0},{"damage":18.0,"enemies":"3 Byrds","floor":19.0,"turns":4.0},{"damage":0.0,"enemies":"Snecko","floor":22.0,"turns":5.0},{"damage":8.0,"enemies":"Book of Stabbing","floor":24.0,"turns":6.0},{"damage":6.0,"enemies":"Snake Plant","floor":25.0,"turns":4.0},{"damage":10.0,"enemies":"Gremlin Leader","floor":30.0,"turns":7.0},{"damage":0.0,"enemies":"Automaton","floor":33.0,"turns":8.0},{"damage":0.0,"enemies":"3 Darklings","floor":35.0,"turns":4.0},{"damage":0.0,"enemies":"3 Shapes","floor":36.0,"turns":6.0},{"damage":0.0,"enemies":"Jaw Worm Horde","floor":39.0,"turns":4.0},{"damage":0.0,"enemies":"Reptomancer","floor":40.0,"turns":7.0},{"damage":0.0,"enemies":"Giant Head","floor":42.0,"turns":10.0},{"damage":0.0,"enemies":"4 Shapes","floor":44.0,"turns":8.0},{"damage":0.0,"enemies":"Sphere and 2 Shapes","floor":45.0,"turns":8.0},{"damage":0.0,"enemies":"Maw","floor":47.0,"turns":8.0},{"damage":0.0,"enemies":"4 Shapes","floor":48.0,"turns":3.0},{"damage":28.0,"enemies":"Time Eater","floor":50.0,"turns":14.0},{"damage":36.0,"enemies":"Shield and Spear","floor":54.0,"turns":10.0},{"damage":9,"enemies":"The Heart","floor":55,"turns":7}],"seed_played":"5534649822753308920","potions_obtained":[{"floor":2.0,"key":"Ancient Potion"},{"floor":10.0,"key":"FearPotion"},{"floor":22.0,"key":"Fire Potion"},{"floor":25.0,"key":"Swift Potion"},{"floor":30.0,"key":"Block Potion"}],"is_trial":false,"path_per_floor":["M","M","?","M","$","R","M","R","T","M","R","$","E","?","R","B",null,"M","M","$","$","M","R","E","M","T","R","$","R","E","?","R","B",null,"M","M","?","$","M","E","R","E","T","M","M","R","M","M","R","B",null,"R","$","E","B"],"character_chosen":"DEFECT","items_purchased":["Conserve Battery","Bag of Preparation","Defragment","Glacier","SpeedPotion","Amplify+1"],"campfire_rested":2,"item_purchase_floors":[5,20,20,28,38,53],"current_hp_per_floor":[63,63,63,60,60,60,60,60,60,60,60,60,60,60,60,60,68,50,32,32,32,32,53,45,53,53,53,53,53,63,63,63,63,83,85,85,85,85,85,85,85,85,85,85,85,85,85,85,85,77,83,85,85,63,56],"gold":38,"neow_bonus":"TRANSFORM_CARD","is_prod":false,"is_daily":false,"chose_seed":false,"campfire_upgraded":9,"win_rate":0,"timestamp":1549966922,"path_taken":["M","M","?","M","?","R","M","R","T","M","R","$","E","?","R","BOSS","M","M","?","$","M","R","E","M","T","R","$","R","E","?","R","BOSS","M","M","?","$","M","E","R","E","T","M","M","R","M","M","R","BOSS","R","$","E","BOSS"],"build_version":"2019-01-23","purchased_purges":2,"victory":false,"max_hp_per_floor":[71,71,71,71,71,71,71,71,71,71,71,71,71,71,71,71,71,71,71,71,71,71,71,71,71,71,71,71,71,71,71,71,71,85,85,85,85,85,85,85,85,85,85,85,85,85,85,85,85,85,85,85,85,85,85],"card_choices":[{"not_picked":["Compile Driver","Gash"],"picked":"Rip and Tear","floor":1.0},{"not_picked":["Go for the Eyes","Compile Driver"],"picked":"Defragment","floor":2.0},{"not_picked":["Gash","Fusion"],"picked":"Cold Snap","floor":4.0},{"not_picked":["Streamline","Rebound"],"picked":"Buffer","floor":7.0},{"not_picked":["Go for the Eyes","Consume"],"picked":"Doom and Gloom","floor":10.0},{"not_picked":["Genetic Algorithm","Hello World","Doom and Gloom"],"picked":"SKIP","floor":13.0},{"not_picked":["Electrodynamics","Meteor Strike"],"picked":"Echo Form","floor":16.0},{"not_picked":["Cold Snap","Stack"],"picked":"BootSequence","floor":18.0},{"not_picked":["Rebound","Force Field"],"picked":"White Noise+1","floor":19.0},{"not_picked":["Steam","Barrage"],"picked":"Coolheaded","floor":22.0},{"not_picked":["Go for the Eyes","Sweeping Beam+1"],"picked":"Self Repair","floor":24.0},{"not_picked":["Rebound","Stack"],"picked":"BootSequence+1","floor":25.0},{"not_picked":["Force Field","Doom and Gloom"],"picked":"Defragment","floor":30.0},{"not_picked":["Buffer","Creative AI"],"picked":"Seek","floor":33.0},{"not_picked":["Self Repair","Barrage"],"picked":"Conserve Battery+1","floor":35.0},{"not_picked":["Compile Driver+1","Chill+1"],"picked":"Core Surge","floor":36.0},{"not_picked":["Compile Driver","Redo+1","Barrage"],"picked":"SKIP","floor":39.0},{"not_picked":["Beam Cell","Hello World","Self Repair"],"picked":"SKIP","floor":40.0},{"not_picked":["Beam Cell","Hello World","Self Repair"],"picked":"SKIP","floor":40.0},{"not_picked":["Coolheaded+1","Cold Snap","Steam Power+1"],"picked":"SKIP","floor":42.0},{"not_picked":["Gash","Stack+1","Fusion+1"],"picked":"SKIP","floor":44.0},{"not_picked":["Scrape","Cold Snap"],"picked":"Multi-Cast+1","floor":45.0},{"not_picked":["Coolheaded+1","Beam Cell","Gash"],"picked":"SKIP","floor":47.0},{"not_picked":["Compile Driver","Conserve Battery+1","Go for the Eyes"],"picked":"SKIP","floor":48.0},{"not_picked":["Compile Driver","Conserve Battery+1","Go for the Eyes"],"picked":"SKIP","floor":48.0},{"not_picked":["Barrage","Coolheaded+1","Reinforced Body+1"],"picked":"SKIP","floor":54.0}],"player_experience":986076,"relics_obtained":[{"floor":9.0,"key":"Whetstone"},{"floor":13.0,"key":"Bag of Marbles"},{"floor":14.0,"key":"Tiny Chest"},{"floor":24.0,"key":"Omamori"},{"floor":26.0,"key":"Orichalcum"},{"floor":30.0,"key":"Gambling Chip"},{"floor":34.0,"key":"Blood Vial"},{"floor":34.0,"key":"Toxic Egg 2"},{"floor":34.0,"key":"Mango"},{"floor":40.0,"key":"DataDisk"},{"floor":42.0,"key":"Smiling Mask"},{"floor":54.0,"key":"Blue Candle"}],"event_choices":[{"damage_healed":0.0,"max_hp_gain":0.0,"max_hp_loss":0.0,"gold_gain":0.0,"event_name":"Accursed Blacksmith","player_choice":"Rummage","floor":3.0,"gold_loss":0.0,"damage_taken":0.0,"relics_obtained":["WarpedTongs"],"cards_obtained":["Pain"]},{"damage_healed":0.0,"max_hp_gain":0.0,"max_hp_loss":0.0,"gold_gain":0.0,"event_name":"Wheel of Change","player_choice":"Relic","floor":14.0,"gold_loss":0.0,"damage_taken":0.0},{"damage_healed":0.0,"max_hp_gain":0.0,"max_hp_loss":0.0,"gold_gain":0.0,"cards_transformed":["Strike_B","Defend_B"],"event_name":"Drug Dealer","player_choice":"Became Test Subject","floor":31.0,"gold_loss":0.0,"damage_taken":0.0,"cards_obtained":["Heatsinks","Echo Form"]},{"damage_healed":0.0,"max_hp_gain":0.0,"max_hp_loss":0.0,"gold_gain":0.0,"event_name":"SensoryStone","player_choice":"Memory 1","floor":37.0,"gold_loss":0.0,"damage_taken":0.0}],"is_beta":false,"boss_relics":[{"not_picked":["Lizard Tail","Busted Crown"],"picked":"Nuclear Battery"},{"not_picked":["Tiny House","Empty Cage"],"picked":"Calling Bell"}],"items_purged_floors":[5,38],"is_endless":false,"potions_floor_spawned":[2,10,16,22,25,30,33,40,42,44,47,48],"killed_by":"The Heart","ascension_level":15}