{"path_per_floor":["M","M","$","M","?","R","E","R","T","?","M","E","M","$","R","B",null,"M","M","$","?","$","R","M","?","T","R","M","?","M","?","R","B",null,"M","M","?","M","$","R","?","R","T","R","M","$","M","?","R","B"],"character_chosen":"DEFECT","items_purchased":["Sunder","Gash","Reboot","All For One","Master of Strategy"],"gold_per_floor":[119,137,61,75,75,75,108,108,108,183,196,227,242,42,42,140,140,159,178,33,33,33,33,50,50,50,50,64,64,79,79,79,182,182,193,204,204,224,12,12,0,0,46,46,66,66,86,86,86,86],"floor_reached":51,"campfire_rested":1,"playtime":2165,"current_hp_per_floor":[75,75,75,73,73,73,69,69,69,58,56,48,41,41,63,22,75,71,69,69,69,69,69,69,69,83,83,83,83,52,52,52,49,89,89,86,86,86,86,86,86,86,86,86,86,86,84,89,89,61],"items_purged":[],"gold":86,"score":800,"play_id":"de433de6-04d3-47ae-8e49-48866e7f076e","local_time":"20180507201817","is_prod":false,"is_daily":false,"chose_seed":false,"is_ascension_mode":true,"campfire_upgraded":8,"timestamp":1525749497,"path_taken":["M","M","$","M","?","R","E","R","T","?","?","E","M","$","R","BOSS","M","M","$","?","$","R","M","?","T","R","M","?","?","?","R","BOSS","M","M","?","M","$","R","?","R","T","R","?","$","M","?","R","BOSS"],"build_version":"2018-05-03","seed_source_timestamp":43623956042819,"purchased_purges":0,"victory":true,"master_deck":["Zap","Dualcast","Sunder+1","Gash+1","Gash+1","Reboot","Machine Learning+1","Coolheaded","BootSequence","Coolheaded+1","Coolheaded","Turbo","Rebound","Gash+1","All For One","Skim+1","Skim+1","Skim","Reboot","Hyperbeam","Master of Strategy","Gash+1"],"max_hp_per_floor":[75,75,75,75,75,75,75,75,75,75,75,75,75,75,75,75,75,75,75,75,75,75,75,75,75,89,89,89,89,89,89,89,89,89,89,89,89,89,89,89,89,89,89,89,89,89,89,89,89,89],"relics":["White Beast Statue","Shovel","Mercury Hourglass","Letter Opener","Omamori","Pandora\u0027s Box","Mango","Runic Dome","Red Mask","Art of War"],"card_choices":[{"not_picked":["Hologram","Reinforced Body"],"picked":"Gash","floor":12},{"not_picked":["Biased Cognition","Amplify"],"picked":"Machine Learning","floor":16},{"not_picked":["Scrape","Stack"],"picked":"Gash","floor":18},{"not_picked":["Rip and Tear","Conserve Battery"],"picked":"Skim","floor":24},{"not_picked":["Go for the Eyes","Hello World"],"picked":"Skim","floor":28},{"not_picked":["Echo Form","Machine Learning"],"picked":"Reboot","floor":33},{"not_picked":["Beam Cell","Force Field"],"picked":"Gash","floor":47}],"player_experience":179385,"potions_floor_usage":[7,7,11,12,16,19,19,28,33,33,33,45,47,50,50,50],"damage_taken":[{"damage":0,"enemies":"2 Louse","floor":1,"turns":4},{"damage":0,"enemies":"Cultist","floor":2,"turns":4},{"damage":2,"enemies":"Jaw Worm","floor":4,"turns":3},{"damage":4,"enemies":"3 Sentries","floor":7,"turns":7},{"damage":2,"enemies":"Looter","floor":11,"turns":3},{"damage":8,"enemies":"Gremlin Nob","floor":12,"turns":3},{"damage":7,"enemies":"Exordium Thugs","floor":13,"turns":3},{"damage":41,"enemies":"The Guardian","floor":16,"turns":10},{"damage":4,"enemies":"Chosen","floor":18,"turns":5},{"damage":2,"enemies":"3 Byrds","floor":19,"turns":2},{"damage":0,"enemies":"3 Cultists","floor":24,"turns":4},{"damage":0,"enemies":"Centurion and Healer","floor":28,"turns":2},{"damage":31,"enemies":"Slaver and Parasite","floor":30,"turns":3},{"damage":3,"enemies":"Champ","floor":33,"turns":4},{"damage":0,"enemies":"Orb Walker","floor":35,"turns":2},{"damage":3,"enemies":"Flame Bruiser 1 Orb","floor":36,"turns":3},{"damage":0,"enemies":"3 Darklings","floor":38,"turns":1},{"damage":0,"enemies":"Spire Growth","floor":45,"turns":1},{"damage":2,"enemies":"4 Shapes","floor":47,"turns":1},{"damage":28,"enemies":"Donu and Deca","floor":50,"turns":4}],"event_choices":[{"event_name":"Scrap Ooze","player_choice":"unsuccessful","floor":5,"damage_taken":0},{"event_name":"World of Goop","player_choice":"Gather Gold","floor":10,"damage_taken":0},{"event_name":"The Library","player_choice":"Read","floor":21,"damage_taken":0},{"event_name":"Drug Dealer","player_choice":"Ignored","floor":25,"damage_taken":0},{"event_name":"Back to Basics","player_choice":"Elegance","floor":29,"damage_taken":0},{"event_name":"Forgotten Altar","player_choice":"Smashed Altar","floor":31,"damage_taken":0},{"event_name":"Transmorgrifier","player_choice":"Transform","floor":37,"damage_taken":0},{"event_name":"Tomb of Lord Red Mask","player_choice":"Paid","floor":41,"damage_taken":0},{"event_name":"Winding Halls","player_choice":"Writhe","floor":48,"damage_taken":0}],"boss_relics":[{"not_picked":["Snecko Eye","Cursed Key"],"picked":"Pandora\u0027s Box"},{"not_picked":["Inserter","Astrolabe"],"picked":"Runic Dome"}],"potions_floor_spawned":[1,2,4,7,11,12,13,16,18,19,24,28,30,33,35,36,38,45,47],"seed_played":"8535029345755827119","ascension_level":3,"is_trial":false}