{"path_per_floor":["M","?","M","M","?","R","M","?","T","M","M","E","M","?","R","B",null,"M","M","?","M","M","E","M","M","T","?","R","M","$","M","R","B",null,"M","?","?","$","M","E","?","M","T","R","M","$","?","M","R","B"],"character_chosen":"IRONCLAD","items_purchased":["Gremlin Horn","Metallicize","Secret Weapon","Shuriken","Lee\u0027s Waffle","Thinking Ahead","Apotheosis","Shrug It Off"],"gold_per_floor":[114,114,129,144,144,144,159,159,184,203,222,260,279,279,279,404,404,423,442,692,711,730,768,787,806,831,831,831,850,308,327,327,452,452,471,804,804,177,192,222,222,237,237,237,252,23,23,38,38,38],"floor_reached":51,"campfire_rested":3,"playtime":2791,"current_hp_per_floor":[78,82,81,80,64,64,64,45,45,51,54,57,63,56,69,60,74,61,63,63,63,54,46,50,54,54,54,73,72,71,68,68,52,67,66,65,64,70,72,55,55,61,61,61,67,67,67,67,66,57],"items_purged":["Strike_R"],"gold":38,"score":755,"play_id":"4b25c9f7-2dd6-4a7e-a6f9-1a212112425c","local_time":"20180327211833","daily_mods":["Allstar","Terminal","Vintage"],"is_prod":false,"is_daily":true,"is_ascension_mode":false,"campfire_upgraded":3,"timestamp":1522181913,"path_taken":["M","?","M","M","?","R","?","?","T","?","M","E","M","?","R","BOSS","M","M","?","M","M","E","M","M","T","?","R","M","$","M","R","BOSS","M","?","?","$","M","E","?","M","T","R","M","$","?","M","R","BOSS"],"build_version":"2018-03-25","purchased_purges":1,"victory":true,"master_deck":["Strike_R","Strike_R+1","Strike_R+1","Defend_R","Defend_R+1","Defend_R","Defend_R+1","Bash+1","Dramatic Entrance+1","Rampage+1","Limit Break+1","Regret","Thunderclap","Twin Strike+1","Dramatic Entrance","Evolve+1","Metallicize+1","Secret Weapon+1","Feed","Thinking Ahead+1","Pummel+1","Carnage+1","Apotheosis+1","Shrug It Off+1","Demon Form+1","Pummel+1"],"max_hp_per_floor":[78,82,81,80,79,78,77,76,75,74,73,72,71,70,69,75,74,73,72,71,80,79,78,77,76,75,74,73,72,71,70,69,68,67,66,65,64,70,72,75,74,73,72,71,70,69,68,67,66,65],"relics":["Burning Blood","Paper Frog","Dream Catcher","Meat on the Bone","Orichalcum","War Paint","Frozen Egg 2","Juzu Bracelet","Art of War","Toolbox","Strawberry","Mark of Pain","Prayer Wheel","Kunai","Pear","Vajra","Du-Vu Doll","Anchor","Regal Pillow","Whetstone","Ancient Tea Set","Gremlin Horn","Toxic Egg 2","Self Forming Clay","Sozu","Bottled Lightning","Shuriken","Lee\u0027s Waffle","Centennial Puzzle","Pen Nib","Bag of Marbles","Bag of Preparation","Singing Bowl","Molten Egg 2"],"card_choices":[{"not_picked":["Pummel","Disarm"],"picked":"Rampage","floor":12},{"not_picked":["Exhume","Brutality"],"picked":"Limit Break","floor":16},{"not_picked":["Fire Breathing","Wild Strike"],"picked":"Thunderclap","floor":23},{"not_picked":["Wild Strike","Shrug It Off"],"picked":"Twin Strike","floor":26},{"not_picked":["Shrug It Off","Body Slam"],"picked":"Evolve","floor":28},{"not_picked":["Bludgeon","Barricade"],"picked":"Feed","floor":33},{"not_picked":["Flex","Rage"],"picked":"Pummel","floor":40},{"not_picked":["Corruption","Sentinel"],"picked":"Carnage","floor":43},{"not_picked":["Shrug It Off","Wild Strike"],"picked":"Pummel","floor":49}],"player_experience":39294,"potions_floor_usage":[16,23,33,50,50,50],"damage_taken":[{"damage":6,"enemies":"Jaw Worm","floor":1,"turns":2},{"damage":0,"enemies":"2 Louse","floor":3,"turns":2},{"damage":0,"enemies":"Small Slimes","floor":4,"turns":3},{"damage":6,"enemies":"Exordium Wildlife","floor":7,"turns":5},{"damage":0,"enemies":"3 Louse","floor":10,"turns":3},{"damage":3,"enemies":"Red Slaver","floor":11,"turns":4},{"damage":3,"enemies":"Gremlin Nob","floor":12,"turns":3},{"damage":0,"enemies":"Blue Slaver","floor":13,"turns":3},{"damage":22,"enemies":"The Guardian","floor":16,"turns":10},{"damage":19,"enemies":"Spheric Guardian","floor":18,"turns":6},{"damage":4,"enemies":"Chosen","floor":19,"turns":4},{"damage":16,"enemies":"Snecko","floor":21,"turns":7},{"damage":27,"enemies":"Snake Plant","floor":22,"turns":6},{"damage":18,"enemies":"Slavers","floor":23,"turns":6},{"damage":2,"enemies":"Centurion and Healer","floor":24,"turns":5},{"damage":2,"enemies":"Chosen and Byrds","floor":25,"turns":4},{"damage":2,"enemies":"Snecko","floor":29,"turns":3},{"damage":9,"enemies":"3 Cultists","floor":31,"turns":4},{"damage":38,"enemies":"Champ","floor":33,"turns":7},{"damage":3,"enemies":"Flame Bruiser 1 Orb","floor":35,"turns":3},{"damage":0,"enemies":"Orb Walker","floor":39,"turns":2},{"damage":27,"enemies":"2 Orb Walkers","floor":40,"turns":5},{"damage":0,"enemies":"Spire Growth","floor":42,"turns":3},{"damage":0,"enemies":"Flame Bruiser 2 Orb","floor":45,"turns":1},{"damage":0,"enemies":"3 Darklings","floor":48,"turns":1},{"damage":15,"enemies":"Time Eater","floor":50,"turns":5}],"event_choices":[{"event_name":"Big Fish","player_choice":"Donut","floor":2,"damage_taken":0},{"event_name":"Shining Light","player_choice":"Entered Light","floor":5,"damage_taken":0},{"event_name":"Golden Idol","player_choice":"Take Damage","floor":8,"damage_taken":0},{"event_name":"Golden Wing","player_choice":"Card Removal","floor":14,"damage_taken":0},{"event_name":"Golden Shrine","player_choice":"Desecrate","floor":20,"damage_taken":0},{"event_name":"Transmorgrifier","player_choice":"Transform","floor":27,"damage_taken":0},{"event_name":"The Moai Head","player_choice":"Gave Idol","floor":36,"damage_taken":0},{"event_name":"SecretPortal","player_choice":"Rejected Portal.","floor":37,"damage_taken":0},{"event_name":"Tomb of Lord Red Mask","player_choice":"Ignored","floor":41,"damage_taken":0},{"event_name":"Match and Keep!","player_choice":"1 cards matched","floor":47,"damage_taken":0}],"boss_relics":[{"not_picked":["Pandora\u0027s Box","Velvet Choker"],"picked":"Mark of Pain"},{"not_picked":["Runic Dome","Calling Bell"],"picked":"Sozu"}],"potions_floor_spawned":[1,4,10,13,18,22,23,24,31,33,40,45],"seed_played":"7182393064752794015","ascension_level":0,"is_trial":false}