{"path_per_floor":["M","M","M","?","?","E","?","M","T","M","R","M","E","?","R","B",null,"M","?","?","M","?","R","E","M","T","E","?","$","R","M","R","B",null,"M","?","$","?","?","R","$","M","T","R"],"character_chosen":"THE_SILENT","items_purchased":["Lee\u0027s Waffle","Gremlin Horn","Backflip","Calculated Gamble"],"gold_per_floor":[112,127,140,140,140,168,168,178,178,193,193,213,241,302,302,405,405,416,416,416,428,343,343,371,384,439,464,464,13,13,33,33,138,138,152,152,29,81,81,81,3,14,40,40,40],"floor_reached":45,"campfire_rested":2,"playtime":2115,"item_purchase_floors":[29,29,37,41],"current_hp_per_floor":[65,65,62,62,67,34,34,26,26,24,46,46,29,15,37,25,75,55,41,41,41,41,51,38,23,23,4,4,87,87,65,75,6,101,81,81,81,67,54,68,68,53,53,67,0],"items_purged":["Defend_G"],"gold":40,"score":681,"play_id":"3eb9fab2-1e6b-41fd-8ddf-353dba6bec90","local_time":"20180530173022","is_prod":false,"is_daily":false,"chose_seed":false,"is_ascension_mode":true,"campfire_upgraded":5,"win_rate":0,"timestamp":1527697822,"campfire_choices":[{"floor":11.0,"key":"REST"},{"floor":15.0,"key":"REST"},{"data":"Catalyst","floor":23,"key":"SMITH"},{"data":"Envenom","floor":30,"key":"SMITH"},{"data":"Noxious Fumes","floor":32,"key":"SMITH"},{"data":"Burst","floor":40,"key":"SMITH"},{"data":"Calculated Gamble","floor":44,"key":"SMITH"}],"path_taken":["M","M","M","?","?","E","?","?","T","M","R","M","E","?","R","BOSS","M","?","?","M","?","R","E","?","T","E","?","?","R","M","R","BOSS","M","?","?","?","?","R","$","M","T","R","E"],"build_version":"2018-05-29","seed_source_timestamp":0,"purchased_purges":1,"victory":false,"master_deck":["Defend_G","Defend_G","Defend_G","Defend_G","Strike_G","Strike_G","Strike_G","Strike_G","Strike_G","Survivor","Neutralize","Deadly Poison+1","Crippling Poison","Envenom+1","PiercingWail","Heel Hook","Backstab","Dagger Spray","Backstab","Footwork","Envenom+1","Catalyst+1","Noxious Fumes+1","Noxious Fumes","Escape Plan","Outmaneuver+1","Burst+1","Regret","Writhe","Writhe","Catalyst+1","Backflip","Concentrate","Madness","Madness","Calculated Gamble+1","Cloak And Dagger+1"],"max_hp_per_floor":[70,70,70,70,75,75,75,75,75,75,75,75,75,75,75,75,75,75,80,80,80,80,80,80,80,80,80,80,87,87,87,87,87,101,101,101,101,101,101,101,101,101,101,101,101],"relics":["White Beast Statue","Calipers","Mercury Hourglass","Blue Candle","Orichalcum","Eternal Feather","Pen Nib","Centennial Puzzle","Tiny Chest","Kunai","Lee\u0027s Waffle","Gremlin Horn","Calling Bell","Juzu Bracelet","Tough Bandages","Mango","Ice Cream","Potion Belt"],"card_choices":[{"not_picked":["Underhanded Strike","Cloak And Dagger"],"picked":"Deadly Poison","floor":1.0},{"not_picked":["Dagger Spray","PiercingWail"],"picked":"Crippling Poison","floor":2.0},{"not_picked":["PiercingWail","Caltrops"],"picked":"Envenom","floor":3.0},{"not_picked":["Outmaneuver","Underhanded Strike"],"picked":"PiercingWail","floor":6.0},{"not_picked":["Dagger Throw","Expertise"],"picked":"Heel Hook","floor":8.0},{"not_picked":["Accuracy","Acrobatics"],"picked":"Backstab","floor":10.0},{"not_picked":["Prepared","Quick Slash"],"picked":"Dagger Spray","floor":12.0},{"not_picked":["Flechettes","PiercingWail"],"picked":"Backstab","floor":13.0},{"not_picked":["Dash","Outmaneuver"],"picked":"Footwork","floor":14.0},{"not_picked":["Grand Finale","Unload"],"picked":"Envenom","floor":16.0},{"not_picked":["Skewer","Dodge and Roll"],"picked":"Catalyst","floor":18},{"not_picked":["Infinite Blades","Poisoned Stab"],"picked":"Noxious Fumes","floor":21},{"not_picked":["Sucker Punch","Flying Knee","Prepared"],"picked":"SKIP","floor":24},{"not_picked":["Predator+1","Dagger Throw+1"],"picked":"Escape Plan","floor":25},{"not_picked":["Phantasmal Killer","Poisoned Stab+1","Bane"],"picked":"SKIP","floor":27},{"not_picked":["Riddle With Holes+1","Skewer"],"picked":"Outmaneuver+1","floor":31},{"not_picked":["Phantasmal Killer","Bullet Time"],"picked":"Burst","floor":33},{"not_picked":["Setup","Poisoned Stab+1"],"picked":"Catalyst+1","floor":35},{"not_picked":["Dodge and Roll+1","Malaise+1"],"picked":"Concentrate","floor":38},{"not_picked":["Dagger Spray","Bane+1"],"picked":"Cloak And Dagger+1","floor":42}],"player_experience":213714,"potions_floor_usage":[18,24,25,27,27,27,33,38,42,45,45],"damage_taken":[{"damage":5.0,"enemies":"Small Slimes","floor":1.0,"turns":6.0},{"damage":0.0,"enemies":"Cultist","floor":2.0,"turns":4.0},{"damage":3.0,"enemies":"2 Louse","floor":3.0,"turns":3.0},{"damage":33.0,"enemies":"Lagavulin","floor":6.0,"turns":6.0},{"damage":8.0,"enemies":"2 Fungi Beasts","floor":8.0,"turns":3.0},{"damage":2.0,"enemies":"3 Louse","floor":10.0,"turns":2.0},{"damage":0.0,"enemies":"Exordium Wildlife","floor":12.0,"turns":3.0},{"damage":17.0,"enemies":"3 Sentries","floor":13.0,"turns":5.0},{"damage":14.0,"enemies":"Gremlin Nob","floor":14.0,"turns":4.0},{"damage":12.0,"enemies":"Hexaghost","floor":16.0,"turns":9.0},{"damage":20,"enemies":"Shell Parasite","floor":18,"turns":6},{"damage":0,"enemies":"3 Byrds","floor":21,"turns":4},{"damage":13,"enemies":"Gremlin Leader","floor":24,"turns":8},{"damage":15,"enemies":"Centurion and Healer","floor":25,"turns":7},{"damage":19,"enemies":"Slavers","floor":27,"turns":6},{"damage":22,"enemies":"Cultist and Chosen","floor":31,"turns":6},{"damage":69,"enemies":"Collector","floor":33,"turns":8},{"damage":20,"enemies":"Orb Walker","floor":35,"turns":4},{"damage":14,"enemies":"Mysterious Sphere","floor":38,"turns":6},{"damage":15,"enemies":"3 Darklings","floor":42,"turns":5},{"damage":85,"enemies":"Giant Head","floor":45,"turns":7}],"relics_obtained":[{"floor":6.0,"key":"Calipers"},{"floor":9.0,"key":"Mercury Hourglass"},{"floor":13.0,"key":"Blue Candle"},{"floor":14.0,"key":"Orichalcum"},{"floor":24,"key":"Centennial Puzzle"},{"floor":26,"key":"Tiny Chest"},{"floor":27,"key":"Kunai"},{"floor":34,"key":"Juzu Bracelet"},{"floor":34,"key":"Tough Bandages"},{"floor":34,"key":"Mango"},{"floor":38,"key":"Ice Cream"},{"floor":43,"key":"Potion Belt"}],"event_choices":[{"event_name":"Upgrade Shrine","player_choice":"Upgraded","floor":4.0,"damage_taken":0.0},{"event_name":"Big Fish","player_choice":"Donut","floor":5.0,"damage_taken":0.0},{"event_name":"Living Wall","player_choice":"Grow","floor":7.0,"damage_taken":0.0},{"event_name":"Dead Adventurer","player_choice":"Searched \u00271\u0027 times","floor":14.0,"damage_taken":0.0},{"event_name":"Forgotten Altar","player_choice":"Shed Blood","floor":19,"damage_taken":0},{"event_name":"The Library","player_choice":"Read","floor":20,"damage_taken":0},{"event_name":"Addict","player_choice":"Obtained Relic","floor":22,"damage_taken":0},{"event_name":"Cursed Tome","player_choice":"Ignored","floor":28,"damage_taken":0},{"event_name":"The Lab","player_choice":"Got Potions","floor":36,"damage_taken":0},{"event_name":"Mysterious Sphere","player_choice":"Fight","floor":38,"damage_taken":0},{"event_name":"Winding Halls","player_choice":"Embrace Madness","floor":39,"damage_taken":0}],"boss_relics":[{"not_picked":["Snecko Eye","Runic Dome"],"picked":"Calling Bell"}],"items_purged_floors":[37],"potions_floor_spawned":[1,2,3,6,8,10,12,13,14,14,16,18,21,24,25,27,31,33,35,38,42],"seed_played":"6932447268200765627","killed_by":"Giant Head","ascension_level":4,"potions_obtained":[{"floor":1.0,"key":"AttackPotion"},{"floor":2.0,"key":"Poison Potion"},{"floor":3.0,"key":"Explosive Potion"},{"floor":6.0,"key":"Ancient Potion"},{"floor":8.0,"key":"Poison Potion"},{"floor":10.0,"key":"AttackPotion"},{"floor":12.0,"key":"LiquidBronze"},{"floor":13.0,"key":"EssenceOfSteel"},{"floor":14.0,"key":"Poison Potion"},{"floor":18,"key":"Block Potion"},{"floor":21,"key":"Energy Potion"},{"floor":24,"key":"GamblersBrew"},{"floor":25,"key":"Block Potion"},{"floor":27,"key":"Poison Potion"},{"floor":31,"key":"Energy Potion"},{"floor":33,"key":"Regen Potion"},{"floor":35,"key":"GhostInAJar"},{"floor":38,"key":"Strength Potion"},{"floor":42,"key":"GamblersBrew"}],"is_trial":false}