{"gold_per_floor":[117,117,117,42,42,42,60,94,144,219,90,100,100,31,31,127,127,138,153,68,87,10,10,43,61,61,61,73,88,88,88,88,189,189,205,116,116,1115,562,590,590,622,622,622,655,674,40,60,60,60],"floor_reached":51,"playtime":2291,"items_purged":["Strike_G","Defend_G","Defend_G","Normality","Accuracy"],"score":1086,"play_id":"f299d193-0495-4c87-b94b-9736f5432860","local_time":"20190110040144","is_ascension_mode":true,"campfire_choices":[{"data":"Neutralize","floor":6.0,"key":"SMITH"},{"floor":15.0,"key":"REST"},{"floor":23.0,"key":"REST"},{"floor":27.0,"key":"REST"},{"floor":32.0,"key":"REST"},{"data":"Doppelganger","floor":44,"key":"SMITH"},{"data":"Terror","floor":49,"key":"SMITH"}],"neow_cost":"NONE","seed_source_timestamp":0,"circlet_count":0,"master_deck":["Defend_G","Defend_G+1","Strike_G","Strike_G+1","Survivor","Neutralize+1","PiercingWail","Footwork","Blur","Footwork","Glass Knife+1","Blade Dance","Skewer+1","Well Laid Plans","Terror+1","Adrenaline","Doppelganger+1","Doppelganger+1","Outmaneuver","Madness","Madness+1","Master of Strategy","Crippling Poison+1","Apotheosis","Backstab+1","PiercingWail+1"],"special_seed":0,"relics":["Sozu","Molten Egg 2","Omamori","Smiling Mask","Bag of Marbles","Ninja Scroll","Empty Cage","Ice Cream","The Courier","Bottled Flame","Pen Nib","Eternal Feather","Unceasing Top","Oddly Smooth Stone","PreservedInsect","Bottled Lightning","Pantograph","Strawberry","Medical Kit","Anchor","War Paint"],"potions_floor_usage":[],"damage_taken":[{"damage":0.0,"enemies":"2 Louse","floor":1.0,"turns":3.0},{"damage":1.0,"enemies":"Small Slimes","floor":7.0,"turns":4.0},{"damage":20.0,"enemies":"Lagavulin","floor":8.0,"turns":14.0},{"damage":0.0,"enemies":"Cultist","floor":12.0,"turns":4.0},{"damage":33.0,"enemies":"The Guardian","floor":16.0,"turns":26.0},{"damage":13.0,"enemies":"Spheric Guardian","floor":18.0,"turns":5.0},{"damage":18.0,"enemies":"Chosen","floor":19.0,"turns":5.0},{"damage":1.0,"enemies":"Sentry and Sphere","floor":21.0,"turns":6.0},{"damage":26.0,"enemies":"Slavers","floor":24.0,"turns":7.0},{"damage":2.0,"enemies":"Snake Plant","floor":25.0,"turns":4.0},{"damage":10.0,"enemies":"Centurion and Healer","floor":28.0,"turns":4.0},{"damage":2.0,"enemies":"Shelled Parasite and Fungi","floor":29.0,"turns":4.0},{"damage":33.0,"enemies":"Collector","floor":33.0,"turns":8.0},{"damage":3.0,"enemies":"3 Shapes","floor":35.0,"turns":5.0},{"damage":0.0,"enemies":"Nemesis","floor":40.0,"turns":3.0},{"damage":2,"enemies":"Giant Head","floor":42,"turns":6},{"damage":0,"enemies":"Nemesis","floor":45,"turns":3},{"damage":8,"enemies":"Orb Walker","floor":46,"turns":4},{"damage":11,"enemies":"Maw","floor":48,"turns":5},{"damage":28,"enemies":"Awakened One","floor":50,"turns":13}],"seed_played":"-1668871906707327545","potions_obtained":[],"is_trial":false,"path_per_floor":["M","?","?","$","?","R","M","E","T","?","$","M","T","$","R","B",null,"M","M","?","M","$","R","E","M","T","R","M","M","?","?","R","B",null,"M","$","?","?","$","E","?","E","T","R","E","M","$","M","R","B",null],"character_chosen":"THE_SILENT","items_purchased":["Blur","Accuracy","Well Laid Plans","Outmaneuver","Unceasing Top","Oddly Smooth Stone","Master of Strategy","Apotheosis","Medical Kit","Anchor","Backstab+1","War Paint"],"campfire_rested":4,"item_purchase_floors":[11,14,22,36,39,39,39,47,47,47,47,47],"current_hp_per_floor":[63,49,46,46,46,46,45,25,25,14,14,14,14,14,35,2,53,40,22,22,21,21,42,16,14,14,35,25,23,23,23,44,11,55,52,52,43,43,43,43,43,41,41,53,60,52,52,41,56,49],"gold":60,"neow_bonus":"BOSS_RELIC","is_prod":false,"is_daily":false,"chose_seed":false,"campfire_upgraded":3,"win_rate":0,"timestamp":1547092904,"path_taken":["M","?","?","$","?","R","?","E","T","?","$","M","?","$","R","BOSS","M","?","?","M","$","R","E","M","T","R","M","M","?","?","R","BOSS","M","$","?","?","$","E","?","E","T","R","E","M","$","M","R","BOSS"],"build_version":"2019-01-08","purchased_purges":5,"victory":true,"max_hp_per_floor":[70,70,70,70,70,70,70,70,70,70,70,70,70,70,70,70,70,70,70,70,70,70,70,70,70,70,70,70,70,70,70,70,70,70,70,70,70,70,70,70,70,70,70,70,77,77,77,77,77,77],"card_choices":[{"not_picked":["Infinite Blades","Backstab"],"picked":"Deadly Poison","floor":1.0},{"not_picked":["Slice+1","Setup"],"picked":"PiercingWail","floor":7.0},{"not_picked":["Dagger Throw+1","Reflex"],"picked":"Footwork","floor":8.0},{"not_picked":["Underhanded Strike+1","Acrobatics"],"picked":"Footwork","floor":12.0},{"not_picked":["Night Terror","Unload+1"],"picked":"Glass Knife+1","floor":16.0},{"not_picked":["Leg Sweep","Dodge and Roll"],"picked":"Blade Dance","floor":18.0},{"not_picked":["Underhanded Strike+1","Heel Hook+1"],"picked":"Cloak And Dagger","floor":19.0},{"not_picked":["Dagger Spray+1","Terror"],"picked":"Skewer+1","floor":21.0},{"not_picked":["Backflip","Finisher+1"],"picked":"Terror","floor":24.0},{"not_picked":["Choke+1","Slice+1"],"picked":"Adrenaline","floor":25.0},{"not_picked":["Backflip","Catalyst","Bouncing Flask+1"],"picked":"SKIP","floor":28.0},{"not_picked":["Riddle With Holes+1","Deadly Poison"],"picked":"Doppelganger","floor":29.0},{"not_picked":["Die Die Die+1","Glass Knife+1"],"picked":"Doppelganger","floor":33.0},{"not_picked":["Cloak And Dagger","Backflip","All Out Attack+1"],"picked":"SKIP","floor":35.0},{"not_picked":["Backstab+1","Flying Knee+1","Poisoned Stab+1"],"picked":"SKIP","floor":40.0},{"not_picked":["Cloak And Dagger","Riddle With Holes+1","Skewer+1"],"picked":"SKIP","floor":42},{"not_picked":["Predator+1","Slice+1","Eviscerate+1"],"picked":"SKIP","floor":45},{"not_picked":["Slice+1","Tactician+1"],"picked":"Crippling Poison+1","floor":46},{"not_picked":["Reflex+1","Deflect"],"picked":"PiercingWail+1","floor":48}],"player_experience":392250,"relics_obtained":[{"floor":8.0,"key":"Smiling Mask"},{"floor":9.0,"key":"Bag of Marbles"},{"floor":13.0,"key":"Ninja Scroll"},{"floor":24.0,"key":"The Courier"},{"floor":26.0,"key":"Bottled Flame"},{"floor":40.0,"key":"PreservedInsect"},{"floor":42,"key":"Bottled Lightning"},{"floor":43,"key":"Pantograph"},{"floor":45,"key":"Strawberry"}],"event_choices":[{"damage_healed":0.0,"max_hp_gain":0.0,"max_hp_loss":0.0,"gold_gain":0.0,"event_name":"Shining Light","player_choice":"Entered Light","floor":2.0,"gold_loss":0.0,"damage_taken":14.0,"cards_upgraded":["Strike_G","Defend_G"]},{"damage_healed":0.0,"max_hp_gain":0.0,"max_hp_loss":0.0,"gold_gain":0.0,"event_name":"Scrap Ooze","player_choice":"Success","floor":3.0,"gold_loss":0.0,"damage_taken":3.0,"relics_obtained":["Molten Egg 2"]},{"cards_removed":["Deadly Poison"],"damage_healed":0.0,"max_hp_gain":0.0,"max_hp_loss":0.0,"gold_gain":0.0,"event_name":"WeMeetAgain","player_choice":"Gave Card","floor":5.0,"gold_loss":0.0,"damage_taken":0.0,"relics_obtained":["Omamori"]},{"damage_healed":0.0,"max_hp_gain":0.0,"max_hp_loss":0.0,"gold_gain":75.0,"event_name":"World of Goop","player_choice":"Gather Gold","floor":10.0,"gold_loss":0.0,"damage_taken":11.0},{"damage_healed":0.0,"max_hp_gain":0.0,"max_hp_loss":0.0,"gold_gain":0.0,"event_name":"Addict","player_choice":"Obtained Relic","floor":20.0,"gold_loss":85.0,"damage_taken":0.0,"relics_obtained":["Ice Cream"]},{"cards_removed":["Strike_G"],"damage_healed":0.0,"max_hp_gain":0.0,"max_hp_loss":0.0,"gold_gain":0.0,"event_name":"Back to Basics","player_choice":"Elegance","floor":30.0,"gold_loss":0.0,"damage_taken":0.0},{"damage_healed":0.0,"max_hp_gain":0.0,"max_hp_loss":0.0,"gold_gain":0.0,"event_name":"The Mausoleum","player_choice":"Opened","floor":31.0,"gold_loss":0.0,"damage_taken":0.0,"relics_obtained":["Pen Nib"],"cards_obtained":["Writhe"]},{"damage_healed":0.0,"max_hp_gain":0.0,"max_hp_loss":0.0,"gold_gain":0.0,"event_name":"Winding Halls","player_choice":"Embrace Madness","floor":37.0,"gold_loss":0.0,"damage_taken":9.0,"cards_obtained":["Madness","Madness"]},{"damage_healed":0.0,"max_hp_gain":0.0,"max_hp_loss":0.0,"gold_gain":999.0,"event_name":"MindBloom","player_choice":"Gold","floor":38.0,"gold_loss":0.0,"damage_taken":0.0,"cards_obtained":["Normality","Normality"]},{"cards_removed":["Cloak And Dagger"],"damage_healed":0.0,"max_hp_gain":0.0,"max_hp_loss":0.0,"gold_gain":0.0,"event_name":"Falling","player_choice":"Removed Skill","floor":41.0,"gold_loss":0.0,"damage_taken":0.0}],"is_beta":true,"boss_relics":[{"not_picked":["Velvet Choker","Philosopher\u0027s Stone"],"picked":"Empty Cage"},{"not_picked":["Runic Dome","HoveringKite"],"picked":"Eternal Feather"}],"items_purged_floors":[4,11,36,39,47],"is_endless":false,"potions_floor_spawned":[1,8,16,18,25,28,29,40,46],"ascension_level":7}