{"gold_per_floor":[110,110,126,140,140,140,65,99,99,99,123,150,170,197,197,297,297,317,232,232,232,252,287,287,387,410,410,425,454,454,471,471,570,570,586,586,586,601,83,109,109,162,162,174,200,214,214,226,226,226],"floor_reached":51,"playtime":2558,"items_purged":["Pain"],"score":931,"play_id":"75205058-a4fb-4c37-9d69-c58e829f1577","local_time":"20190130222757","is_ascension_mode":true,"campfire_choices":[{"data":"Genetic Algorithm","floor":6,"key":"SMITH"},{"data":"Defragment","floor":10,"key":"SMITH"},{"floor":15,"key":"REST"},{"data":"Loop","floor":24,"key":"SMITH"},{"data":"Loop","floor":27,"key":"SMITH"},{"floor":30,"key":"REST"},{"floor":32,"key":"REST"},{"floor":41,"key":"REST"},{"floor":49,"key":"REST"}],"neow_cost":"NONE","seed_source_timestamp":2169772847711,"circlet_count":0,"master_deck":["Strike_B","Strike_B","Strike_B","Strike_B","Defend_B","Defend_B+1","Defend_B+1","Defend_B","Zap","Double Energy","Genetic Algorithm+1","Defragment+1","Ball Lightning","Electrodynamics","Self Repair","Barrage","Loop+1","RitualDagger","Creative AI","Loop+1","Streamline","Loop","Leap","Conserve Battery+1","Thunder Strike","Conserve Battery+1","Gash+1","Undo+1","Loop+1","Rebound+1","Chill+1"],"relics":["Cracked Core","WarpedTongs","Mango","Nunchaku","Mercury Hourglass","Oddly Smooth Stone","War Paint","Kunai","Velvet Choker","Ancient Tea Set","Potion Belt","Du-Vu Doll","Darkstone Periapt","Boot","PreservedInsect","Runic Pyramid","Runic Capacitor","Unceasing Top","Molten Egg 2","Shovel","Dead Branch","Blood Vial"],"potions_floor_usage":[22,25,33,33,33,42,42,47,50,50,50],"damage_taken":[{"damage":1,"enemies":"Jaw Worm","floor":1,"turns":3},{"damage":6,"enemies":"Cultist","floor":3,"turns":3},{"damage":7,"enemies":"2 Louse","floor":4,"turns":3},{"damage":26,"enemies":"Lagavulin","floor":8,"turns":5},{"damage":6,"enemies":"Gremlin Nob","floor":12,"turns":3},{"damage":0,"enemies":"Large Slime","floor":13,"turns":3},{"damage":20,"enemies":"Lagavulin","floor":14,"turns":4},{"damage":0,"enemies":"Slime Boss","floor":16,"turns":5},{"damage":15,"enemies":"Shell Parasite","floor":18,"turns":4},{"damage":0,"enemies":"3 Byrds","floor":22,"turns":2},{"damage":13,"enemies":"Gremlin Leader","floor":23,"turns":5},{"damage":25,"enemies":"Colosseum Slavers","floor":25,"turns":2},{"damage":21,"enemies":"Colosseum Nobs","floor":25,"turns":3},{"damage":8,"enemies":"Shelled Parasite and Fungi","floor":28,"turns":4},{"damage":30,"enemies":"Book of Stabbing","floor":29,"turns":5},{"damage":24,"enemies":"Centurion and Healer","floor":31,"turns":4},{"damage":32,"enemies":"Automaton","floor":33,"turns":8},{"damage":3,"enemies":"Orb Walker","floor":35,"turns":4},{"damage":16,"enemies":"3 Darklings","floor":38,"turns":3},{"damage":36,"enemies":"Nemesis","floor":40,"turns":5},{"damage":40,"enemies":"2 Orb Walkers","floor":42,"turns":5},{"damage":8,"enemies":"Sphere and 2 Shapes","floor":44,"turns":4},{"damage":31,"enemies":"Giant Head","floor":45,"turns":8},{"damage":6,"enemies":"Transient","floor":46,"turns":5},{"damage":0,"enemies":"Nemesis","floor":47,"turns":1},{"damage":0,"enemies":"Maw","floor":48,"turns":7},{"damage":25,"enemies":"Donu and Deca","floor":50,"turns":9}],"seed_played":"-2913076307217554184","potions_obtained":[{"floor":1,"key":"Dexterity Potion"},{"floor":13,"key":"FearPotion"},{"floor":14,"key":"Explosive Potion"},{"floor":22,"key":"Strength Potion"},{"floor":28,"key":"Ancient Potion"},{"floor":29,"key":"Energy Potion"},{"floor":33,"key":"Fire Potion"},{"floor":38,"key":"Regen Potion"},{"floor":40,"key":"LiquidBronze"},{"floor":42,"key":"Energy Potion"},{"floor":46,"key":"SmokeBomb"}],"is_trial":false,"path_per_floor":["M","?","M","M","T","R","$","E","T","R","T","E","M","E","R","B",null,"M","?","?","?","M","E","R","?","T","R","M","E","R","M","R","B",null,"M","?","?","M","$","E","R","?","T","M","E","M","E","M","R","B",null],"character_chosen":"DEFECT","items_purchased":["Runic Capacitor","Unceasing Top"],"campfire_rested":5,"item_purchase_floors":[39,39],"current_hp_per_floor":[74,74,68,61,75,75,75,49,49,49,49,43,43,30,56,63,89,84,84,78,78,78,72,72,33,33,33,32,2,28,11,37,5,89,89,89,85,76,76,40,65,46,46,45,24,27,29,38,63,40],"gold":226,"neow_bonus":"TRANSFORM_CARD","is_prod":false,"is_daily":false,"chose_seed":false,"campfire_upgraded":4,"win_rate":0,"timestamp":1548883677,"path_taken":["M","?","?","M","?","R","?","E","T","R","?","E","M","E","R","BOSS","M","?","?","?","?","E","R","?","T","R","M","E","R","M","R","BOSS","M","?","?","M","?","E","R","?","T","?","E","M","E","?","R","BOSS"],"build_version":"2019-01-23","purchased_purges":1,"victory":true,"max_hp_per_floor":[75,75,75,75,89,89,89,89,89,89,89,89,89,89,89,89,89,89,89,89,89,89,89,89,89,89,89,89,89,89,89,89,89,89,89,89,85,85,85,85,85,85,85,85,85,85,85,85,85,85],"card_choices":[{"not_picked":["Auto Shields","Gash"],"picked":"Genetic Algorithm","floor":1},{"not_picked":["Go for the Eyes","Rebound"],"picked":"Defragment","floor":3},{"not_picked":["Sweeping Beam","Leap"],"picked":"Ball Lightning","floor":4},{"not_picked":["Steam Power","Glacier"],"picked":"Sweeping Beam","floor":8},{"not_picked":["Steam","Cold Snap"],"picked":"Electrodynamics","floor":12},{"not_picked":["Redo","Aggregate"],"picked":"Self Repair","floor":13},{"not_picked":["Leap","Biased Cognition"],"picked":"Barrage","floor":14},{"not_picked":["Turbo","Redo"],"picked":"Loop","floor":18},{"not_picked":["Leap","Conserve Battery"],"picked":"Loop","floor":22},{"not_picked":["Rip and Tear","Hologram"],"picked":"Streamline","floor":23},{"not_picked":["Rip and Tear","Hologram"],"picked":"Skim+1","floor":25},{"not_picked":["Rebound","Compile Driver"],"picked":"Loop","floor":28},{"not_picked":["Ball Lightning","Chill"],"picked":"Leap","floor":29},{"not_picked":["Self Repair","Hologram"],"picked":"Conserve Battery+1","floor":31},{"not_picked":["Meteor Strike","Core Surge"],"picked":"Thunder Strike","floor":33},{"not_picked":["Leap","Rebound","Chaos+1"],"picked":"SKIP","floor":35},{"not_picked":["Turbo","Rip and Tear"],"picked":"Conserve Battery+1","floor":38},{"not_picked":["Go for the Eyes","Scrape"],"picked":"Gash","floor":40},{"not_picked":["Cold Snap+1","Sweeping Beam+1"],"picked":"Undo+1","floor":42},{"not_picked":["Recycle","Turbo+1","Streamline+1"],"picked":"SKIP","floor":44},{"not_picked":["FTL+1","Amplify"],"picked":"Loop+1","floor":45},{"not_picked":["Loop","Redo"],"picked":"Rebound+1","floor":46},{"not_picked":["Sunder+1","Beam Cell+1"],"picked":"Chill+1","floor":48}],"player_experience":119578,"relics_obtained":[{"floor":5,"key":"Mango"},{"floor":8,"key":"Nunchaku"},{"floor":9,"key":"Mercury Hourglass"},{"floor":11,"key":"Oddly Smooth Stone"},{"floor":12,"key":"War Paint"},{"floor":14,"key":"Kunai"},{"floor":23,"key":"Potion Belt"},{"floor":25,"key":"Du-Vu Doll"},{"floor":25,"key":"Darkstone Periapt"},{"floor":26,"key":"Boot"},{"floor":29,"key":"PreservedInsect"},{"floor":40,"key":"Molten Egg 2"},{"floor":42,"key":"Shovel"},{"floor":43,"key":"Dead Branch"},{"floor":45,"key":"Blood Vial"}],"event_choices":[{"damage_healed":0,"gold_gain":0,"player_choice":"Rummage","damage_taken":0,"relics_obtained":["WarpedTongs"],"max_hp_gain":0,"max_hp_loss":0,"event_name":"Accursed Blacksmith","floor":2,"gold_loss":0,"cards_obtained":["Pain"]},{"damage_healed":0,"gold_gain":0,"player_choice":"Obtained Relic","damage_taken":0,"relics_obtained":["Ancient Tea Set"],"max_hp_gain":0,"max_hp_loss":0,"event_name":"Addict","floor":19,"gold_loss":85},{"damage_healed":0,"gold_gain":0,"player_choice":"Joined the Cult","damage_taken":6,"max_hp_gain":0,"max_hp_loss":0,"event_name":"Nest","floor":20,"gold_loss":0,"cards_obtained":["RitualDagger"]},{"damage_healed":0,"gold_gain":0,"cards_transformed":["Sweeping Beam"],"player_choice":"Transformed","damage_taken":0,"max_hp_gain":0,"max_hp_loss":0,"event_name":"Transmorgrifier","floor":21,"gold_loss":0,"cards_obtained":["Creative AI"]},{"damage_healed":0,"gold_gain":0,"player_choice":"Fight","damage_taken":0,"max_hp_gain":0,"max_hp_loss":0,"event_name":"Colosseum","floor":25,"gold_loss":0},{"damage_healed":0,"gold_gain":0,"player_choice":"Fought Nobs","damage_taken":0,"max_hp_gain":0,"max_hp_loss":0,"event_name":"Colosseum","floor":25,"gold_loss":0},{"cards_removed":["Skim"],"damage_healed":0,"gold_gain":0,"player_choice":"Removed Skill","damage_taken":0,"max_hp_gain":0,"max_hp_loss":0,"event_name":"Falling","floor":36,"gold_loss":0},{"damage_healed":0,"gold_gain":0,"player_choice":"Max HP","damage_taken":0,"max_hp_gain":0,"max_hp_loss":4,"event_name":"Winding Halls","floor":37,"gold_loss":0},{"damage_healed":0,"gold_gain":0,"player_choice":"Fight","damage_taken":0,"max_hp_gain":0,"max_hp_loss":0,"event_name":"Mysterious Sphere","floor":42,"gold_loss":0}],"is_beta":false,"boss_relics":[{"not_picked":["Lizard Tail","Runic Dome"],"picked":"Velvet Choker"},{"not_picked":["Orrery","Calling Bell"],"picked":"Runic Pyramid"}],"items_purged_floors":[7],"is_endless":false,"potions_floor_spawned":[1,13,14,22,28,29,33,38,40,42,46,47],"ascension_level":1}