{"gold_per_floor":[115,125,138,152,170,170,200,210,210,230,248,261,261,10,10,89,89,105,105,124,124,142,142,168,168,168,194,194,194,194,213,213,288,288,303,93,113,113,113,113,132,132,132,132,144,144,178,0,0,0],"floor_reached":51,"playtime":4187,"items_purged":["Strike_B"],"score":1136,"play_id":"c9f8af0c-5372-497c-b3e5-4f689110bf98","local_time":"20190208191048","is_ascension_mode":true,"campfire_choices":[{"data":"Chaos","floor":6,"key":"SMITH"},{"data":"Static Discharge","floor":13,"key":"SMITH"},{"data":"Biased Cognition","floor":15,"key":"SMITH"},{"data":"Thunder Strike","floor":23,"key":"SMITH"},{"data":"Zap","floor":25,"key":"SMITH"},{"data":"Loop","floor":28,"key":"SMITH"},{"floor":30,"key":"REST"},{"data":"Fusion","floor":32,"key":"SMITH"},{"data":"Creative AI","floor":40,"key":"SMITH"},{"floor":44,"key":"REST"},{"floor":49,"key":"REST"}],"neow_cost":"TEN_PERCENT_HP_LOSS","seed_source_timestamp":1453200057915181,"circlet_count":0,"master_deck":["AscendersBane","Defend_B","Defend_B","Defend_B","Defend_B","Zap+1","Dualcast","Tempest+1","BootSequence","Genetic Algorithm","Chill","Coolheaded","Biased Cognition+1","Chaos+1","White Noise","Coolheaded","Static Discharge+1","Doom and Gloom","Thunder Strike+1","Ball Lightning","Conserve Battery","Loop+1","Fusion+1","Amplify","Creative AI+1","Parasite","Double Energy","Storm"],"relics":["Cracked Core","PreservedInsect","Bottled Tornado","Gremlin Horn","Runic Pyramid","Boot","Question Card","Oddly Smooth Stone","Velvet Choker","Blue Candle","Shuriken","Ornamental Fan","Red Mask"],"potions_floor_usage":[7,16,33,47,50],"damage_taken":[{"damage":1,"enemies":"Cultist","floor":1,"turns":5},{"damage":0,"enemies":"2 Louse","floor":2,"turns":2},{"damage":9,"enemies":"Small Slimes","floor":3,"turns":4},{"damage":0,"enemies":"2 Fungi Beasts","floor":4,"turns":4},{"damage":0,"enemies":"Looter","floor":5,"turns":3},{"damage":14,"enemies":"3 Sentries","floor":7,"turns":7},{"damage":1,"enemies":"Large Slime","floor":8,"turns":4},{"damage":0,"enemies":"3 Louse","floor":10,"turns":4},{"damage":0,"enemies":"2 Fungi Beasts","floor":11,"turns":3},{"damage":1,"enemies":"Looter","floor":12,"turns":2},{"damage":12,"enemies":"The Guardian","floor":16,"turns":13},{"damage":0,"enemies":"Spheric Guardian","floor":18,"turns":3},{"damage":1,"enemies":"Chosen","floor":20,"turns":5},{"damage":10,"enemies":"Shelled Parasite and Fungi","floor":22,"turns":4},{"damage":2,"enemies":"Book of Stabbing","floor":27,"turns":4},{"damage":0,"enemies":"Cultist and Chosen","floor":31,"turns":4},{"damage":34,"enemies":"Champ","floor":33,"turns":11},{"damage":0,"enemies":"3 Shapes","floor":35,"turns":3},{"damage":11,"enemies":"3 Darklings","floor":37,"turns":6},{"damage":3,"enemies":"Maw","floor":41,"turns":8},{"damage":14,"enemies":"Writhing Mass","floor":45,"turns":4},{"damage":16,"enemies":"Nemesis","floor":47,"turns":3},{"damage":58,"enemies":"Time Eater","floor":50,"turns":5}],"seed_played":"6677328112227575877","potions_obtained":[{"floor":1,"key":"Dexterity Potion"},{"floor":3,"key":"SkillPotion"},{"floor":8,"key":"GamblersBrew"},{"floor":10,"key":"Block Potion"},{"floor":20,"key":"Regen Potion"},{"floor":33,"key":"GamblersBrew"}],"is_trial":false,"path_per_floor":["M","M","M","M","M","R","E","M","T","M","M","M","R","$","R","B",null,"M","?","M","?","M","R","T","R","T","E","R","?","R","M","R","B",null,"M","$","M","?","?","R","M","?","T","R","M","T","E","?","R","B",null],"character_chosen":"DEFECT","items_purchased":["Gremlin Horn","Creative AI"],"campfire_rested":3,"item_purchase_floors":[14,36],"current_hp_per_floor":[63,63,54,54,54,54,40,39,39,39,39,38,38,38,38,26,55,55,55,54,54,44,44,44,44,44,42,42,42,61,61,61,27,55,55,55,44,44,44,44,41,41,41,59,45,45,29,29,47,3],"gold":0,"neow_bonus":"TRANSFORM_TWO_CARDS","is_prod":false,"is_daily":false,"chose_seed":false,"campfire_upgraded":8,"win_rate":0,"timestamp":1549620648,"path_taken":["M","M","M","M","M","R","E","?","T","M","M","M","R","$","R","BOSS","M","?","M","?","?","R","?","R","T","E","R","?","R","?","R","BOSS","M","$","M","?","?","R","M","?","T","R","M","?","E","?","R","BOSS"],"build_version":"2019-01-23","purchased_purges":1,"victory":true,"max_hp_per_floor":[64,64,64,64,64,64,64,64,64,64,64,64,64,64,64,64,64,64,64,64,64,64,64,64,64,64,64,64,64,64,64,64,64,64,64,64,64,61,61,61,61,61,61,61,61,61,61,61,61,61],"card_choices":[{"not_picked":["Scrape","Gash"],"picked":"Genetic Algorithm","floor":1},{"not_picked":["Gash","Hologram"],"picked":"Chill","floor":2},{"not_picked":["Compile Driver","Turbo"],"picked":"Coolheaded","floor":3},{"not_picked":["Cold Snap","Redo"],"picked":"Biased Cognition","floor":4},{"not_picked":["Sunder","Cold Snap"],"picked":"Chaos","floor":5},{"not_picked":["Beam Cell","White Noise","Barrage"],"picked":"SKIP","floor":7},{"not_picked":["Beam Cell","Barrage"],"picked":"White Noise","floor":7},{"not_picked":["Turbo","Stack","Reinforced Body"],"picked":"SKIP","floor":8},{"not_picked":["BootSequence","Beam Cell"],"picked":"Coolheaded","floor":10},{"not_picked":["Recycle","Beam Cell"],"picked":"Static Discharge","floor":11},{"not_picked":["Steam","Doom and Gloom","Force Field"],"picked":"SKIP","floor":12},{"not_picked":["Steam","Force Field"],"picked":"Doom and Gloom","floor":12},{"not_picked":["Seek","Amplify"],"picked":"Thunder Strike","floor":16},{"not_picked":["Rebound","Conserve Battery","Coolheaded+1"],"picked":"SKIP","floor":18},{"not_picked":["Barrage+1","Sunder"],"picked":"Ball Lightning","floor":20},{"not_picked":["Doom and Gloom","Hologram"],"picked":"Conserve Battery","floor":22},{"not_picked":["Gash","Multi-Cast","Coolheaded"],"picked":"Loop","floor":27},{"not_picked":["Steam","Barrage","Loop"],"picked":"Fusion","floor":31},{"not_picked":["Rainbow","Machine Learning","Creative AI"],"picked":"Amplify","floor":33},{"not_picked":["Gash+1","Cold Snap","Hello World","Compile Driver+1"],"picked":"SKIP","floor":35},{"not_picked":["Stack","Rip and Tear","Fusion","Self Repair"],"picked":"SKIP","floor":37},{"not_picked":["Steam+1","Recycle","Coolheaded+1","Go for the Eyes"],"picked":"SKIP","floor":41},{"not_picked":["Steam+1","Recycle","Coolheaded+1","Go for the Eyes"],"picked":"SKIP","floor":41},{"not_picked":["Stack","Cold Snap","Double Energy","Streamline"],"picked":"SKIP","floor":45},{"not_picked":["Stack","Cold Snap","Streamline"],"picked":"Double Energy","floor":45},{"not_picked":["Static Discharge","Stack","Conserve Battery"],"picked":"Storm","floor":47}],"player_experience":933986,"relics_obtained":[{"floor":7,"key":"PreservedInsect"},{"floor":9,"key":"Bottled Tornado"},{"floor":24,"key":"Boot"},{"floor":26,"key":"Question Card"},{"floor":27,"key":"Oddly Smooth Stone"},{"floor":43,"key":"Blue Candle"},{"floor":46,"key":"Shuriken"},{"floor":47,"key":"Ornamental Fan"}],"event_choices":[{"damage_healed":0,"gold_gain":0,"player_choice":"Ignored","damage_taken":0,"max_hp_gain":0,"max_hp_loss":0,"event_name":"Ghosts","floor":19,"gold_loss":0},{"cards_removed":["Strike_B"],"damage_healed":0,"gold_gain":0,"player_choice":"Offered Basic","damage_taken":0,"max_hp_gain":0,"max_hp_loss":0,"event_name":"Bonfire Elementals","floor":21,"gold_loss":0},{"damage_healed":0,"gold_gain":0,"player_choice":"Forge","damage_taken":0,"max_hp_gain":0,"max_hp_loss":0,"event_name":"Accursed Blacksmith","floor":29,"gold_loss":0,"cards_upgraded":["Tempest"]},{"damage_healed":0,"gold_gain":0,"player_choice":"Max HP","damage_taken":0,"max_hp_gain":0,"max_hp_loss":3,"event_name":"Winding Halls","floor":38,"gold_loss":0},{"damage_healed":0,"gold_gain":0,"player_choice":"Memory 1","damage_taken":0,"max_hp_gain":0,"max_hp_loss":0,"event_name":"SensoryStone","floor":39,"gold_loss":0},{"damage_healed":0,"gold_gain":0,"player_choice":"Ignored","damage_taken":0,"max_hp_gain":0,"max_hp_loss":0,"event_name":"Mysterious Sphere","floor":42,"gold_loss":0},{"damage_healed":0,"gold_gain":0,"player_choice":"Paid","damage_taken":0,"relics_obtained":["Red Mask"],"max_hp_gain":0,"max_hp_loss":0,"event_name":"Tomb of Lord Red Mask","floor":48,"gold_loss":178}],"is_beta":false,"boss_relics":[{"not_picked":["Lizard Tail","Ectoplasm"],"picked":"Runic Pyramid"},{"not_picked":["Orrery","FrozenCore"],"picked":"Velvet Choker"}],"items_purged_floors":[36],"is_endless":false,"potions_floor_spawned":[1,3,8,10,11,12,20,31,33,45],"ascension_level":15}