{"path_per_floor":["M","$","M","?","M","E","R","M","T","$","R","E","M","T","R","B",null,"M","?","?","?","?","E","M","R","T","R","M","$","M","E","R"],"character_chosen":"DEFECT","items_purchased":["Storm","Ball Lightning","Defragment"],"gold_per_floor":[118,0,14,14,28,63,63,76,99,24,24,55,67,67,67,169,169,189,189,189,104,0,35,47,47,103,103,117,44,63,98,98,98],"floor_reached":33,"campfire_rested":3,"playtime":1352,"current_hp_per_floor":[75,75,75,63,63,49,49,30,30,30,30,11,5,5,42,11,75,52,52,52,52,52,27,29,66,66,66,61,61,69,23,60,0],"items_purged":["Defend_B"],"gold":98,"score":308,"play_id":"f21e1349-d2ae-4d28-8c76-037463a6d4b0","local_time":"20180501210547","is_prod":false,"is_daily":false,"chose_seed":false,"is_ascension_mode":true,"campfire_upgraded":3,"timestamp":1525205147,"path_taken":["M","$","M","?","?","E","R","M","T","?","R","E","M","?","R","BOSS","M","?","?","?","?","E","M","R","T","R","M","$","?","E","R","BOSS"],"build_version":"2018-04-30","seed_source_timestamp":259295920225902,"purchased_purges":1,"victory":false,"master_deck":["Strike_B","Strike_B","Strike_B","Defend_B","Defend_B","Defend_B","Zap+1","Dualcast","Reinforced Body","Axe Kick","Storm+1","Ball Lightning","Capacitor","Ball Lightning","Doom and Gloom","Leap","White Noise","Barrage","Consume","Machine Learning","FTL","Buffer+1","Skim+1","Self Repair","Defragment","Impulse","White Noise"],"max_hp_per_floor":[75,75,75,75,75,75,75,75,75,75,75,75,75,75,75,75,75,75,75,75,75,75,75,75,75,75,75,75,75,75,75,75,75],"relics":["Cracked Core","Regal Pillow","Bag of Preparation","Bag of Marbles","Prayer Wheel","Blood Vial","Inserter","Ancient Tea Set","Mummified Hand","Tiny Chest","Oddly Smooth Stone"],"card_choices":[{"not_picked":["Aggregate","Streamline"],"picked":"Reinforced Body","floor":0},{"not_picked":["Static Discharge","Coolheaded"],"picked":"Axe Kick","floor":1},{"not_picked":["Axe Kick","Loop"],"picked":"Capacitor","floor":3},{"not_picked":["Rebound","Recycle"],"picked":"Ball Lightning","floor":5},{"not_picked":["Axe Kick","Coolheaded"],"picked":"Doom and Gloom","floor":6},{"not_picked":["Stack","Streamline"],"picked":"Leap","floor":8},{"not_picked":["Skim","Meteor Strike"],"picked":"White Noise","floor":12},{"not_picked":["Gash","Skim"],"picked":"Barrage","floor":13},{"not_picked":["Stack","Coolheaded"],"picked":"Consume","floor":14},{"not_picked":["Prime","All For One"],"picked":"Machine Learning","floor":16},{"not_picked":["Turbo","Stack"],"picked":"FTL","floor":18},{"not_picked":["Melter","Scrape"],"picked":"Buffer","floor":23},{"not_picked":["Leap","Axe Kick"],"picked":"Skim","floor":24},{"not_picked":["White Noise","Skim"],"picked":"Self Repair","floor":28},{"not_picked":["Leap","Recycle"],"picked":"Impulse","floor":30},{"not_picked":["Cold Snap","Coolheaded"],"picked":"White Noise","floor":31}],"player_experience":105280,"potions_floor_usage":[6,6,18,23,28,30,33],"damage_taken":[{"damage":0,"enemies":"Jaw Worm","floor":1,"turns":4},{"damage":0,"enemies":"Small Slimes","floor":3,"turns":3},{"damage":0,"enemies":"Cultist","floor":5,"turns":2},{"damage":14,"enemies":"Gremlin Nob","floor":6,"turns":3},{"damage":19,"enemies":"Red Slaver","floor":8,"turns":4},{"damage":19,"enemies":"Lagavulin","floor":12,"turns":5},{"damage":6,"enemies":"Exordium Wildlife","floor":13,"turns":3},{"damage":33,"enemies":"Hexaghost","floor":16,"turns":7},{"damage":23,"enemies":"Shell Parasite","floor":18,"turns":6},{"damage":27,"enemies":"Book of Stabbing","floor":23,"turns":5},{"damage":0,"enemies":"Spheric Guardian","floor":24,"turns":2},{"damage":7,"enemies":"3 Cultists","floor":28,"turns":4},{"damage":1,"enemies":"Sentry and Sphere","floor":30,"turns":3},{"damage":55,"enemies":"Slavers","floor":31,"turns":4},{"damage":63,"enemies":"Automaton","floor":33,"turns":6}],"event_choices":[{"event_name":"Scrap Ooze","player_choice":"success","floor":4,"damage_taken":12},{"event_name":"Bonfire Elementals","player_choice":"BASIC","floor":19,"damage_taken":0},{"event_name":"Ghosts","player_choice":"Ignored","floor":20,"damage_taken":0},{"event_name":"Addict","player_choice":"Obtained Relic","floor":21,"damage_taken":0},{"event_name":"Masked Bandits","player_choice":"Paid Bandits 104 gold","floor":22,"damage_taken":0}],"boss_relics":[{"not_picked":["Calling Bell","Runic Dome"],"picked":"Inserter"}],"potions_floor_spawned":[1,3,13,16,18,23,28],"seed_played":"6096167275010444879","killed_by":"Automaton","ascension_level":1,"is_trial":false}