{"gold_per_floor":[19,19,33,33,43,43,43,58,82,82,97,109,109,109,109,206,206,224,224,224,224,184,210,83,83,83,101,101,112,112,65,65,169,169,181,194,194,194,94,94,94,109,109,128,128,128],"floor_reached":46,"playtime":1975,"items_purged":["Strike_B","Strike_B"],"score":426,"play_id":"749d9318-a7be-4984-85d0-e523a121144c","local_time":"20190112060608","is_ascension_mode":false,"campfire_choices":[{"data":"Beam Cell","floor":6.0,"key":"SMITH"},{"data":"Machine Learning","floor":13.0,"key":"SMITH"},{"floor":15.0,"key":"REST"},{"floor":25.0,"key":"REST"},{"data":"Hologram","floor":28.0,"key":"SMITH"},{"data":"Zap","floor":30.0,"key":"SMITH"},{"floor":32.0,"key":"REST"},{"floor":40.0,"key":"REST"}],"neow_cost":"NO_GOLD","seed_source_timestamp":0,"circlet_count":0,"master_deck":["Strike_B","Defend_B","Defend_B","Defend_B","Defend_B","Zap+1","Dualcast","Echo Form","Beam Cell+1","Go for the Eyes","Rip and Tear","BootSequence","Machine Learning+1","All For One","RitualDagger","FTL","Hologram+1","BootSequence","Coolheaded","Buffer","Gash+1","White Noise","Chrysalis","Blind","Trip"],"special_seed":0,"relics":["Cracked Core"],"potions_floor_usage":[],"damage_taken":[{"damage":2.0,"enemies":"Small Slimes","floor":1.0,"turns":3.0},{"damage":0.0,"enemies":"2 Louse","floor":3.0,"turns":2.0},{"damage":6.0,"enemies":"Jaw Worm","floor":5.0,"turns":3.0},{"damage":12.0,"enemies":"Exordium Wildlife","floor":8.0,"turns":4.0},{"damage":6.0,"enemies":"3 Louse","floor":11.0,"turns":3.0},{"damage":8.0,"enemies":"Large Slime","floor":12.0,"turns":6.0},{"damage":36.0,"enemies":"The Guardian","floor":16.0,"turns":8.0},{"damage":10.0,"enemies":"3 Byrds","floor":18.0,"turns":5.0},{"damage":47.0,"enemies":"Gremlin Leader","floor":23.0,"turns":11.0},{"damage":0.0,"enemies":"Spheric Guardian","floor":27.0,"turns":3.0},{"damage":11.0,"enemies":"Snake Plant","floor":29.0,"turns":5.0},{"damage":53.0,"enemies":"Champ","floor":33.0,"turns":13.0},{"damage":23.0,"enemies":"Orb Walker","floor":35.0,"turns":4.0},{"damage":18.0,"enemies":"3 Darklings","floor":36.0,"turns":6.0},{"damage":19.0,"enemies":"Spire Growth","floor":42.0,"turns":6.0},{"damage":3.0,"enemies":"4 Shapes","floor":44.0,"turns":6.0},{"damage":36,"enemies":"Sphere and 2 Shapes","floor":46,"turns":4}],"seed_played":"490489548147014636","potions_obtained":[{"floor":1.0,"key":"Dexterity Potion"},{"floor":3.0,"key":"SkillPotion"},{"floor":11.0,"key":"Dexterity Potion"},{"floor":22.0,"key":"FearPotion"},{"floor":22.0,"key":"LiquidBronze"},{"floor":22.0,"key":"Weak Potion"},{"floor":27.0,"key":"Explosive Potion"},{"floor":29.0,"key":"SteroidPotion"},{"floor":33.0,"key":"Fire Potion"}],"is_trial":false,"path_per_floor":["M","?","M","?","M","R","$","M","T","?","M","M","R","T","R","B",null,"M","?","T","?","?","E","$","R","T","M","R","M","R","$","R","B",null,"M","M","?","?","$","R","$","M","T","M","T","M"],"character_chosen":"DEFECT","items_purchased":["Hologram","Coolheaded"],"campfire_rested":4,"item_purchase_floors":[24,31],"current_hp_per_floor":[73,73,73,78,72,72,72,60,60,53,47,39,39,39,63,27,80,70,70,70,64,64,17,17,41,41,41,41,30,30,30,54,1,80,57,39,29,29,29,53,53,34,34,31,31,0],"gold":128,"neow_bonus":"THREE_RARE_CARDS","is_prod":false,"is_daily":false,"chose_seed":false,"campfire_upgraded":4,"win_rate":0,"timestamp":1547273168,"path_taken":["M","?","M","?","M","R","$","M","T","?","?","M","R","?","R","BOSS","M","?","?","?","?","E","$","R","T","M","R","?","R","?","R","BOSS","M","M","?","?","$","R","$","M","T","M","?","M"],"build_version":"2019-01-10","purchased_purges":2,"victory":false,"max_hp_per_floor":[75,75,75,80,80,80,80,80,80,80,80,80,80,80,80,80,80,80,80,80,80,80,80,80,80,80,80,80,80,80,80,80,80,80,80,80,80,80,80,80,80,80,80,80,80,80],"card_choices":[{"not_picked":["Multi-Cast","Amplify"],"picked":"Echo Form","floor":0.0},{"not_picked":["Scrape","Steam Power"],"picked":"Beam Cell","floor":1.0},{"not_picked":["Genetic Algorithm","Redo"],"picked":"Go for the Eyes","floor":3.0},{"not_picked":["Hello World","Fusion","Coolheaded"],"picked":"SKIP","floor":5.0},{"not_picked":["Ball Lightning","Steam Power"],"picked":"Rip and Tear","floor":8.0},{"not_picked":["Cold Snap","Blizzard"],"picked":"BootSequence","floor":11.0},{"not_picked":["Tempest","Beam Cell"],"picked":"Machine Learning","floor":12.0},{"not_picked":["Core Surge","Biased Cognition"],"picked":"All For One","floor":16.0},{"not_picked":["Reinforced Body","Beam Cell","Compile Driver+1"],"picked":"SKIP","floor":18.0},{"not_picked":["Tempest","Beam Cell+1"],"picked":"FTL","floor":23.0},{"not_picked":["Conserve Battery","Redo"],"picked":"BootSequence","floor":27.0},{"not_picked":["Blizzard+1","Leap","Meteor Strike"],"picked":"SKIP","floor":29.0},{"not_picked":["Echo Form","Amplify"],"picked":"Buffer","floor":33.0},{"not_picked":["Steam","Redo"],"picked":"Gash+1","floor":35.0},{"not_picked":["Go for the Eyes","Aggregate"],"picked":"White Noise","floor":36.0},{"not_picked":["Forethought","PanicButton"],"picked":"Chrysalis","floor":37.0},{"not_picked":["Dark Shackles","Purity"],"picked":"Blind","floor":37.0},{"not_picked":["Apotheosis","Panacea"],"picked":"Trip","floor":37.0},{"not_picked":["Leap+1","Stack","Sweeping Beam+1"],"picked":"SKIP","floor":42.0},{"not_picked":["Cold Snap","Loop+1","Barrage"],"picked":"SKIP","floor":44.0}],"player_experience":401556,"relics_obtained":[],"event_choices":[{"damage_healed":0.0,"max_hp_gain":0.0,"max_hp_loss":0.0,"gold_gain":0.0,"event_name":"Golden Idol","player_choice":"Ignored","floor":2.0,"gold_loss":0.0,"damage_taken":0.0},{"damage_healed":0.0,"max_hp_gain":5.0,"max_hp_loss":0.0,"gold_gain":0.0,"event_name":"Big Fish","player_choice":"Donut","floor":4.0,"gold_loss":0.0,"damage_taken":0.0},{"cards_removed":["Strike_B"],"damage_healed":0.0,"max_hp_gain":0.0,"max_hp_loss":0.0,"gold_gain":0.0,"event_name":"Golden Wing","player_choice":"Card Removal","floor":10.0,"gold_loss":0.0,"damage_taken":7.0},{"damage_healed":0.0,"max_hp_gain":0.0,"max_hp_loss":0.0,"gold_gain":0.0,"event_name":"The Mausoleum","player_choice":"Ignored","floor":19.0,"gold_loss":0.0,"damage_taken":0.0},{"damage_healed":0.0,"max_hp_gain":0.0,"max_hp_loss":0.0,"gold_gain":0.0,"event_name":"Nest","player_choice":"Joined the Cult","floor":21.0,"gold_loss":0.0,"damage_taken":6.0,"cards_obtained":["RitualDagger"]},{"damage_healed":0.0,"max_hp_gain":0.0,"max_hp_loss":0.0,"gold_gain":0.0,"event_name":"The Woman in Blue","player_choice":"Bought 3 Potions","floor":22.0,"gold_loss":0.0,"damage_taken":0.0},{"damage_healed":0.0,"max_hp_gain":0.0,"max_hp_loss":0.0,"gold_gain":0.0,"event_name":"SensoryStone","player_choice":"Memory 3","floor":37.0,"gold_loss":0.0,"damage_taken":10.0},{"damage_healed":0.0,"max_hp_gain":0.0,"max_hp_loss":0.0,"gold_gain":0.0,"event_name":"Mysterious Sphere","player_choice":"Ignored","floor":38.0,"gold_loss":0.0,"damage_taken":0.0}],"is_beta":true,"boss_relics":[{"not_picked":["Busted Crown","Inserter","Runic Dome"]},{"not_picked":[]}],"items_purged_floors":[24,39],"is_endless":false,"potions_floor_spawned":[1,3,11,27,29,33],"killed_by":"Sphere and 2 Shapes","ascension_level":0}