{"gold_per_floor":[113,113,127,202,48,82,82,118,118,156,156,175,175,195,195,321,321,339,254,254,274,274,274,174,204,228,228,240,240,240,240,240,337,337,349,359,359,359,383,416,31,50,103,103,152,184,196,215,215,215],"floor_reached":51,"playtime":2816,"items_purged":["Defend_G","Strike_G"],"score":1158,"play_id":"9d923381-7209-47bb-932f-cd186a3d9875","local_time":"20190122055305","is_ascension_mode":true,"campfire_choices":[{"data":"Accuracy","floor":7,"key":"SMITH"},{"data":"Leg Sweep","floor":11,"key":"SMITH"},{"floor":15,"key":"REST"},{"data":"Envenom","floor":23,"key":"SMITH"},{"data":"Terror","floor":30,"key":"SMITH"},{"floor":32,"key":"REST"},{"data":"Infinite Blades","floor":49,"key":"SMITH"}],"neow_cost":"NONE","seed_source_timestamp":997382904555001,"circlet_count":0,"master_deck":["Defend_G","Defend_G","Strike_G","Strike_G","Survivor","Neutralize","Infinite Blades+1","Leg Sweep+1","Accuracy+1","Dagger Spray","Concentrate","Terror+1","Outmaneuver","Envenom+1","Blur","After Image","Footwork","Slice","Slice","Accuracy+1","Distraction+1","Deflect","Storm of Steel","Backstab","Endless Agony+1","Bandage Up","Finesse","Trip","Deflect+1","Escape Plan"],"relics":["Ring of the Snake","NeowsBlessing","Bloody Idol","Paper Crane","Unceasing Top","Bronze Scales","Pear","Empty Cage","Art of War","Pocketwatch","Pen Nib","Nilry\u0027s Codex","Regal Pillow","Orrery","Dream Catcher","Mercury Hourglass","Strange Spoon","Oddly Smooth Stone","Ginger","Frozen Egg 2"],"potions_floor_usage":[8,25,25,40,40,45,46,50],"damage_taken":[{"damage":0,"enemies":"Small Slimes","floor":1,"turns":1},{"damage":0,"enemies":"Jaw Worm","floor":3,"turns":1},{"damage":0,"enemies":"3 Sentries","floor":6,"turns":1},{"damage":7,"enemies":"Lagavulin","floor":8,"turns":7},{"damage":8,"enemies":"Gremlin Nob","floor":10,"turns":4},{"damage":0,"enemies":"2 Louse","floor":12,"turns":2},{"damage":11,"enemies":"Exordium Wildlife","floor":14,"turns":4},{"damage":32,"enemies":"Slime Boss","floor":16,"turns":11},{"damage":10,"enemies":"Shell Parasite","floor":18,"turns":5},{"damage":9,"enemies":"Spheric Guardian","floor":21,"turns":5},{"damage":17,"enemies":"Book of Stabbing","floor":25,"turns":6},{"damage":3,"enemies":"Centurion and Healer","floor":28,"turns":7},{"damage":30,"enemies":"Collector","floor":33,"turns":8},{"damage":9,"enemies":"3 Shapes","floor":35,"turns":5},{"damage":2,"enemies":"Orb Walker","floor":36,"turns":4},{"damage":25,"enemies":"Reptomancer","floor":40,"turns":9},{"damage":14,"enemies":"3 Darklings","floor":42,"turns":4},{"damage":33,"enemies":"2 Orb Walkers","floor":45,"turns":4},{"damage":0,"enemies":"Giant Head","floor":46,"turns":4},{"damage":0,"enemies":"Transient","floor":47,"turns":5},{"damage":0,"enemies":"Spire Growth","floor":48,"turns":5},{"damage":50,"enemies":"Awakened One","floor":50,"turns":12}],"seed_played":"5177870050280805820","potions_obtained":[{"floor":3,"key":"GhostInAJar"},{"floor":6,"key":"Strength Potion"},{"floor":10,"key":"Weak Potion"},{"floor":12,"key":"Regen Potion"},{"floor":25,"key":"GamblersBrew"},{"floor":36,"key":"PowerPotion"},{"floor":42,"key":"FearPotion"},{"floor":46,"key":"Explosive Potion"}],"is_trial":false,"path_per_floor":["?","?","?","?","?","?","?","M","?","T","?","?","T","$","M","?","?"],"character_chosen":"THE_SILENT","items_purchased":["Accuracy","Strange Spoon","Storm of Steel","Backstab"],"campfire_rested":2,"item_purchase_floors":[5,41,41,41],"current_hp_per_floor":[63,46,46,35,35,35,35,28,28,30,30,30,30,19,43,11,63,53,53,53,44,44,44,44,47,52,36,38,38,38,38,77,52,73,69,72,72,72,77,57,57,48,53,43,19,28,37,50,50,8],"gold":215,"neow_bonus":"THREE_ENEMY_KILL","is_prod":false,"is_daily":false,"chose_seed":false,"campfire_upgraded":5,"win_rate":0,"timestamp":1548136385,"path_taken":["M","?","M","?","$","E","R","E","T","E","R","M","?","M","R","BOSS","M","?","?","M","?","R","$","E","T","?","?","?","R","?","R","BOSS","M","M","?","?","?","E","?","?","T","?","?","E","M","M","R","BOSS"],"build_version":"2019-01-20","purchased_purges":2,"victory":true,"max_hp_per_floor":[70,70,70,70,70,70,70,70,70,80,80,80,80,80,80,80,80,80,80,80,80,80,80,80,80,80,80,80,80,80,80,80,80,80,80,80,80,80,80,80,80,80,80,80,80,80,80,80,80,80],"card_choices":[{"not_picked":["Deadly Poison","Underhanded Strike"],"picked":"Infinite Blades","floor":1},{"not_picked":["Flying Knee","Underhanded Strike"],"picked":"Leg Sweep","floor":3},{"not_picked":["Poisoned Stab","Wraith Form v2"],"picked":"Dagger Spray","floor":6},{"not_picked":["Choke","Acrobatics"],"picked":"Concentrate","floor":8},{"not_picked":["PiercingWail","Bane"],"picked":"Terror","floor":10},{"not_picked":["Flechettes","Caltrops","Acrobatics"],"picked":"SKIP","floor":12},{"not_picked":["Dagger Throw","Bouncing Flask"],"picked":"Outmaneuver","floor":14},{"not_picked":["Malaise","Burst"],"picked":"Envenom","floor":16},{"not_picked":["Flying Knee","Expertise","Bane+1"],"picked":"SKIP","floor":18},{"not_picked":["Quick Slash","Flying Knee"],"picked":"Blur","floor":21},{"not_picked":["Deadly Poison","Predator","Dagger Throw+1"],"picked":"SKIP","floor":25},{"not_picked":["Tactician","Bouncing Flask","Dagger Spray+1"],"picked":"SKIP","floor":28},{"not_picked":["A Thousand Cuts","Storm of Steel"],"picked":"After Image","floor":33},{"not_picked":["Quick Slash","Prepared"],"picked":"Footwork","floor":34},{"not_picked":["Flying Knee","Acrobatics"],"picked":"Slice","floor":34},{"not_picked":["Predator","Burst"],"picked":"Slice","floor":34},{"not_picked":["Footwork+1","Poisoned Stab+1"],"picked":"Accuracy+1","floor":35},{"not_picked":["Outmaneuver","Backflip+1"],"picked":"Distraction+1","floor":36},{"not_picked":["Blade Dance","Distraction+1"],"picked":"Deflect","floor":40},{"not_picked":["Dagger Spray","Poisoned Stab"],"picked":"Endless Agony+1","floor":42},{"not_picked":["Sadistic Nature","Enlightenment"],"picked":"Bandage Up","floor":44},{"not_picked":["Mind Blast","PanicButton"],"picked":"Finesse","floor":44},{"not_picked":["Deep Breath","Discovery"],"picked":"Trip","floor":44},{"not_picked":["Caltrops+1","Bane"],"picked":"Deflect+1","floor":45},{"not_picked":["Outmaneuver+1","Dash","Bane+1"],"picked":"SKIP","floor":46},{"not_picked":["Choke+1","Dagger Throw"],"picked":"Escape Plan","floor":47},{"not_picked":["Backflip+1","Noxious Fumes+1","Predator"],"picked":"SKIP","floor":48}],"player_experience":448792,"relics_obtained":[{"floor":6,"key":"Paper Crane"},{"floor":8,"key":"Unceasing Top"},{"floor":9,"key":"Bronze Scales"},{"floor":10,"key":"Pear"},{"floor":25,"key":"Pocketwatch"},{"floor":26,"key":"Pen Nib"},{"floor":27,"key":"Nilry\u0027s Codex"},{"floor":31,"key":"Regal Pillow"},{"floor":39,"key":"Dream Catcher"},{"floor":40,"key":"Mercury Hourglass"},{"floor":43,"key":"Oddly Smooth Stone"},{"floor":45,"key":"Ginger"},{"floor":46,"key":"Frozen Egg 2"}],"event_choices":[{"damage_healed":0,"gold_gain":0,"player_choice":"Take Damage","damage_taken":17,"relics_obtained":["Golden Idol"],"max_hp_gain":0,"max_hp_loss":0,"event_name":"Golden Idol","floor":2,"gold_loss":0},{"damage_healed":0,"gold_gain":75,"player_choice":"Gather Gold","damage_taken":11,"max_hp_gain":0,"max_hp_loss":0,"event_name":"World of Goop","floor":4,"gold_loss":0},{"cards_removed":["Strike_G"],"damage_healed":0,"gold_gain":0,"player_choice":"Forget","damage_taken":0,"max_hp_gain":0,"max_hp_loss":0,"event_name":"Living Wall","floor":13,"gold_loss":0},{"damage_healed":0,"gold_gain":0,"player_choice":"Obtained Relic","damage_taken":0,"relics_obtained":["Art of War"],"max_hp_gain":0,"max_hp_loss":0,"event_name":"Addict","floor":19,"gold_loss":85},{"damage_healed":0,"gold_gain":0,"player_choice":"Ignored","damage_taken":0,"max_hp_gain":0,"max_hp_loss":0,"event_name":"Vampires","floor":20,"gold_loss":0},{"damage_healed":0,"gold_gain":0,"player_choice":"Gave Idol","damage_taken":0,"relics_obtained":["Bloody Idol"],"max_hp_gain":0,"max_hp_loss":0,"event_name":"Forgotten Altar","floor":22,"relics_lost":["Golden Idol"],"gold_loss":0},{"damage_healed":0,"gold_gain":0,"player_choice":"Obtained Book","damage_taken":16,"max_hp_gain":0,"max_hp_loss":0,"event_name":"Cursed Tome","floor":27,"gold_loss":0},{"damage_healed":0,"gold_gain":0,"player_choice":"Ignored","damage_taken":0,"max_hp_gain":0,"max_hp_loss":0,"event_name":"The Mausoleum","floor":29,"gold_loss":0},{"cards_removed":["Defend_G"],"damage_healed":0,"gold_gain":0,"player_choice":"Removed Skill","damage_taken":0,"max_hp_gain":0,"max_hp_loss":0,"event_name":"Falling","floor":37,"gold_loss":0},{"damage_healed":0,"gold_gain":0,"player_choice":"Ignored","damage_taken":0,"max_hp_gain":0,"max_hp_loss":0,"event_name":"Tomb of Lord Red Mask","floor":38,"gold_loss":0},{"damage_healed":0,"gold_gain":0,"player_choice":"Memory 3","damage_taken":10,"max_hp_gain":0,"max_hp_loss":0,"event_name":"SensoryStone","floor":44,"gold_loss":0},{"damage_healed":0,"gold_gain":0,"player_choice":"Fight","damage_taken":0,"max_hp_gain":0,"max_hp_loss":0,"event_name":"Mysterious Sphere","floor":45,"gold_loss":0}],"is_beta":true,"boss_relics":[{"not_picked":["White Beast Statue","Coffee Dripper"],"picked":"Empty Cage"},{"not_picked":["Busted Crown","Snecko Eye"],"picked":"Orrery"}],"items_purged_floors":[5,24],"is_endless":false,"potions_floor_spawned":[3,6,10,12,14,18,25,36,42,46],"ascension_level":9}