{"gold_per_floor":[114,114,129,129,129,129,159,159,159,159,174,204,234,249,249,349,349],"floor_reached":17,"playtime":840,"items_purged":[],"score":223,"play_id":"2294871a-60fb-4e54-9071-f953de7e56e1","local_time":"20181111231735","daily_mods":["Insanity","Diverse","DeadlyEvents"],"is_ascension_mode":false,"campfire_choices":[{"data":"Armaments","floor":6,"key":"SMITH"},{"data":"Infinite Blades","floor":8,"key":"SMITH"},{"data":"Well Laid Plans","floor":10,"key":"SMITH"},{"data":"Machine Learning","floor":15,"key":"SMITH"}],"neow_cost":"","seed_source_timestamp":0,"circlet_count":0,"master_deck":["Dagger Spray","Acrobatics","Auto Shields","Cloak And Dagger","Streamline","Iron Wave","Cleave","Battle Trance","Infinite Blades+1","Cloak And Dagger","Leap","Reflex","Blizzard","Cloak And Dagger","Entrench","Clothesline","Skim","Sever Soul","Compile Driver","Disarm","Sword Boomerang","Iron Wave","Evolve","Stack","Perfected Strike","FTL","Gash","Lockon","Chaos","Heavy Blade","Clash","Armaments+1","Reinforced Body","Intimidate","Deflect","Flechettes","Deflect","Hologram","Outmaneuver","Hemokinesis","Blood for Blood","Go for the Eyes","Thunderclap","Flex","Reckless Charge","Deadly Poison","Well Laid Plans+1","Finisher","Sucker Punch","Quick Slash","Flex","Bullet Time","Leg Sweep","Regret","Sever Soul+1","Distraction","Machine Learning+1","Undo","Buffer"],"special_seed":17846,"relics":["Ring of the Snake","Bird Faced Urn","Molten Egg 2","Bronze Scales","Happy Flower","Regal Pillow","Lantern","WristBlade"],"potions_floor_usage":[13],"damage_taken":[{"damage":0,"enemies":"Jaw Worm","floor":1,"turns":2},{"damage":0,"enemies":"Cultist","floor":3,"turns":1},{"damage":18,"enemies":"Lagavulin","floor":7,"turns":9},{"damage":0,"enemies":"Small Slimes","floor":11,"turns":2},{"damage":4,"enemies":"3 Sentries","floor":12,"turns":5},{"damage":3,"enemies":"Lagavulin","floor":13,"turns":6},{"damage":0,"enemies":"Looter","floor":14,"turns":1},{"damage":26,"enemies":"The Guardian","floor":16,"turns":9}],"seed_played":"4248358927187569089","potions_obtained":[{"floor":7,"key":"SpeedPotion"},{"floor":12,"key":"PowerPotion"},{"floor":14,"key":"FearPotion"}],"is_trial":false,"path_per_floor":["M","?","M","?","T","R","E","R","T","R","M","E","E","M","R","B",null],"character_chosen":"THE_SILENT","items_purchased":[],"campfire_rested":0,"item_purchase_floors":[],"current_hp_per_floor":[70,70,70,70,70,70,56,56,56,56,56,54,55,55,55,35,70],"gold":349,"neow_bonus":"","is_prod":false,"is_daily":true,"chose_seed":false,"campfire_upgraded":4,"win_rate":0,"timestamp":1541978255,"path_taken":["M","?","?","?","?","R","E","R","T","R","M","?","E","M","R","BOSS"],"build_version":"2018-11-08","purchased_purges":0,"victory":false,"max_hp_per_floor":[70,70,70,70,70,70,70,70,70,70,70,70,70,70,70,70,70],"card_choices":[{"not_picked":["Fusion","Go for the Eyes"],"picked":"Flex","floor":1},{"not_picked":["Predator","Concentrate"],"picked":"Leg Sweep","floor":3},{"not_picked":["Bane+1","Anger+1","Body Slam+1"],"picked":"SKIP","floor":7},{"not_picked":["Coolheaded","Reprogram"],"picked":"Sever Soul+1","floor":11},{"not_picked":["Evolve","Iron Wave+1"],"picked":"Distraction","floor":12},{"not_picked":["Rebound+1","Redo"],"picked":"Machine Learning","floor":13},{"not_picked":["Force Field","Sweeping Beam+1"],"picked":"Undo","floor":14},{"not_picked":["Bullet Time","Biased Cognition"],"picked":"Buffer","floor":16}],"player_experience":301023,"relics_obtained":[{"floor":5,"key":"Molten Egg 2"},{"floor":7,"key":"Bronze Scales"},{"floor":9,"key":"Happy Flower"},{"floor":12,"key":"Regal Pillow"},{"floor":13,"key":"Lantern"}],"event_choices":[{"damage_healed":0,"gold_gain":0,"player_choice":"1 cards matched","damage_taken":0,"max_hp_gain":0,"max_hp_loss":0,"event_name":"Match and Keep!","floor":2,"gold_loss":0,"cards_obtained":["Bullet Time"]},{"damage_healed":0,"gold_gain":0,"player_choice":"Box","damage_taken":0,"relics_obtained":["Bird Faced Urn"],"max_hp_gain":0,"max_hp_loss":0,"event_name":"Big Fish","floor":4,"gold_loss":0,"cards_obtained":["Regret"]}],"is_beta":true,"boss_relics":[{"not_picked":["Runic Pyramid","Lizard Tail"],"picked":"WristBlade"}],"items_purged_floors":[],"is_endless":false,"potions_floor_spawned":[7,12,14],"ascension_level":0}