{"gold_per_floor":[112,62,75,250,250,261,276,276,299,170,198,209,209,227,227,330,330,350,350,13,28,44,58,58,58,58,77,106,106,106,116,116,220,220,234,234,234,234,246,246,262,262,288,303,303,27,27,38,38,38],"floor_reached":51,"playtime":2207,"items_purged":["Doubt","Strike_R","Doubt"],"score":719,"play_id":"62fa6759-29bd-42ac-bb8d-8086ca959095","local_time":"20190112073557","is_ascension_mode":false,"campfire_choices":[{"data":"Reaper","floor":8,"key":"SMITH"},{"data":"Feel No Pain","floor":15,"key":"SMITH"},{"data":"Uppercut","floor":29,"key":"SMITH"},{"data":"Clothesline","floor":32,"key":"SMITH"},{"data":"Berserk","floor":45,"key":"SMITH"},{"data":"Iron Wave","floor":47,"key":"SMITH"},{"data":"Bash","floor":49,"key":"SMITH"}],"neow_cost":"NONE","seed_source_timestamp":0,"circlet_count":0,"master_deck":["Defend_R","Defend_R","Defend_R","Bash+1","Corruption","Carnage","Reaper+1","Shrug It Off","Iron Wave+1","Feel No Pain+1","Bludgeon","The Bomb","Clothesline+1","Clothesline+1","Shrug It Off+1","Uppercut+1","Berserk+1","Burning Pact","Barricade","Reaper","Body Slam+1","Parasite","Sentinel","Ghostly Armor","Shrug It Off+1"],"special_seed":0,"relics":["Snecko Eye"],"potions_floor_usage":[16,16,16,21,28,28,31,35,41,50,50],"damage_taken":[{"damage":6.0,"enemies":"Cultist","floor":1.0,"turns":4.0},{"damage":0.0,"enemies":"Small Slimes","floor":3.0,"turns":4.0},{"damage":0,"enemies":"2 Louse","floor":6,"turns":3},{"damage":3,"enemies":"Lots of Slimes","floor":7,"turns":3},{"damage":1,"enemies":"3 Sentries","floor":11,"turns":5},{"damage":0,"enemies":"3 Louse","floor":12,"turns":2},{"damage":0,"enemies":"2 Fungi Beasts","floor":14,"turns":3},{"damage":50,"enemies":"Hexaghost","floor":16,"turns":10},{"damage":5,"enemies":"Chosen","floor":18,"turns":2},{"damage":10,"enemies":"2 Thieves","floor":21,"turns":3},{"damage":0,"enemies":"Cultist and Chosen","floor":22,"turns":3},{"damage":0,"enemies":"Snecko","floor":23,"turns":5},{"damage":0,"enemies":"Centurion and Healer","floor":27,"turns":3},{"damage":13,"enemies":"Gremlin Leader","floor":28,"turns":7},{"damage":0,"enemies":"Cultist and Chosen","floor":31,"turns":5},{"damage":34,"enemies":"Collector","floor":33,"turns":9},{"damage":11,"enemies":"3 Darklings","floor":35,"turns":5},{"damage":10,"enemies":"Orb Walker","floor":39,"turns":3},{"damage":4,"enemies":"Writhing Mass","floor":41,"turns":4},{"damage":4,"enemies":"4 Shapes","floor":44,"turns":5},{"damage":0,"enemies":"Sphere and 2 Shapes","floor":48,"turns":4},{"damage":19,"enemies":"Time Eater","floor":50,"turns":9}],"seed_played":"1532470614840773678","potions_obtained":[{"floor":3.0,"key":"GamblersBrew"},{"floor":7,"key":"SteroidPotion"},{"floor":11,"key":"Strength Potion"},{"floor":16,"key":"Explosive Potion"},{"floor":22,"key":"Fire Potion"},{"floor":23,"key":"SteroidPotion"},{"floor":28,"key":"Block Potion"},{"floor":33,"key":"Weak Potion"},{"floor":35,"key":"Block Potion"},{"floor":41,"key":"Dexterity Potion"},{"floor":48,"key":"Regen Potion"}],"is_trial":false,"path_per_floor":["M","?","M","?","?","M","M","R","T","$","E","M","?","M","R","B",null,"M","?","$","M","M","M","?","?","T","M","E","R","?","M","R","B",null,"M","?","?","T","M","?","M","?","T","M","R","$","R","M","R","B",null],"character_chosen":"IRONCLAD","items_purchased":["Shrug It Off","The Bomb","Clothesline","Sentinel","Ghostly Armor"],"campfire_rested":0,"item_purchase_floors":[10,20,20,46,46],"current_hp_per_floor":[74,74,74,74,74,74,80,80,80,80,79,80,80,80,80,42,80,75,75,75,70,78,80,80,65,65,72,74,74,74,77,77,51,85,85,85,85,85,75,75,76,85,85,85,85,85,85,85,85,78],"gold":38,"neow_bonus":"BOSS_RELIC","is_prod":false,"is_daily":false,"chose_seed":false,"campfire_upgraded":7,"win_rate":0,"timestamp":1547278557,"path_taken":["M","?","M","?","?","M","M","R","T","$","E","?","?","M","R","BOSS","M","?","$","?","M","M","?","?","T","M","E","R","?","M","R","BOSS","M","?","?","?","M","?","M","?","T","?","R","?","R","M","R","BOSS"],"build_version":"2019-01-10","purchased_purges":3,"victory":true,"max_hp_per_floor":[80,80,80,80,80,80,80,80,80,80,80,80,80,80,80,80,80,80,80,80,80,80,80,80,85,85,85,85,85,85,85,85,85,85,85,85,85,85,85,85,85,85,85,85,85,85,85,85,85,85],"card_choices":[{"not_picked":["Flex","Clash"],"picked":"Corruption","floor":1.0},{"not_picked":["Anger","Armaments"],"picked":"Carnage","floor":3.0},{"not_picked":["Heavy Blade","Pommel Strike"],"picked":"Reaper","floor":6},{"not_picked":["Infernal Blade","Flex","Rupture"],"picked":"SKIP","floor":7},{"not_picked":["Combust","Corruption"],"picked":"Iron Wave","floor":11},{"not_picked":["Sever Soul","Cleave"],"picked":"Feel No Pain","floor":12},{"not_picked":["Heavy Blade","Flex","True Grit"],"picked":"SKIP","floor":14},{"not_picked":["Impervious","Juggernaut"],"picked":"Bludgeon","floor":16},{"not_picked":["Warcry","Spot Weakness","Anger"],"picked":"SKIP","floor":18},{"not_picked":["Inflame","Corruption"],"picked":"Clothesline+1","floor":21},{"not_picked":["True Grit","Inflame"],"picked":"Shrug It Off+1","floor":22},{"not_picked":["Twin Strike+1","Shrug It Off","Sever Soul"],"picked":"SKIP","floor":23},{"not_picked":["True Grit","Flex+1","Perfected Strike"],"picked":"SKIP","floor":27},{"not_picked":["Ghostly Armor","Clash+1"],"picked":"Uppercut","floor":28},{"not_picked":["Cleave","Body Slam+1"],"picked":"Barricade","floor":31},{"not_picked":["Limit Break","Brutality"],"picked":"Reaper","floor":33},{"not_picked":["Feel No Pain","Warcry+1"],"picked":"Body Slam+1","floor":35},{"not_picked":["Thunderclap","Corruption+1","Searing Blow+1"],"picked":"SKIP","floor":39},{"not_picked":["Clothesline","Dual Wield+1","Second Wind"],"picked":"SKIP","floor":41},{"not_picked":["Heavy Blade","Wild Strike+1","Armaments"],"picked":"SKIP","floor":44},{"not_picked":["Twin Strike+1","Heavy Blade+1"],"picked":"Shrug It Off+1","floor":48}],"player_experience":406551,"relics_obtained":[],"event_choices":[{"cards_removed":["Strike_R"],"damage_healed":0.0,"max_hp_gain":0.0,"max_hp_loss":0.0,"gold_gain":0.0,"event_name":"The Cleric","player_choice":"Card Removal","floor":2.0,"gold_loss":50.0,"damage_taken":0.0},{"damage_healed":0.0,"max_hp_gain":0.0,"max_hp_loss":0.0,"gold_gain":175.0,"event_name":"Liars Game","player_choice":"AGREE","floor":4.0,"gold_loss":0.0,"damage_taken":0.0,"cards_obtained":["Doubt"]},{"cards_removed":["Strike_R"],"damage_healed":0,"gold_gain":0,"player_choice":"Offered Basic","damage_taken":0,"max_hp_gain":0,"max_hp_loss":0,"event_name":"Bonfire Elementals","floor":5,"gold_loss":0},{"damage_healed":0,"gold_gain":0,"player_choice":"Searched \u00270\u0027 times","damage_taken":0,"max_hp_gain":0,"max_hp_loss":0,"event_name":"Dead Adventurer","floor":13,"gold_loss":0},{"damage_healed":0,"gold_gain":0,"player_choice":"Bought 0 Potions","damage_taken":0,"max_hp_gain":0,"max_hp_loss":0,"event_name":"The Woman in Blue","floor":19,"gold_loss":0},{"damage_healed":0,"gold_gain":0,"player_choice":"Ignored","damage_taken":0,"max_hp_gain":0,"max_hp_loss":0,"event_name":"The Mausoleum","floor":24,"gold_loss":0},{"damage_healed":0,"gold_gain":0,"player_choice":"Shed Blood","damage_taken":20,"max_hp_gain":5,"max_hp_loss":0,"event_name":"Forgotten Altar","floor":25,"gold_loss":0},{"damage_healed":0,"gold_gain":0,"cards_transformed":["Strike_R","Strike_R"],"player_choice":"Became Test Subject","damage_taken":0,"max_hp_gain":0,"max_hp_loss":0,"event_name":"Drug Dealer","floor":30,"gold_loss":0,"cards_obtained":["Berserk","Burning Pact"]},{"damage_healed":0,"gold_gain":0,"player_choice":"Ignored","damage_taken":0,"max_hp_gain":0,"max_hp_loss":0,"event_name":"Mysterious Sphere","floor":36,"gold_loss":0},{"cards_removed":["Defend_R"],"damage_healed":0,"gold_gain":0,"player_choice":"Removed Skill","damage_taken":0,"max_hp_gain":0,"max_hp_loss":0,"event_name":"Falling","floor":37,"gold_loss":0},{"damage_healed":0,"gold_gain":0,"player_choice":"Ignored","damage_taken":0,"max_hp_gain":0,"max_hp_loss":0,"event_name":"Tomb of Lord Red Mask","floor":40,"gold_loss":0},{"damage_healed":9,"gold_gain":0,"player_choice":"Heal","damage_taken":0,"max_hp_gain":0,"max_hp_loss":0,"event_name":"MindBloom","floor":42,"gold_loss":0,"cards_obtained":["Doubt"]}],"is_beta":true,"boss_relics":[{"not_picked":["Runic Pyramid","Busted Crown","Tiny House"]},{"not_picked":["Runic Pyramid","Busted Crown","Tiny House"]}],"items_purged_floors":[10,20,46],"is_endless":false,"potions_floor_spawned":[3,7,11,16,22,23,28,33,35,41,48],"ascension_level":0}