{"gold_per_floor":[118,193,212,222,233,233,245,259,259,291,291,47,47,91,91,216,216,230,230,248,43,43,81,81,146,193,193,209,227,19,19,19,142,142,158,158,491,504,504,504,35,45,45,45,65,65,65,75,75,75],"floor_reached":51,"playtime":3152,"items_purged":["Defend_G"],"score":1035,"play_id":"1614add1-360e-4ace-afff-ba6904dd306c","local_time":"20190213173437","is_ascension_mode":true,"campfire_choices":[{"data":"Blade Dance","floor":6.0,"key":"SMITH"},{"floor":11.0,"key":"REST"},{"floor":15.0,"key":"REST"},{"floor":24.0,"key":"REST"},{"floor":27.0,"key":"REST"},{"data":"Accuracy","floor":32.0,"key":"SMITH"},{"floor":40,"key":"REST"},{"floor":44,"key":"REST"},{"floor":49,"key":"REST"}],"neow_cost":"NONE","seed_source_timestamp":302553877005,"circlet_count":0,"master_deck":["Defend_G+1","Defend_G+1","Defend_G+1","Defend_G+1","Strike_G+1","Strike_G+1","Strike_G+1","Strike_G+1","Survivor","Neutralize","Dagger Spray","Cloak And Dagger","Blade Dance+1","Backstab","Cloak And Dagger","Dagger Spray","Unload","Bane","After Image","Accuracy+1","Blade Dance","Blade Dance","Infinite Blades","Slice","Corpse Explosion","Slice","Footwork","Glass Knife","Leg Sweep+1","Secret Weapon","Deflect+1","Infinite Blades","Cloak And Dagger","Blade Dance+1","Writhe"],"special_seed":0,"relics":["Ring of the Serpent","Regal Pillow","Potion Belt","Pantograph","Gremlin Horn","Snake Skull","Calling Bell","Boot","Shuriken","Tough Bandages","Darkstone Periapt","Toolbox","Letter Opener","Tiny Chest","PreservedInsect","Bottled Tornado","Juzu Bracelet","Mummified Hand"],"potions_floor_usage":[33,38,42,50,50,50],"damage_taken":[{"damage":0.0,"enemies":"Small Slimes","floor":1.0,"turns":4.0},{"damage":0.0,"enemies":"Jaw Worm","floor":3.0,"turns":5.0},{"damage":0.0,"enemies":"2 Louse","floor":4.0,"turns":2.0},{"damage":0.0,"enemies":"2 Fungi Beasts","floor":5.0,"turns":2.0},{"damage":0.0,"enemies":"Exordium Thugs","floor":7.0,"turns":4.0},{"damage":0.0,"enemies":"Blue Slaver","floor":8.0,"turns":3.0},{"damage":28.0,"enemies":"Gremlin Nob","floor":10.0,"turns":4.0},{"damage":36.0,"enemies":"Lagavulin","floor":14.0,"turns":8.0},{"damage":69.0,"enemies":"Slime Boss","floor":16.0,"turns":14.0},{"damage":0.0,"enemies":"3 Byrds","floor":18.0,"turns":3.0},{"damage":0.0,"enemies":"Spheric Guardian","floor":20.0,"turns":2.0},{"damage":24.0,"enemies":"Gremlin Leader","floor":23.0,"turns":5.0},{"damage":38.0,"enemies":"Slavers","floor":25.0,"turns":6.0},{"damage":4.0,"enemies":"3 Cultists","floor":28.0,"turns":4.0},{"damage":21.0,"enemies":"Snake Plant","floor":29.0,"turns":4.0},{"damage":37,"enemies":"Champ","floor":33,"turns":9},{"damage":2,"enemies":"Orb Walker","floor":35,"turns":3},{"damage":22,"enemies":"3 Shapes","floor":38,"turns":4},{"damage":21,"enemies":"Jaw Worm Horde","floor":42,"turns":3},{"damage":40,"enemies":"Transient","floor":45,"turns":5},{"damage":38,"enemies":"4 Shapes","floor":48,"turns":4},{"damage":85,"enemies":"Awakened One","floor":50,"turns":9}],"seed_played":"-6691433889541763030","potions_obtained":[{"floor":3.0,"key":"PowerPotion"},{"floor":7.0,"key":"Dexterity Potion"},{"floor":8.0,"key":"FairyPotion"},{"floor":14.0,"key":"GamblersBrew"},{"floor":16.0,"key":"SkillPotion"},{"floor":20.0,"key":"SkillPotion"},{"floor":29.0,"key":"Ancient Potion"},{"floor":33,"key":"Dexterity Potion"},{"floor":35,"key":"Explosive Potion"},{"floor":42,"key":"Explosive Potion"}],"is_trial":false,"path_per_floor":["M","?","M","M","M","R","M","M","T","E","R","$","?","E","R","B",null,"M","?","M","$","?","E","R","E","T","R","M","M","$","?","R","B",null,"M","?","?","M","?","R","$","M","T","R","M","T","?","M","R","B",null],"character_chosen":"THE_SILENT","items_purchased":["Gremlin Horn","Toolbox","Slice","Footwork","Bottled Tornado","Infinite Blades","Cloak And Dagger","GhostInAJar","Energy Potion"],"campfire_rested":7,"item_purchase_floors":[12,21,30,30,41,41,41,41,41],"current_hp_per_floor":[63,52,52,52,52,52,52,52,52,24,60,60,60,24,60,1,53,53,59,59,59,59,35,72,34,34,71,67,46,46,46,46,34,66,64,64,64,42,42,76,76,55,55,76,36,36,61,23,62,5],"gold":75,"neow_bonus":"RANDOM_COMMON_RELIC","is_prod":false,"is_daily":false,"chose_seed":false,"campfire_upgraded":2,"win_rate":0,"timestamp":1550097277,"path_taken":["M","?","M","M","M","R","M","M","T","E","R","$","?","E","R","BOSS","M","?","M","$","?","E","R","E","T","R","?","M","$","?","R","BOSS","M","?","?","M","?","R","$","M","T","R","M","?","?","M","R","BOSS"],"build_version":"2019-01-23","purchased_purges":1,"victory":true,"max_hp_per_floor":[70,70,70,70,70,70,70,70,70,70,70,70,70,70,70,70,70,70,76,76,76,76,76,76,76,76,76,76,76,76,76,76,76,76,76,76,76,76,76,76,76,76,76,76,76,76,82,82,82,82],"card_choices":[{"not_picked":["Flying Knee","Prepared"],"picked":"Dagger Spray","floor":1.0},{"not_picked":["Leg Sweep","Prepared"],"picked":"Cloak And Dagger","floor":3.0},{"not_picked":["Crippling Poison","Caltrops"],"picked":"Blade Dance","floor":4.0},{"not_picked":["Acrobatics","Quick Slash"],"picked":"Backstab","floor":5.0},{"not_picked":["Sucker Punch","Footwork"],"picked":"Cloak And Dagger","floor":7.0},{"not_picked":["Expertise","Dagger Throw"],"picked":"Dagger Spray","floor":8.0},{"not_picked":["Escape Plan","Flying Knee"],"picked":"Unload","floor":10.0},{"not_picked":["Reflex","Distraction"],"picked":"Bane","floor":14.0},{"not_picked":["Grand Finale","Glass Knife"],"picked":"After Image","floor":16.0},{"not_picked":["All Out Attack","Underhanded Strike"],"picked":"Accuracy","floor":18.0},{"not_picked":["Calculated Gamble","Distraction"],"picked":"Blade Dance","floor":20.0},{"not_picked":["Distraction","Bouncing Flask"],"picked":"Blade Dance","floor":23.0},{"not_picked":["Flying Knee","Backflip+1"],"picked":"Infinite Blades","floor":25.0},{"not_picked":["Bane","Underhanded Strike"],"picked":"Slice","floor":28.0},{"not_picked":["Bouncing Flask+1","Prepared+1"],"picked":"Corpse Explosion","floor":29.0},{"not_picked":["Corpse Explosion","Grand Finale"],"picked":"Glass Knife","floor":33},{"not_picked":["Escape Plan","Expertise"],"picked":"Leg Sweep+1","floor":35},{"not_picked":["Master of Strategy","Impatience"],"picked":"Secret Weapon","floor":36},{"not_picked":["Dash+1","Quick Slash+1"],"picked":"Deflect+1","floor":38},{"not_picked":["Sucker Punch","Phantasmal Killer"],"picked":"Blade Dance+1","floor":42},{"not_picked":["Sucker Punch+1","Choke+1","Poisoned Stab+1"],"picked":"SKIP","floor":45},{"not_picked":["Flying Knee+1","Prepared","Poisoned Stab"],"picked":"SKIP","floor":48}],"player_experience":1011193,"relics_obtained":[{"floor":9.0,"key":"Potion Belt"},{"floor":10.0,"key":"Pantograph"},{"floor":14.0,"key":"Snake Skull"},{"floor":17.0,"key":"Boot"},{"floor":17.0,"key":"Shuriken"},{"floor":17.0,"key":"Tough Bandages"},{"floor":23.0,"key":"Letter Opener"},{"floor":25.0,"key":"Tiny Chest"},{"floor":26.0,"key":"PreservedInsect"},{"floor":43,"key":"Juzu Bracelet"},{"floor":46,"key":"Mummified Hand"}],"event_choices":[{"damage_healed":0.0,"max_hp_gain":0.0,"max_hp_loss":0.0,"gold_gain":75.0,"event_name":"World of Goop","player_choice":"Gather Gold","floor":2.0,"gold_loss":0.0,"damage_taken":11.0},{"damage_healed":0.0,"max_hp_gain":0.0,"max_hp_loss":0.0,"gold_gain":0.0,"event_name":"Golden Idol","player_choice":"Take Wound","floor":13.0,"gold_loss":0.0,"damage_taken":0.0,"relics_obtained":["Golden Idol"],"cards_obtained":["Injury"]},{"damage_healed":0.0,"max_hp_gain":0.0,"max_hp_loss":0.0,"gold_gain":0.0,"event_name":"The Mausoleum","player_choice":"Opened","floor":19.0,"gold_loss":0.0,"damage_taken":0.0,"relics_obtained":["Darkstone Periapt"],"cards_obtained":["Writhe"]},{"cards_removed":["Writhe","Decay","Clumsy","Injury","Injury"],"damage_healed":0.0,"max_hp_gain":0.0,"max_hp_loss":0.0,"gold_gain":0.0,"event_name":"Fountain of Cleansing","player_choice":"Removed Curses","floor":22.0,"gold_loss":0.0,"damage_taken":0.0},{"damage_healed":0.0,"max_hp_gain":0.0,"max_hp_loss":0.0,"gold_gain":0.0,"event_name":"Back to Basics","player_choice":"Simplicity","floor":31.0,"gold_loss":0.0,"damage_taken":0.0,"cards_upgraded":["Defend_G","Defend_G","Defend_G","Defend_G","Strike_G","Strike_G","Strike_G","Strike_G","Strike_G"]},{"damage_healed":0,"gold_gain":0,"player_choice":"Memory 1","damage_taken":0,"max_hp_gain":0,"max_hp_loss":0,"event_name":"SensoryStone","floor":36,"gold_loss":0},{"damage_healed":0,"gold_gain":333,"player_choice":"Gave Idol","damage_taken":0,"max_hp_gain":0,"max_hp_loss":0,"event_name":"The Moai Head","floor":37,"relics_lost":["Golden Idol"],"gold_loss":0},{"cards_removed":["Strike_G"],"damage_healed":0,"gold_gain":0,"player_choice":"Removed Attack","damage_taken":0,"max_hp_gain":0,"max_hp_loss":0,"event_name":"Falling","floor":39,"gold_loss":0},{"damage_healed":19,"gold_gain":0,"player_choice":"Writhe","damage_taken":0,"max_hp_gain":0,"max_hp_loss":0,"event_name":"Winding Halls","floor":47,"gold_loss":0,"cards_obtained":["Writhe"]}],"is_beta":false,"boss_relics":[{"not_picked":["Coffee Dripper","Philosopher\u0027s Stone"],"picked":"Calling Bell"},{"not_picked":["Astrolabe","Snecko Eye"],"picked":"Ring of the Serpent"}],"items_purged_floors":[30],"is_endless":false,"potions_floor_spawned":[3,7,8,14,16,20,29,33,35,42],"ascension_level":9}