{"gold_per_floor":[110,285,285,295,295,330,330,348,348,378,63,63,93,105,105,207,207,224,67,82,82,82,82,97,97,97,97,113,125,125,125],"floor_reached":31,"playtime":1098,"items_purged":["Strike_B"],"score":445,"play_id":"28e611b8-bef4-4ccc-ac17-7b92ecc74f2d","local_time":"20190204220535","is_ascension_mode":true,"campfire_choices":[{"data":"Chrysalis","floor":12,"key":"SMITH"},{"data":"Zap","floor":15,"key":"SMITH"},{"data":"Redo","floor":23,"key":"SMITH"},{"floor":25,"key":"REST"},{"data":"Tempest","floor":27,"key":"SMITH"},{"data":"Consume","floor":30,"key":"SMITH"}],"neow_cost":"NONE","seed_source_timestamp":283794329878860,"circlet_count":0,"master_deck":["AscendersBane","Strike_B","Defend_B","Defend_B","Zap+1","Dualcast","Undo","Melter","FTL+1","Consume+1","Redo+1","Core Surge+1","White Noise","Chrysalis+1","Chill","Core Surge+1","Meteor Strike+1","Self Repair+1","Auto Shields+1","Tempest+1","Capacitor","Go for the Eyes+1"],"relics":["Cracked Core","NeowsBlessing","Molten Egg 2","Pear","Darkstone Periapt","Dream Catcher","Centennial Puzzle","Astrolabe","Bag of Preparation"],"potions_floor_usage":[10,13,13,16],"damage_taken":[{"damage":0,"enemies":"Cultist","floor":1,"turns":1},{"damage":0,"enemies":"Jaw Worm","floor":4,"turns":1},{"damage":0,"enemies":"Lagavulin","floor":6,"turns":1},{"damage":0,"enemies":"Small Slimes","floor":8,"turns":3},{"damage":25,"enemies":"3 Sentries","floor":10,"turns":7},{"damage":18,"enemies":"Gremlin Nob","floor":13,"turns":4},{"damage":1,"enemies":"2 Fungi Beasts","floor":14,"turns":3},{"damage":20,"enemies":"The Guardian","floor":16,"turns":11},{"damage":6,"enemies":"Spheric Guardian","floor":18,"turns":3},{"damage":25,"enemies":"Chosen","floor":20,"turns":5},{"damage":24,"enemies":"Snake Plant","floor":24,"turns":5},{"damage":25,"enemies":"3 Cultists","floor":28,"turns":5},{"damage":4,"enemies":"Sentry and Sphere","floor":29,"turns":3},{"damage":0,"enemies":"Cultist and Chosen","floor":31,"turns":3}],"seed_played":"7888355141248800983","potions_obtained":[{"floor":1,"key":"Explosive Potion"},{"floor":8,"key":"SpeedPotion"},{"floor":10,"key":"Dexterity Potion"},{"floor":13,"key":"Regen Potion"},{"floor":16,"key":"FairyPotion"},{"floor":18,"key":"SteroidPotion"},{"floor":20,"key":"Dexterity Potion"}],"is_trial":false,"path_per_floor":["M","?","?","M","?","E","?","M","T","E","$","R","E","M","R","B",null,"M","$","M","?","$","R","M","R","T","R","M","M","R","M"],"character_chosen":"DEFECT","items_purchased":["Core Surge+1","White Noise","Chrysalis","Capacitor"],"campfire_rested":1,"item_purchase_floors":[11,11,11,19],"current_hp_per_floor":[68,68,68,68,61,61,71,71,71,46,46,46,28,27,27,22,69,63,63,48,48,48,48,24,49,49,49,34,40,40,40],"gold":125,"neow_bonus":"THREE_ENEMY_KILL","is_prod":false,"is_daily":false,"chose_seed":false,"campfire_upgraded":5,"win_rate":0,"timestamp":1549317935,"path_taken":["M","?","?","M","?","E","?","M","T","E","$","R","E","?","R","BOSS","M","?","?","?","$","R","M","R","T","R","M","M","R","M"],"build_version":"2019-01-23","purchased_purges":1,"victory":false,"max_hp_per_floor":[75,75,75,75,75,75,85,85,85,85,85,85,85,85,85,85,85,85,85,85,85,85,85,85,85,85,85,85,85,85,85],"card_choices":[{"not_picked":["Coolheaded","Sweeping Beam"],"picked":"Undo","floor":1},{"not_picked":["Coolheaded","Leap"],"picked":"Melter","floor":4},{"not_picked":["Ball Lightning","Sweeping Beam"],"picked":"FTL","floor":6},{"not_picked":["Chaos","Heatsinks"],"picked":"Consume","floor":8},{"not_picked":["Amplify","Sweeping Beam+1"],"picked":"Redo","floor":10},{"not_picked":["Turbo","Hello World","Hologram"],"picked":"SKIP","floor":13},{"not_picked":["Beam Cell+1","Double Energy"],"picked":"Chill","floor":14},{"not_picked":["Multi-Cast","Meteor Strike+1"],"picked":"Core Surge+1","floor":16},{"not_picked":["Coolheaded","Steam"],"picked":"Tempest","floor":18},{"not_picked":["Streamline+1","Static Discharge","Barrage+1"],"picked":"SKIP","floor":20},{"not_picked":["Compile Driver+1","Scrape+1","Chaos"],"picked":"SKIP","floor":24},{"not_picked":["Coolheaded","Turbo","Storm+1"],"picked":"SKIP","floor":28},{"not_picked":["Heatsinks","Cold Snap+1"],"picked":"Go for the Eyes+1","floor":29}],"player_experience":554449,"relics_obtained":[{"floor":6,"key":"Molten Egg 2"},{"floor":7,"key":"Pear"},{"floor":9,"key":"Darkstone Periapt"},{"floor":10,"key":"Dream Catcher"},{"floor":13,"key":"Centennial Puzzle"},{"floor":26,"key":"Bag of Preparation"}],"event_choices":[{"damage_healed":0,"gold_gain":175,"player_choice":"AGREE","damage_taken":0,"max_hp_gain":0,"max_hp_loss":0,"event_name":"Liars Game","floor":2,"gold_loss":0,"cards_obtained":["Doubt"]},{"cards_removed":["Doubt"],"damage_healed":0,"gold_gain":0,"player_choice":"Forget","damage_taken":0,"max_hp_gain":0,"max_hp_loss":0,"event_name":"Living Wall","floor":3,"gold_loss":0},{"cards_removed":["Defend_B"],"damage_healed":0,"gold_gain":0,"player_choice":"Card Removal","damage_taken":7,"max_hp_gain":0,"max_hp_loss":0,"event_name":"Golden Wing","floor":5,"gold_loss":0},{"damage_healed":0,"gold_gain":0,"player_choice":"Relic","damage_taken":0,"max_hp_gain":0,"max_hp_loss":0,"event_name":"Wheel of Change","floor":7,"gold_loss":0},{"damage_healed":0,"gold_gain":0,"player_choice":"0 cards matched","damage_taken":0,"max_hp_gain":0,"max_hp_loss":0,"event_name":"Match and Keep!","floor":21,"gold_loss":0,"cards_obtained":[]}],"is_beta":true,"boss_relics":[{"not_picked":["Tiny House","Lizard Tail"],"picked":"Astrolabe"}],"items_purged_floors":[19],"is_endless":false,"potions_floor_spawned":[1,8,10,13,16,18,20],"killed_by":"Cultist and Chosen","ascension_level":12}