{"gold_per_floor":[118,118,130,150,150,150,164,164,164,164,185,185,208,173,173,296,296,317,340,21,21,44,84,49,11,11,110,129,129,148,173,173,302,302,321,321,321,341,142,178,178,201,254,254,0,23,23,56,56,56],"floor_reached":51,"playtime":2269,"items_purged":["Strike_B"],"score":982,"play_id":"3d163977-3e10-42d8-b454-09cce5d44832","local_time":"20190108234414","is_ascension_mode":true,"campfire_choices":[{"data":"Hologram","floor":6.0,"key":"SMITH"},{"data":"Zap","floor":8.0,"key":"SMITH"},{"data":"Coolheaded","floor":10.0,"key":"SMITH"},{"data":"Go for the Eyes","floor":15.0,"key":"SMITH"},{"data":"Enlightenment","floor":32.0,"key":"SMITH"},{"data":"Echo Form","floor":41,"key":"SMITH"},{"data":"Multi-Cast","floor":44,"key":"SMITH"},{"data":"Tempest","floor":47,"key":"SMITH"},{"floor":49,"key":"REST"}],"neow_cost":"CURSE","seed_source_timestamp":0,"circlet_count":0,"master_deck":["Zap+1","Dualcast","Go for the Eyes+1","Coolheaded+1","Hologram+1","Glacier","Electrodynamics","Thunder Strike+1","Tempest+1","Chaos+1","Redo+1","Enlightenment+1","Rainbow","Static Discharge","BootSequence","Echo Form+1","Cold Snap","Turbo","Multi-Cast+1","Dark Shackles","Coolheaded+1","Tempest+1"],"special_seed":0,"relics":["Cracked Core","Emotion Chip","Golden Idol","Cables","Astrolabe","GremlinMask","Sundial","Letter Opener","Vajra","Pandora\u0027s Box","Chemical X","Matryoshka","Smiling Mask","Strawberry","Red Mask","Ginger"],"potions_floor_usage":[40,48],"damage_taken":[{"damage":8.0,"enemies":"Small Slimes","floor":1.0,"turns":4.0},{"damage":0.0,"enemies":"Cultist","floor":3.0,"turns":3.0},{"damage":1.0,"enemies":"2 Louse","floor":4.0,"turns":2.0},{"damage":15.0,"enemies":"Large Slime","floor":7.0,"turns":6.0},{"damage":1.0,"enemies":"Looter","floor":11.0,"turns":3.0},{"damage":5.0,"enemies":"Red Slaver","floor":13.0,"turns":3.0},{"damage":1.0,"enemies":"The Guardian","floor":16.0,"turns":15.0},{"damage":0.0,"enemies":"Chosen","floor":18.0,"turns":3.0},{"damage":7.0,"enemies":"Shell Parasite","floor":19.0,"turns":3.0},{"damage":4.0,"enemies":"Centurion and Healer","floor":22.0,"turns":3.0},{"damage":14.0,"enemies":"Book of Stabbing","floor":23.0,"turns":4.0},{"damage":1.0,"enemies":"Snecko","floor":28.0,"turns":4.0},{"damage":0.0,"enemies":"Cultist and Chosen","floor":30.0,"turns":4.0},{"damage":9.0,"enemies":"Collector","floor":33.0,"turns":5.0},{"damage":5.0,"enemies":"Orb Walker","floor":35.0,"turns":3.0},{"damage":12.0,"enemies":"3 Shapes","floor":38.0,"turns":2.0},{"damage":0,"enemies":"Giant Head","floor":40,"turns":4},{"damage":10,"enemies":"Spire Growth","floor":42,"turns":5},{"damage":12,"enemies":"3 Darklings","floor":46,"turns":3},{"damage":21,"enemies":"Nemesis","floor":48,"turns":5},{"damage":14,"enemies":"Time Eater","floor":50,"turns":6}],"seed_played":"8167440362337584837","potions_obtained":[{"floor":11.0,"key":"AttackPotion"},{"floor":13.0,"key":"LiquidBronze"},{"floor":16.0,"key":"Fire Potion"},{"floor":18.0,"key":"Ancient Potion"},{"floor":35.0,"key":"Energy Potion"},{"floor":46,"key":"GamblersBrew"}],"is_trial":false,"path_per_floor":["M","?","M","M","?","R","M","R","T","R","M","?","M","?","R","B",null,"M","M","$","?","M","E","$","$","T","?","M","?","M","T","R","B",null,"M","?","?","M","$","E","R","M","T","R","?","M","R","E","R","B",null],"character_chosen":"DEFECT","items_purchased":["Enlightenment","Rainbow","Static Discharge","BootSequence","Chemical X"],"campfire_rested":1,"item_purchase_floors":[20,20,24,25,39],"current_hp_per_floor":[60,60,60,59,59,59,44,44,44,44,43,36,31,48,48,47,64,64,57,57,57,53,39,39,39,39,39,38,61,61,61,61,52,65,60,60,60,48,48,48,48,38,45,45,45,33,33,12,33,19],"gold":56,"neow_bonus":"ONE_RARE_RELIC","is_prod":false,"is_daily":false,"chose_seed":false,"campfire_upgraded":8,"win_rate":0,"timestamp":1546991054,"path_taken":["M","?","?","M","?","R","M","R","T","R","M","?","M","?","R","BOSS","M","M","$","?","?","E","?","$","T","?","M","?","M","?","R","BOSS","M","?","?","M","$","E","R","M","T","R","?","M","R","E","R","BOSS"],"build_version":"2019-01-07","purchased_purges":1,"victory":true,"max_hp_per_floor":[75,75,75,75,69,69,69,69,69,69,69,69,69,69,69,69,69,69,69,69,69,69,69,69,69,69,69,69,69,69,69,69,69,69,69,69,66,66,66,66,66,66,73,73,73,73,73,73,73,73],"card_choices":[{"not_picked":["Streamline","Turbo"],"picked":"Go for the Eyes","floor":1.0},{"not_picked":["Compile Driver","Aggregate"],"picked":"Coolheaded","floor":3.0},{"not_picked":["Barrage","Beam Cell"],"picked":"Hologram","floor":4.0},{"not_picked":["Coolheaded","Barrage","Lockon"],"picked":"SKIP","floor":7.0},{"not_picked":["Rebound","Conserve Battery"],"picked":"Glacier","floor":11.0},{"not_picked":["Lockon","Stack","Beam Cell"],"picked":"SKIP","floor":13.0},{"not_picked":["Amplify","Seek"],"picked":"Electrodynamics","floor":16.0},{"not_picked":["Cold Snap+1","Sweeping Beam"],"picked":"Redo+1","floor":18.0},{"not_picked":["Beam Cell","Barrage","Compile Driver"],"picked":"SKIP","floor":19.0},{"not_picked":["Hologram+1","Leap","Redo+1"],"picked":"SKIP","floor":22.0},{"not_picked":["Machine Learning","Melter+1","Skim"],"picked":"SKIP","floor":23.0},{"not_picked":["Barrage","Compile Driver","Leap"],"picked":"SKIP","floor":28.0},{"not_picked":["Sweeping Beam","Darkness+1","Double Energy"],"picked":"SKIP","floor":30.0},{"not_picked":["Rainbow","Creative AI"],"picked":"Echo Form","floor":33.0},{"not_picked":["Turbo","Tempest","Stack"],"picked":"SKIP","floor":35.0},{"not_picked":["The Bomb","Dramatic Entrance"],"picked":"Dark Shackles","floor":36.0},{"not_picked":["Rebound+1","Beam Cell+1","Coolheaded+1"],"picked":"SKIP","floor":38.0},{"not_picked":["Buffer","Compile Driver"],"picked":"Coolheaded+1","floor":40},{"not_picked":["Compile Driver+1","Double Energy+1","Go for the Eyes"],"picked":"SKIP","floor":42},{"not_picked":["Streamline+1","Sweeping Beam"],"picked":"Tempest","floor":46},{"not_picked":["Machine Learning","Hyperbeam","Gash"],"picked":"SKIP","floor":48}],"player_experience":387971,"relics_obtained":[{"floor":9.0,"key":"Cables"},{"floor":23.0,"key":"Sundial"},{"floor":26.0,"key":"Letter Opener"},{"floor":31.0,"key":"Vajra"},{"floor":40,"key":"Matryoshka"},{"floor":43,"key":"Smiling Mask"},{"floor":43,"key":"Strawberry"},{"floor":48,"key":"Ginger"}],"event_choices":[{"cards_removed":["Doubt"],"damage_healed":0.0,"max_hp_gain":0.0,"max_hp_loss":0.0,"gold_gain":0.0,"event_name":"Purifier","player_choice":"Purged","floor":2.0,"gold_loss":0.0,"damage_taken":0.0},{"damage_healed":0.0,"max_hp_gain":0.0,"max_hp_loss":6.0,"gold_gain":0.0,"event_name":"Golden Idol","player_choice":"Lose Max HP","floor":5.0,"gold_loss":0.0,"damage_taken":0.0,"relics_obtained":["Golden Idol"]},{"cards_removed":["Defend_B"],"damage_healed":0.0,"max_hp_gain":0.0,"max_hp_loss":0.0,"gold_gain":0.0,"event_name":"Golden Wing","player_choice":"Card Removal","floor":12.0,"gold_loss":0.0,"damage_taken":7.0},{"damage_healed":17.0,"max_hp_gain":0.0,"max_hp_loss":0.0,"gold_gain":0.0,"event_name":"The Cleric","player_choice":"Healed","floor":14.0,"gold_loss":35.0,"damage_taken":0.0},{"damage_healed":0.0,"max_hp_gain":0.0,"max_hp_loss":0.0,"gold_gain":0.0,"event_name":"FaceTrader","player_choice":"Trade","floor":21.0,"gold_loss":0.0,"damage_taken":0.0,"relics_obtained":["GremlinMask"]},{"damage_healed":0.0,"max_hp_gain":0.0,"max_hp_loss":0.0,"gold_gain":99.0,"event_name":"Nest","player_choice":"Stole From Cult","floor":27.0,"gold_loss":0.0,"damage_taken":0.0},{"damage_healed":23.0,"max_hp_gain":0.0,"max_hp_loss":0.0,"gold_gain":0.0,"event_name":"The Library","player_choice":"Heal","floor":29.0,"gold_loss":0.0,"damage_taken":0.0},{"damage_healed":0.0,"max_hp_gain":0.0,"max_hp_loss":0.0,"gold_gain":0.0,"event_name":"SensoryStone","player_choice":"Memory 1","floor":36.0,"gold_loss":0.0,"damage_taken":0.0},{"damage_healed":0.0,"max_hp_gain":0.0,"max_hp_loss":3.0,"gold_gain":0.0,"event_name":"Winding Halls","player_choice":"Max HP","floor":37.0,"gold_loss":0.0,"damage_taken":0.0},{"damage_healed":0,"gold_gain":0,"player_choice":"Paid","damage_taken":0,"relics_obtained":["Red Mask"],"max_hp_gain":0,"max_hp_loss":0,"event_name":"Tomb of Lord Red Mask","floor":45,"gold_loss":254}],"is_beta":true,"boss_relics":[{"not_picked":["Runic Pyramid","Ectoplasm"],"picked":"Astrolabe"},{"not_picked":["Sozu","Busted Crown"],"picked":"Pandora\u0027s Box"}],"items_purged_floors":[20],"is_endless":false,"potions_floor_spawned":[11,13,16,18,19,22,35,46],"ascension_level":7}