{"gold_per_floor":[109,109,109,74,92,126,126,139,163,181,191,221,221],"floor_reached":13,"playtime":228,"items_purged":[],"score":110,"play_id":"cfa547bf-5b00-4a94-8293-9661edc3c884","local_time":"20190110214324","is_ascension_mode":false,"campfire_choices":[{"data":"Reaper","floor":7,"key":"SMITH"},{"floor":13,"key":"DIG"}],"neow_cost":"NONE","seed_source_timestamp":20199726348527,"circlet_count":0,"master_deck":["Strike_R+1","Strike_R","Strike_R","Strike_R","Defend_R","Defend_R","Defend_R","Defend_R","Bash+1","Iron Wave","Reaper+1","Cleave","Headbutt","Flame Barrier"],"relics":["Burning Blood","NeowsBlessing","Bronze Scales","Boot","Shovel"],"potions_floor_usage":[],"damage_taken":[{"damage":0,"enemies":"2 Louse","floor":1,"turns":1},{"damage":0,"enemies":"Small Slimes","floor":5,"turns":1},{"damage":0,"enemies":"Lagavulin","floor":6,"turns":1},{"damage":6,"enemies":"Jaw Worm","floor":8,"turns":3},{"damage":0,"enemies":"Lots of Slimes","floor":10,"turns":2},{"damage":2,"enemies":"2 Fungi Beasts","floor":11,"turns":3}],"seed_played":"-7328244681910639842","potions_obtained":[{"floor":10,"key":"Swift Potion"},{"floor":11,"key":"Regen Potion"}],"is_trial":false,"path_per_floor":["M","?","?","?","M","E","R","M","T","M","M","?","R"],"character_chosen":"IRONCLAD","items_purchased":[],"campfire_rested":0,"item_purchase_floors":[],"current_hp_per_floor":[80,73,57,77,80,80,80,80,80,80,80,80,80],"gold":221,"neow_bonus":"THREE_ENEMY_KILL","is_prod":false,"is_daily":false,"chose_seed":false,"campfire_upgraded":1,"win_rate":0,"timestamp":1547156604,"path_taken":["M","?","?","?","M","E","R","M","T","M","M","?","R"],"build_version":"2019-01-09","purchased_purges":0,"victory":false,"max_hp_per_floor":[80,80,80,80,80,80,80,80,80,80,80,80,80],"card_choices":[{"not_picked":["Clothesline","Headbutt","Reckless Charge"],"picked":"SKIP","floor":1},{"not_picked":["Pommel Strike","Armaments"],"picked":"Iron Wave","floor":5},{"not_picked":["True Grit","Sword Boomerang"],"picked":"Reaper","floor":6},{"not_picked":["Blood for Blood","Combust"],"picked":"Cleave","floor":8},{"not_picked":["Reckless Charge","Twin Strike"],"picked":"Headbutt","floor":10},{"not_picked":["Cleave","Warcry"],"picked":"Flame Barrier","floor":11}],"player_experience":395971,"relics_obtained":[{"floor":6,"key":"Bronze Scales"},{"floor":9,"key":"Boot"}],"event_choices":[{"cards_removed":["Strike_R"],"damage_healed":0,"gold_gain":0,"player_choice":"Card Removal","damage_taken":7,"max_hp_gain":0,"max_hp_loss":0,"event_name":"Golden Wing","floor":2,"gold_loss":0},{"damage_healed":0,"gold_gain":0,"player_choice":"Entered Light","damage_taken":16,"max_hp_gain":0,"max_hp_loss":0,"event_name":"Shining Light","floor":3,"gold_loss":0,"cards_upgraded":["Strike_R","Bash"]},{"damage_healed":20,"gold_gain":0,"player_choice":"Healed","damage_taken":0,"max_hp_gain":0,"max_hp_loss":0,"event_name":"The Cleric","floor":4,"gold_loss":35},{"damage_healed":0,"gold_gain":30,"player_choice":"Searched \u00273\u0027 times","damage_taken":0,"relics_obtained":["Shovel"],"max_hp_gain":0,"max_hp_loss":0,"event_name":"Dead Adventurer","floor":12,"gold_loss":0}],"is_beta":true,"boss_relics":[],"items_purged_floors":[],"is_endless":false,"potions_floor_spawned":[10,11],"ascension_level":0}