{"gold_per_floor":[109,22,97,97,115,146,157,170,193,205,222,255,275,14,14,109,109,121,221,52,42,52,52,62,62,62,94,114,114,114,126,126,230,230,242,256,151,166,166],"floor_reached":39,"playtime":4580,"items_purged":[],"score":492,"play_id":"1719f366-80f1-440e-a15d-6227da94b129","local_time":"20190127124937","is_ascension_mode":false,"campfire_choices":[{"floor":15,"key":"REST"},{"floor":23,"key":"REST"},{"floor":25,"key":"REST"},{"floor":32,"key":"REST"}],"neow_cost":"NONE","seed_source_timestamp":11115810213688,"circlet_count":0,"master_deck":["Defend_G","Defend_G","Defend_G","Defend_G","Defend_G","Strike_G","Strike_G","Strike_G","Strike_G","Strike_G+1","Survivor","Neutralize","Noxious Fumes+1","Deadly Poison","Choke","Flying Knee","Calculated Gamble","Backflip","Infinite Blades","Catalyst+1","All Out Attack","Distraction","Dodge and Roll","Night Terror","Bane+1","After Image","Quick Slash+1","Backstab+1","Poisoned Stab+1","Distraction+1","Bouncing Flask","Escape Plan","Unload+1","Underhanded Strike+1","Leg Sweep+1","PiercingWail","Bane+1","Footwork+1"],"relics":["Ring of the Snake","NeowsBlessing","Happy Flower","Regal Pillow","Pen Nib","Molten Egg 2","Lizard Tail","Shovel","Snake Skull","HoveringKite"],"potions_floor_usage":[],"damage_taken":[{"damage":0,"enemies":"Cultist","floor":1,"turns":1},{"damage":0,"enemies":"2 Louse","floor":5,"turns":1},{"damage":0,"enemies":"Gremlin Nob","floor":6,"turns":1},{"damage":0,"enemies":"Jaw Worm","floor":7,"turns":3},{"damage":1,"enemies":"3 Louse","floor":8,"turns":3},{"damage":3,"enemies":"Red Slaver","floor":10,"turns":3},{"damage":21,"enemies":"Lots of Slimes","floor":11,"turns":4},{"damage":13,"enemies":"Lagavulin","floor":12,"turns":5},{"damage":4,"enemies":"Blue Slaver","floor":13,"turns":3},{"damage":37,"enemies":"The Guardian","floor":16,"turns":8},{"damage":14,"enemies":"Chosen","floor":18,"turns":6},{"damage":9,"enemies":"2 Thieves","floor":21,"turns":4},{"damage":18,"enemies":"Snake Plant","floor":22,"turns":3},{"damage":32,"enemies":"3 Cultists","floor":24,"turns":6},{"damage":55,"enemies":"Gremlin Leader","floor":27,"turns":6},{"damage":30,"enemies":"Cultist and Chosen","floor":28,"turns":5},{"damage":14,"enemies":"Shelled Parasite and Fungi","floor":31,"turns":5},{"damage":36,"enemies":"Automaton","floor":33,"turns":10},{"damage":16,"enemies":"3 Darklings","floor":35,"turns":4},{"damage":17,"enemies":"3 Shapes","floor":36,"turns":5},{"damage":32,"enemies":"Maw","floor":38,"turns":5},{"damage":21,"enemies":"Spire Growth","floor":39,"turns":2}],"seed_played":"-2424197989279268488","potions_obtained":[{"floor":6,"key":"EntropicBrew"},{"floor":8,"key":"EssenceOfSteel"},{"floor":12,"key":"LiquidBronze"},{"floor":16,"key":"Dexterity Potion"}],"is_trial":false,"path_per_floor":["M","$","?","?","M","E","M","M","T","M","M","E","M","$","R","B",null,"M","?","$","M","M","R","M","R","T","E","M","$","?","M","R","B",null,"M","M","$","M","M"],"character_chosen":"THE_SILENT","items_purchased":["Deadly Poison","Choke","Molten Egg 2","After Image","Quick Slash+1","PiercingWail","Bane+1"],"campfire_rested":4,"item_purchase_floors":[2,2,14,20,20,37,37],"current_hp_per_floor":[70,70,59,45,45,45,45,44,44,41,20,7,3,3,39,2,70,56,56,56,47,29,65,33,69,69,14,21,21,21,7,43,7,70,54,37,37,5,0],"gold":166,"neow_bonus":"THREE_ENEMY_KILL","is_prod":false,"is_daily":false,"chose_seed":false,"campfire_upgraded":0,"win_rate":0.0,"timestamp":1548614977,"path_taken":["M","$","?","?","M","E","M","M","T","M","M","E","M","?","R","BOSS","M","?","$","M","M","R","M","R","T","E","?","?","?","M","R","BOSS","M","M","$","M","M"],"build_version":"2019-01-23","purchased_purges":0,"victory":false,"max_hp_per_floor":[70,70,70,70,70,70,70,70,70,70,70,70,70,70,70,70,70,70,70,70,70,70,70,70,70,70,70,70,70,70,70,70,70,70,70,70,70,70,70],"card_choices":[{"not_picked":["Dodge and Roll","Dagger Spray"],"picked":"Noxious Fumes","floor":1},{"not_picked":["Quick Slash","Underhanded Strike"],"picked":"Flying Knee","floor":5},{"not_picked":["Flying Knee","Endless Agony"],"picked":"Calculated Gamble","floor":6},{"not_picked":["Expertise","Dagger Spray"],"picked":"Backflip","floor":7},{"not_picked":["Noxious Fumes","Poisoned Stab"],"picked":"Infinite Blades","floor":8},{"not_picked":["Outmaneuver","Poisoned Stab"],"picked":"Catalyst","floor":10},{"not_picked":["Poisoned Stab","Dagger Spray"],"picked":"All Out Attack","floor":11},{"not_picked":["Calculated Gamble","Expertise"],"picked":"Distraction","floor":12},{"not_picked":["All Out Attack","Prepared"],"picked":"Dodge and Roll","floor":13},{"not_picked":["Bullet Time","Malaise"],"picked":"Night Terror","floor":16},{"not_picked":["Blade Dance","Backflip"],"picked":"Bane+1","floor":18},{"not_picked":["Blade Dance","Dagger Throw+1","Slice+1"],"picked":"SKIP","floor":21},{"not_picked":["Acrobatics","Bane+1"],"picked":"Backstab+1","floor":22},{"not_picked":["Catalyst","Burst"],"picked":"Poisoned Stab+1","floor":24},{"not_picked":["Tactician","Deadly Poison"],"picked":"Distraction+1","floor":27},{"not_picked":["Blade Dance+1","Blur"],"picked":"Bouncing Flask","floor":28},{"not_picked":["Outmaneuver","Deadly Poison+1"],"picked":"Escape Plan","floor":31},{"not_picked":["Night Terror","Venomology"],"picked":"Unload+1","floor":33},{"not_picked":["Acrobatics+1","Bane+1"],"picked":"Underhanded Strike+1","floor":35},{"not_picked":["Blade Dance","Heel Hook+1"],"picked":"Leg Sweep+1","floor":36},{"not_picked":["Escape Plan","Bouncing Flask+1"],"picked":"Footwork+1","floor":38}],"player_experience":15889,"relics_obtained":[{"floor":6,"key":"Happy Flower"},{"floor":9,"key":"Regal Pillow"},{"floor":12,"key":"Pen Nib"},{"floor":26,"key":"Shovel"},{"floor":27,"key":"Snake Skull"}],"event_choices":[{"damage_healed":0,"gold_gain":75,"player_choice":"Gather Gold","damage_taken":11,"max_hp_gain":0,"max_hp_loss":0,"event_name":"World of Goop","floor":3,"gold_loss":0},{"damage_healed":0,"gold_gain":0,"player_choice":"Entered Light","damage_taken":14,"max_hp_gain":0,"max_hp_loss":0,"event_name":"Shining Light","floor":4,"gold_loss":0,"cards_upgraded":["Noxious Fumes","Strike_G"]},{"damage_healed":0,"gold_gain":100,"player_choice":"Pray","damage_taken":0,"max_hp_gain":0,"max_hp_loss":0,"event_name":"Golden Shrine","floor":19,"gold_loss":0},{"damage_healed":0,"gold_gain":0,"player_choice":"Upgraded","damage_taken":0,"max_hp_gain":0,"max_hp_loss":0,"event_name":"Upgrade Shrine","floor":30,"gold_loss":0,"cards_upgraded":["Catalyst"]}],"is_beta":false,"boss_relics":[{"not_picked":["Orrery","Eternal Feather"],"picked":"Lizard Tail"},{"not_picked":["Ring of the Serpent","Philosopher\u0027s Stone"],"picked":"HoveringKite"}],"items_purged_floors":[],"is_endless":false,"potions_floor_spawned":[6,8,12,16,18,21,24,28,35],"killed_by":"Spire Growth","ascension_level":0}