{"gold_per_floor":[110,126,145,145,161,186,1,16,16,26,26],"floor_reached":11,"playtime":1017,"items_purged":[],"score":77,"play_id":"948ff875-72fb-42bf-b849-8278506fa8cc","local_time":"20190127023918","is_ascension_mode":false,"campfire_choices":[],"neow_cost":"NONE","seed_source_timestamp":9895345551083,"circlet_count":0,"master_deck":["Defend_G","Defend_G","Defend_G","Defend_G+1","Defend_G","Strike_G+1","Strike_G","Strike_G","Strike_G","Strike_G","Survivor","Neutralize","Impatience","Acrobatics","Deflect","Terror","Crippling Poison","Noxious Fumes","Bouncing Flask","Blade Dance","Caltrops","Predator","Dash"],"relics":["Ring of the Snake","Tingsha","Dodecahedron"],"potions_floor_usage":[],"damage_taken":[{"damage":2,"enemies":"Small Slimes","floor":1,"turns":4},{"damage":1,"enemies":"Cultist","floor":2,"turns":4},{"damage":0,"enemies":"Jaw Worm","floor":3,"turns":4},{"damage":5,"enemies":"Looter","floor":5,"turns":3},{"damage":39,"enemies":"Lagavulin","floor":6,"turns":10},{"damage":0,"enemies":"Blue Slaver","floor":8,"turns":4},{"damage":5,"enemies":"Exordium Wildlife","floor":10,"turns":4},{"damage":5,"enemies":"Lots of Slimes","floor":11,"turns":1}],"seed_played":"-6003955774931668508","potions_obtained":[{"floor":5,"key":"SpeedPotion"},{"floor":8,"key":"EntropicBrew"},{"floor":10,"key":"AttackPotion"}],"is_trial":false,"path_per_floor":["M","M","M","?","M","E","$","M","T","M","M"],"character_chosen":"THE_SILENT","items_purchased":["Bouncing Flask","Blade Dance","Caltrops"],"campfire_rested":0,"item_purchase_floors":[7,7,7],"current_hp_per_floor":[68,67,67,53,48,9,9,9,9,4,0],"gold":26,"neow_bonus":"RANDOM_COLORLESS","is_prod":false,"is_daily":false,"chose_seed":false,"campfire_upgraded":0,"win_rate":0.0,"timestamp":1548578358,"path_taken":["M","M","M","?","M","E","$","M","T","M","M"],"build_version":"2019-01-23","purchased_purges":0,"victory":false,"max_hp_per_floor":[70,70,70,70,70,70,70,70,70,70,70],"card_choices":[{"not_picked":["Reflex","Quick Slash"],"picked":"Acrobatics","floor":1},{"not_picked":["Underhanded Strike","Calculated Gamble"],"picked":"Deflect","floor":2},{"not_picked":["Slice","Sucker Punch"],"picked":"Terror","floor":3},{"not_picked":["Heel Hook","Finisher"],"picked":"Crippling Poison","floor":5},{"not_picked":["Wraith Form v2","Well Laid Plans"],"picked":"Noxious Fumes","floor":6},{"not_picked":["Deadly Poison","Catalyst"],"picked":"Predator","floor":8},{"not_picked":["Expertise","Bane"],"picked":"Dash","floor":10}],"player_experience":14872,"relics_obtained":[{"floor":6,"key":"Tingsha"},{"floor":9,"key":"Dodecahedron"}],"event_choices":[{"damage_healed":0,"gold_gain":0,"player_choice":"Entered Light","damage_taken":14,"max_hp_gain":0,"max_hp_loss":0,"event_name":"Shining Light","floor":4,"gold_loss":0,"cards_upgraded":["Strike_G","Defend_G"]}],"is_beta":false,"boss_relics":[],"items_purged_floors":[],"is_endless":false,"potions_floor_spawned":[5,8,10],"killed_by":"Lots of Slimes","ascension_level":0}