{"gold_per_floor":[159,234,234,245,103,103,130,130,180,180,31,43,55,90,90,195,195,208,208],"floor_reached":19,"playtime":879,"items_purged":["Strike_G","Defend_G"],"score":228,"play_id":"e0da72c9-abd3-4316-bb12-bf5e885fe73a","local_time":"20190105215307","is_ascension_mode":true,"campfire_choices":[{"data":"Calculated Gamble","floor":6,"key":"SMITH"},{"data":"Prepared","floor":8,"key":"SMITH"},{"data":"Glass Knife","floor":10,"key":"SMITH"},{"data":"Underhanded Strike","floor":15,"key":"SMITH"}],"neow_cost":"NONE","seed_source_timestamp":260923780311710,"circlet_count":0,"master_deck":["Defend_G","Defend_G","Defend_G+1","Strike_G","Strike_G","Strike_G","Survivor","Neutralize","Calculated Gamble+1","Prepared+1","Dagger Throw","Tactician","Glass Knife+1","Underhanded Strike","Underhanded Strike+1","Envenom","Poisoned Stab"],"relics":["Tiny House","Nunchaku","Omamori","Thread and Needle","Empty Cage"],"potions_floor_usage":[0,7,7,7,14,14],"damage_taken":[{"damage":0,"enemies":"Cultist","floor":1,"turns":4},{"damage":3,"enemies":"2 Louse","floor":4,"turns":3},{"damage":5,"enemies":"3 Sentries","floor":7,"turns":11},{"damage":4,"enemies":"Jaw Worm","floor":12,"turns":2},{"damage":0,"enemies":"Blue Slaver","floor":13,"turns":3},{"damage":8,"enemies":"Lagavulin","floor":14,"turns":6},{"damage":32,"enemies":"The Guardian","floor":16,"turns":16},{"damage":8,"enemies":"Chosen","floor":18,"turns":3},{"damage":10,"enemies":"Colosseum Slavers","floor":19,"turns":2}],"seed_played":"9073696500827932734","potions_obtained":[{"floor":0,"key":"Fruit Juice"},{"floor":1,"key":"Regen Potion"},{"floor":3,"key":"SkillPotion"},{"floor":3,"key":"PowerPotion"},{"floor":3,"key":"PowerPotion"},{"floor":7,"key":"Swift Potion"},{"floor":13,"key":"EssenceOfSteel"}],"is_trial":false,"path_per_floor":["M","?","?","M","$","R","E","R","T","R","$","M","M","E","R","B",null,"M","?"],"character_chosen":"THE_SILENT","items_purchased":["Tactician","Underhanded Strike"],"campfire_rested":0,"item_purchase_floors":[5,11],"current_hp_per_floor":[73,62,62,59,59,59,69,69,69,69,69,65,65,57,57,25,66,58,48],"gold":208,"neow_bonus":"BOSS_RELIC","is_prod":false,"is_daily":false,"chose_seed":false,"campfire_upgraded":4,"win_rate":0,"timestamp":1546725187,"path_taken":["M","?","?","M","$","R","E","R","T","R","$","?","?","E","R","BOSS","M","?"],"build_version":"2019-01-03v4","purchased_purges":2,"victory":false,"max_hp_per_floor":[80,80,80,80,80,80,80,80,80,80,80,80,80,80,80,80,80,80,80],"card_choices":[{"not_picked":["Reflex","Quick Slash"],"picked":"Calculated Gamble","floor":0},{"not_picked":["Bane","Dagger Throw"],"picked":"Prepared","floor":1},{"not_picked":["Bane","Infinite Blades"],"picked":"Dagger Throw","floor":4},{"not_picked":["Dodge and Roll","PiercingWail"],"picked":"Glass Knife","floor":7},{"not_picked":["Sucker Punch","Reflex"],"picked":"Underhanded Strike","floor":12},{"not_picked":["Concentrate","Outmaneuver","PiercingWail"],"picked":"SKIP","floor":13},{"not_picked":["Cloak And Dagger","Dagger Spray","Bane"],"picked":"SKIP","floor":14},{"not_picked":["Bullet Time","Die Die Die"],"picked":"Envenom","floor":16},{"not_picked":["Slice","Prepared"],"picked":"Poisoned Stab","floor":18}],"player_experience":372743,"relics_obtained":[{"floor":7,"key":"Nunchaku"},{"floor":9,"key":"Omamori"},{"floor":14,"key":"Thread and Needle"}],"event_choices":[{"damage_healed":0,"gold_gain":75,"player_choice":"Gather Gold","damage_taken":11,"max_hp_gain":0,"max_hp_loss":0,"event_name":"World of Goop","floor":2,"gold_loss":0},{"damage_healed":0,"gold_gain":0,"player_choice":"Got Potions","damage_taken":0,"max_hp_gain":0,"max_hp_loss":0,"event_name":"Lab","floor":3,"gold_loss":0},{"damage_healed":0,"gold_gain":0,"player_choice":"Fight","damage_taken":0,"max_hp_gain":0,"max_hp_loss":0,"event_name":"Colosseum","floor":19,"gold_loss":0}],"is_beta":true,"boss_relics":[{"not_picked":["Lizard Tail","Cursed Key"],"picked":"Empty Cage"}],"items_purged_floors":[5,11],"is_endless":false,"potions_floor_spawned":[1,7,13],"killed_by":"Colosseum Slavers","ascension_level":6}