{"gold_per_floor":[17,37,37,49,68,99,99,118,118,135,310,324,354,365,365,465,465,476,476,493,507,507,507,252,280,280,280,205,205,230,230,230,326,326,342,342,38,38,50,50,50],"floor_reached":41,"playtime":2189,"items_purged":["Doubt"],"score":554,"play_id":"81a32881-5de6-40d7-ab48-6525b0ffb27d","local_time":"20190208011538","is_ascension_mode":true,"campfire_choices":[{"data":"Iron Wave","floor":7,"key":"SMITH"},{"floor":15,"key":"REST"},{"data":"True Grit","floor":23,"key":"SMITH"},{"floor":27,"key":"REST"},{"floor":29,"key":"REST"},{"floor":32,"key":"REST"},{"data":"Flame Barrier","floor":40,"key":"SMITH"}],"neow_cost":"NO_GOLD","seed_source_timestamp":34073604583106,"circlet_count":0,"master_deck":["Defend_R","Defend_R","Defend_R","Defend_R","Bash","Fire Breathing","Twin Strike","Entrench","Sentinel","Iron Wave+1","Headbutt","Flame Barrier+1","Iron Wave","Feed+1","True Grit+1","Spot Weakness","Spot Weakness","Ghostly Armor","Thunderclap+1","Bite","Bite","Bite","Bite","Bite","Exhume","Dual Wield+1","Shrug It Off"],"relics":["Burning Blood","Kunai","Bag of Preparation","Happy Flower","Velvet Choker","Red Skull","Mercury Hourglass","Sundial","Ornamental Fan","Mark of Pain","Singing Bowl"],"potions_floor_usage":[13,13,16,33,41,41],"damage_taken":[{"damage":0,"enemies":"Small Slimes","floor":1,"turns":4},{"damage":1,"enemies":"Cultist","floor":2,"turns":3},{"damage":3,"enemies":"Jaw Worm","floor":4,"turns":4},{"damage":7,"enemies":"Looter","floor":5,"turns":4},{"damage":55,"enemies":"3 Sentries","floor":6,"turns":11},{"damage":12,"enemies":"Red Slaver","floor":8,"turns":4},{"damage":8,"enemies":"2 Fungi Beasts","floor":10,"turns":4},{"damage":1,"enemies":"3 Louse","floor":12,"turns":3},{"damage":16,"enemies":"Gremlin Nob","floor":13,"turns":3},{"damage":16,"enemies":"Large Slime","floor":14,"turns":7},{"damage":24,"enemies":"The Guardian","floor":16,"turns":15},{"damage":22,"enemies":"Shell Parasite","floor":18,"turns":9},{"damage":0,"enemies":"3 Byrds","floor":20,"turns":3},{"damage":16,"enemies":"Snake Plant","floor":21,"turns":6},{"damage":33,"enemies":"Slavers","floor":25,"turns":7},{"damage":60,"enemies":"Book of Stabbing","floor":30,"turns":6},{"damage":62,"enemies":"Collector","floor":33,"turns":13},{"damage":35,"enemies":"3 Darklings","floor":35,"turns":7},{"damage":8,"enemies":"3 Shapes","floor":39,"turns":7},{"damage":59,"enemies":"2 Orb Walkers","floor":41,"turns":5}],"seed_played":"2339953561975151277","potions_obtained":[{"floor":2,"key":"LiquidBronze"},{"floor":6,"key":"Swift Potion"},{"floor":8,"key":"SteroidPotion"},{"floor":10,"key":"BloodPotion"},{"floor":13,"key":"SteroidPotion"},{"floor":18,"key":"Ancient Potion"},{"floor":25,"key":"Fire Potion"},{"floor":33,"key":"PowerPotion"},{"floor":35,"key":"Fire Potion"}],"is_trial":false,"path_per_floor":["M","M","?","M","M","E","R","M","T","M","?","M","E","M","R","B",null,"M","?","M","M","?","R","$","E","T","R","$","R","E","?","R","B",null,"M","?","$","?","M","R","?"],"character_chosen":"IRONCLAD","items_purchased":["Red Skull","Spot Weakness","Ghostly Armor","Singing Bowl","Shrug It Off"],"campfire_rested":4,"item_purchase_floors":[24,24,28,37,37],"current_hp_per_floor":[80,80,80,80,79,30,30,24,24,22,22,27,25,15,39,21,80,67,67,73,63,47,47,47,24,24,51,51,78,28,28,48,22,67,44,44,44,44,46,46,0],"gold":50,"neow_bonus":"TRANSFORM_TWO_CARDS","is_prod":false,"is_daily":false,"chose_seed":false,"campfire_upgraded":3,"win_rate":0,"timestamp":1549584938,"path_taken":["M","M","?","M","M","E","R","M","T","?","?","M","E","M","R","BOSS","M","?","?","M","?","R","$","E","T","R","$","R","E","?","R","BOSS","M","?","$","?","M","R","?"],"build_version":"2019-01-23","purchased_purges":1,"victory":false,"max_hp_per_floor":[80,80,80,80,80,80,80,80,80,80,80,80,80,80,80,80,80,83,83,83,83,88,88,88,92,92,92,92,92,96,67,67,67,67,67,67,67,64,66,66,66],"card_choices":[{"not_picked":["Body Slam","Clothesline"],"picked":"Twin Strike","floor":1},{"not_picked":["Bloodletting","Twin Strike"],"picked":"Entrench","floor":2},{"not_picked":["Carnage","Sword Boomerang"],"picked":"Iron Wave","floor":4},{"not_picked":["Sword Boomerang","Heavy Blade","Perfected Strike"],"picked":"SKIP","floor":5},{"not_picked":["Flex","Evolve"],"picked":"Headbutt","floor":6},{"not_picked":["Havoc","Corruption","Cleave"],"picked":"SKIP","floor":8},{"not_picked":["Battle Trance","Clash","Warcry"],"picked":"SKIP","floor":10},{"not_picked":["Pummel","Entrench"],"picked":"Flame Barrier","floor":12},{"not_picked":["Heavy Blade","Immolate","Flex"],"picked":"SKIP","floor":13},{"not_picked":["Hemokinesis","Cleave"],"picked":"Iron Wave","floor":14},{"not_picked":["Double Tap","Bludgeon"],"picked":"Feed","floor":16},{"not_picked":["Bloodletting","Wild Strike","Sword Boomerang+1"],"picked":"SKIP","floor":18},{"not_picked":["Iron Wave","Perfected Strike"],"picked":"True Grit","floor":20},{"not_picked":["Clothesline","Dual Wield","Cleave"],"picked":"SKIP","floor":21},{"not_picked":["Infernal Blade+1","Shockwave"],"picked":"Spot Weakness","floor":25},{"not_picked":["Pommel Strike+1","Dropkick"],"picked":"Thunderclap+1","floor":30},{"not_picked":["Brutality","Double Tap"],"picked":"Exhume","floor":33},{"not_picked":["Thunderclap+1","Rage+1"],"picked":"Dual Wield+1","floor":35},{"not_picked":["Anger+1","Corruption+1","Clothesline+1"],"picked":"Singing Bowl","floor":39}],"player_experience":242330,"relics_obtained":[{"floor":6,"key":"Kunai"},{"floor":9,"key":"Bag of Preparation"},{"floor":13,"key":"Happy Flower"},{"floor":25,"key":"Mercury Hourglass"},{"floor":26,"key":"Sundial"},{"floor":30,"key":"Ornamental Fan"}],"event_choices":[{"damage_healed":0,"gold_gain":0,"cards_transformed":["Corruption"],"player_choice":"Transformed","damage_taken":0,"max_hp_gain":0,"max_hp_loss":0,"event_name":"Transmorgrifier","floor":3,"gold_loss":0,"cards_obtained":["Sentinel"]},{"damage_healed":0,"gold_gain":175,"player_choice":"AGREE","damage_taken":0,"max_hp_gain":0,"max_hp_loss":0,"event_name":"Liars Game","floor":11,"gold_loss":0,"cards_obtained":["Doubt"]},{"damage_healed":0,"gold_gain":0,"player_choice":"Upgraded","damage_taken":0,"max_hp_gain":0,"max_hp_loss":0,"event_name":"Upgrade Shrine","floor":19,"gold_loss":0,"cards_upgraded":["Feed"]},{"damage_healed":0,"gold_gain":0,"player_choice":"Shed Blood","damage_taken":21,"max_hp_gain":5,"max_hp_loss":0,"event_name":"Forgotten Altar","floor":22,"gold_loss":0},{"damage_healed":0,"gold_gain":0,"player_choice":"Became a vampire","damage_taken":0,"max_hp_gain":0,"max_hp_loss":29,"event_name":"Vampires","floor":31,"gold_loss":0,"cards_obtained":["Bite","Bite","Bite","Bite","Bite"]},{"damage_healed":0,"gold_gain":0,"player_choice":"Memory 1","damage_taken":0,"max_hp_gain":0,"max_hp_loss":0,"event_name":"SensoryStone","floor":36,"gold_loss":0},{"damage_healed":0,"gold_gain":0,"player_choice":"Max HP","damage_taken":0,"max_hp_gain":0,"max_hp_loss":3,"event_name":"Winding Halls","floor":38,"gold_loss":0},{"damage_healed":0,"gold_gain":0,"player_choice":"Fight","damage_taken":0,"max_hp_gain":0,"max_hp_loss":0,"event_name":"Mysterious Sphere","floor":41,"gold_loss":0}],"is_beta":false,"boss_relics":[{"not_picked":["Lizard Tail","White Beast Statue"],"picked":"Velvet Choker"},{"not_picked":["Sozu","Tiny House"],"picked":"Mark of Pain"}],"items_purged_floors":[24],"is_endless":false,"potions_floor_spawned":[2,6,8,10,13,18,25,33,35],"killed_by":"2 Orb Walkers","ascension_level":4}