{"path_per_floor":["M","M","?","?","M","E","M","R","T","R","M","?","T","M","R","B",null,"M","?","?","$","?","E","R","?","T","R","M","R","T","M","R","B",null,"M","?","M","$","M","R","M","E","T","M","$","$","M","M","R"],"character_chosen":"DEFECT","items_purchased":["Apotheosis","Defragment","Consume","Sunder","Echo Form","Thunder Strike","Stack"],"gold_per_floor":[112,132,132,132,145,174,185,185,185,185,197,167,167,181,181,277,277,295,295,210,30,30,57,57,57,57,57,76,76,76,94,94,195,195,209,209,220,23,33,33,43,73,373,392,72,19,36,54,54,54],"floor_reached":50,"campfire_rested":3,"playtime":2426,"item_purchase_floors":[],"current_hp_per_floor":[69,69,69,66,63,48,39,39,39,39,38,38,38,29,51,30,75,72,72,72,72,72,71,71,55,55,55,49,49,49,49,49,14,75,53,44,34,34,17,39,39,17,17,29,29,29,1,1,25,0],"items_purged":[],"gold":54,"score":615,"play_id":"6b64a651-6e63-4b4c-a8a1-b67acd49e5ef","local_time":"20180601151640","is_prod":false,"is_daily":false,"chose_seed":false,"is_ascension_mode":true,"campfire_upgraded":6,"win_rate":0,"timestamp":1527862600,"campfire_choices":[{"data":"Dualcast","floor":8.0,"key":"SMITH"},{"data":"Zap","floor":10.0,"key":"SMITH"},{"floor":15.0,"key":"REST"},{"data":"Capacitor","floor":24.0,"key":"SMITH"},{"data":"Loop","floor":27.0,"key":"SMITH"},{"data":"Darkness","floor":29.0,"key":"SMITH"},{"data":"Thunder Strike","floor":32.0,"key":"SMITH"},{"floor":40.0,"key":"REST"},{"floor":49.0,"key":"REST"}],"path_taken":["M","?","?","?","M","E","M","R","T","R","M","?","?","M","R","BOSS","M","?","?","$","?","E","R","?","T","R","M","R","?","M","R","BOSS","M","?","M","$","M","R","M","E","T","M","?","$","?","M","R","BOSS"],"build_version":"2018-05-30v2","seed_source_timestamp":0,"purchased_purges":0,"victory":false,"master_deck":["Strike_B","Strike_B","Strike_B","Defend_B","Defend_B","Defend_B","Defend_B","Zap+1","Dualcast+1","Multi-Cast+1","Cold Snap","Cold Snap","Sunder+1","Capacitor+1","Darkness+1","Loop+1","Conserve Battery+1","Apotheosis","Streamline+1","Necronomicurse","Thunder Strike+1","Echo Form","Undo+1","Madness","Madness","Streamline+1","Defragment","Consume","Sunder","Creative AI","Undo+1","Echo Form","Thunder Strike","Stack","Reinforced Body"],"max_hp_per_floor":[75,75,75,75,75,75,75,75,75,75,75,75,75,75,75,75,75,75,75,75,75,75,75,75,75,75,75,75,75,75,75,75,75,75,75,75,75,75,75,75,75,75,75,80,80,80,80,80,80,80],"relics":["Cracked Core","Ginger","Gambling Chip","Torii","Dead Branch","Snecko Eye","Question Card","Mummified Hand","Necronomicon","Shuriken","Centennial Puzzle","Black Star","Girya","Thread and Needle","Old Coin"],"card_choices":[{"not_picked":["White Noise","Compile Driver"],"picked":"Cold Snap","floor":1.0},{"not_picked":["Barrage","Ball Lightning"],"picked":"Cold Snap","floor":2.0},{"not_picked":["Beam Cell","Double Energy","Sweeping Beam"],"picked":"SKIP","floor":5.0},{"not_picked":["Amplify","FTL"],"picked":"Sunder","floor":6.0},{"not_picked":["FTL","Hologram"],"picked":"Capacitor","floor":7.0},{"not_picked":["Static Discharge","Cold Snap"],"picked":"Darkness","floor":11.0},{"not_picked":["Compile Driver","Scrape"],"picked":"Loop","floor":14.0},{"not_picked":["Beam Cell","Hologram"],"picked":"Conserve Battery+1","floor":18.0},{"not_picked":["Aggregate","Consume+1","Hello World"],"picked":"Streamline+1","floor":23.0},{"not_picked":["Compile Driver","Coolheaded","Beam Cell","Gash"],"picked":"SKIP","floor":28.0},{"not_picked":["Coolheaded","Cold Snap","Go for the Eyes"],"picked":"Thunder Strike","floor":31.0},{"not_picked":["Amplify","Hyperbeam","Buffer"],"picked":"Echo Form","floor":33.0},{"not_picked":["Hologram+1","Lockon+1","Compile Driver+1"],"picked":"Undo+1","floor":35.0},{"not_picked":["Reinforced Body+1","BootSequence","Gash"],"picked":"Streamline+1","floor":37.0},{"not_picked":["Barrage+1","Go for the Eyes","BootSequence+1"],"picked":"Creative AI","floor":39.0},{"not_picked":["Rebound+1","Go for the Eyes","Coolheaded+1","Steam"],"picked":"SKIP","floor":41.0},{"not_picked":["Steam+1","Rip and Tear+1","Static Discharge","Skim+1"],"picked":"SKIP","floor":42.0},{"not_picked":["Barrage","Coolheaded","Leap"],"picked":"Undo+1","floor":44.0},{"not_picked":["Turbo","Redo+1","Gash+1","Rip and Tear+1"],"picked":"SKIP","floor":47.0},{"not_picked":["Rebound+1","Cold Snap+1","Conserve Battery+1"],"picked":"Reinforced Body","floor":48.0}],"player_experience":226622,"potions_floor_usage":[50],"damage_taken":[{"damage":6.0,"enemies":"Cultist","floor":1.0,"turns":3.0},{"damage":0.0,"enemies":"2 Louse","floor":2.0,"turns":2.0},{"damage":3.0,"enemies":"Jaw Worm","floor":5.0,"turns":3.0},{"damage":15.0,"enemies":"Gremlin Nob","floor":6.0,"turns":4.0},{"damage":9.0,"enemies":"Large Slime","floor":7.0,"turns":8.0},{"damage":1.0,"enemies":"Looter","floor":11.0,"turns":2.0},{"damage":9.0,"enemies":"Red Slaver","floor":14.0,"turns":3.0},{"damage":21.0,"enemies":"Hexaghost","floor":16.0,"turns":11.0},{"damage":3.0,"enemies":"3 Byrds","floor":18.0,"turns":4.0},{"damage":1.0,"enemies":"Gremlin Leader","floor":23.0,"turns":6.0},{"damage":6.0,"enemies":"2 Thieves","floor":28.0,"turns":2.0},{"damage":0.0,"enemies":"Sentry and Sphere","floor":31.0,"turns":4.0},{"damage":35.0,"enemies":"Collector","floor":33.0,"turns":7.0},{"damage":22.0,"enemies":"Flame Bruiser 1 Orb","floor":35.0,"turns":3.0},{"damage":10.0,"enemies":"3 Darklings","floor":37.0,"turns":4.0},{"damage":17.0,"enemies":"Maw","floor":39.0,"turns":6.0},{"damage":0.0,"enemies":"Sphere and 2 Shapes","floor":41.0,"turns":3.0},{"damage":27.0,"enemies":"2 Orb Walkers","floor":42.0,"turns":2.0},{"damage":0.0,"enemies":"4 Shapes","floor":44.0,"turns":4.0},{"damage":28.0,"enemies":"Maw","floor":47.0,"turns":5.0},{"damage":0.0,"enemies":"Transient","floor":48.0,"turns":5.0},{"damage":27,"enemies":"Awakened One","floor":50,"turns":3}],"relics_obtained":[{"floor":6.0,"key":"Gambling Chip"},{"floor":9.0,"key":"Torii"},{"floor":13.0,"key":"Dead Branch"},{"floor":23.0,"key":"Mummified Hand"},{"floor":25.0,"key":"Necronomicon"},{"floor":26.0,"key":"Shuriken"},{"floor":30.0,"key":"Centennial Puzzle"},{"floor":42.0,"key":"Girya"},{"floor":42.0,"key":"Thread and Needle"},{"floor":43.0,"key":"Old Coin"}],"event_choices":[{"event_name":"Upgrade Shrine","player_choice":"Upgraded","floor":3.0,"damage_taken":0.0},{"event_name":"Scrap Ooze","player_choice":"success","floor":4.0,"damage_taken":3.0},{"event_name":"The Woman in Blue","player_choice":"Bought 2 Potions","floor":12.0,"damage_taken":0.0},{"event_name":"Upgrade Shrine","player_choice":"Upgraded","floor":19.0,"damage_taken":0.0},{"event_name":"Addict","player_choice":"Obtained Relic","floor":20.0,"damage_taken":0.0},{"event_name":"Back to Basics","player_choice":"Elegance","floor":22.0,"damage_taken":0.0},{"event_name":"Cursed Tome","player_choice":"Obtained Book","floor":25.0,"damage_taken":0.0},{"event_name":"Winding Halls","player_choice":"Embrace Madness","floor":36.0,"damage_taken":0.0}],"boss_relics":[],"items_purged_floors":[],"potions_floor_spawned":[1,11,14,31,33,35,42,48],"seed_played":"-4190250818465226108","killed_by":"Awakened One","ascension_level":4,"potions_obtained":[{"floor":1.0,"key":"Strength Potion"},{"floor":11.0,"key":"Block Potion"},{"floor":12.0,"key":"GamblersBrew"},{"floor":12.0,"key":"PowerPotion"},{"floor":31.0,"key":"SkillPotion"},{"floor":33.0,"key":"FearPotion"},{"floor":35.0,"key":"Regen Potion"},{"floor":42.0,"key":"Fruit Juice"},{"floor":48.0,"key":"FearPotion"}],"is_trial":false}