{"gold_per_floor":[114,114,114,289,239,239,264,264,264,279,294,309,194,224,224,324,324,339,339,197,212,3,53,68,68,93,12,27,27,27,42,42,42],"floor_reached":33,"playtime":1897,"items_purged":["Defend_R"],"score":288,"play_id":"2b233830-05a5-4c09-abb6-66c66e5ab258","local_time":"20181108192411","daily_mods":["Heirloom","Green Cards","Terminal"],"is_ascension_mode":false,"campfire_choices":[{"data":"Bash","floor":6,"key":"SMITH"},{"data":"Strike_R","floor":8,"key":"SMITH"},{"data":"True Grit","floor":15,"key":"SMITH"},{"data":"Transmutation","floor":30,"key":"SMITH"},{"data":"Adrenaline","floor":32,"key":"SMITH"}],"neow_cost":"","seed_source_timestamp":0,"circlet_count":0,"master_deck":["Strike_R+1","Strike_R+1","Strike_R+1","Strike_R+1","Strike_R+1","Defend_R+1","Defend_R+1","Defend_R+1","Bash+1","Sentinel+1","PiercingWail","Metallicize","True Grit+1","Crippling Poison","Adrenaline+1","Fiend Fire","Disarm","Evolve","Blur","Feel No Pain","Transmutation+1","Sever Soul","Second Wind+1","Purity+1","Acrobatics+1","Prepared+1"],"special_seed":17843,"relics":["Burning Blood","Charon\u0027s Ashes","Anchor","Question Card","Art of War","Mark of Pain","Toxic Egg 2","Happy Flower","MutagenicStrength"],"potions_floor_usage":[10,14,23,33],"damage_taken":[{"damage":0,"enemies":"Small Slimes","floor":1,"turns":3},{"damage":0,"enemies":"2 Louse","floor":10,"turns":2},{"damage":0,"enemies":"Jaw Worm","floor":11,"turns":3},{"damage":0,"enemies":"Blue Slaver","floor":12,"turns":3},{"damage":4,"enemies":"Gremlin Nob","floor":14,"turns":4},{"damage":26,"enemies":"Hexaghost","floor":16,"turns":16},{"damage":0,"enemies":"Chosen","floor":18,"turns":3},{"damage":0,"enemies":"Shell Parasite","floor":21,"turns":7},{"damage":0,"enemies":"Slavers","floor":23,"turns":6},{"damage":0,"enemies":"Centurion and Healer","floor":24,"turns":4},{"damage":8,"enemies":"Sentry and Sphere","floor":28,"turns":4},{"damage":14,"enemies":"3 Cultists","floor":31,"turns":5},{"damage":46,"enemies":"Automaton","floor":33,"turns":12}],"seed_played":"-8528799045221006880","potions_obtained":[{"floor":1,"key":"Poison Potion"},{"floor":11,"key":"AttackPotion"},{"floor":12,"key":"SpeedPotion"},{"floor":21,"key":"Block Potion"},{"floor":24,"key":"EssenceOfSteel"}],"is_trial":false,"path_per_floor":["M","?","?","?","?","R","T","R","T","M","M","M","$","E","R","B",null,"M","?","$","M","$","E","M","?","T","$","M","?","R","M","R","B"],"character_chosen":"IRONCLAD","items_purchased":["Crippling Poison","Evolve","Blur","Feel No Pain","Transmutation","Purity+1"],"campfire_rested":0,"item_purchase_floors":[13,20,20,22,22,27],"current_hp_per_floor":[78,62,67,67,67,67,67,67,67,73,73,72,71,70,69,49,67,66,65,64,63,62,61,60,59,58,57,55,55,54,46,46,0],"gold":42,"neow_bonus":"","is_prod":false,"is_daily":true,"chose_seed":false,"campfire_upgraded":5,"win_rate":0,"timestamp":1541705051,"path_taken":["M","?","?","?","?","R","?","R","T","M","M","M","$","E","R","BOSS","M","?","$","M","$","E","M","?","T","?","?","?","R","M","R","BOSS"],"build_version":"2018-11-07","purchased_purges":1,"victory":false,"max_hp_per_floor":[78,77,81,80,79,78,77,76,75,74,73,72,71,70,69,68,67,66,65,64,63,62,61,60,59,58,57,56,55,54,53,52,52],"card_choices":[{"not_picked":["Fire Breathing","Underhanded Strike"],"picked":"Sentinel","floor":1},{"not_picked":["Disarm","Dagger Throw","Twin Strike"],"picked":"PiercingWail","floor":10},{"not_picked":["Dagger Spray","Dagger Throw","Sword Boomerang"],"picked":"Metallicize","floor":11},{"not_picked":["Poisoned Stab","Skewer","Sword Boomerang"],"picked":"True Grit","floor":12},{"not_picked":["Calculated Gamble","Cleave","Clothesline"],"picked":"Adrenaline","floor":14},{"not_picked":["Brutality","Unload","Juggernaut"],"picked":"Fiend Fire","floor":16},{"not_picked":["Flying Knee","Headbutt","Hemokinesis"],"picked":"Disarm","floor":18},{"not_picked":["Iron Wave","Body Slam","Clothesline+1","Perfected Strike"],"picked":"SKIP","floor":21},{"not_picked":["Underhanded Strike","Dagger Throw","Expertise"],"picked":"Sever Soul","floor":23},{"not_picked":["Spot Weakness+1","Slice+1","Deadly Poison+1"],"picked":"Second Wind+1","floor":24},{"not_picked":["Berserk","Iron Wave","Dagger Throw"],"picked":"Acrobatics+1","floor":28},{"not_picked":["Deflect+1","Flame Barrier+1","Fiend Fire"],"picked":"Prepared+1","floor":31}],"player_experience":286313,"relics_obtained":[{"floor":7,"key":"Anchor"},{"floor":9,"key":"Question Card"},{"floor":14,"key":"Art of War"},{"floor":23,"key":"Toxic Egg 2"},{"floor":26,"key":"Happy Flower"}],"event_choices":[{"damage_healed":0,"gold_gain":0,"player_choice":"Entered Light","damage_taken":16,"max_hp_gain":0,"max_hp_loss":0,"event_name":"Shining Light","floor":2,"gold_loss":0,"cards_upgraded":["Strike_R","Sentinel"]},{"damage_healed":0,"gold_gain":0,"player_choice":"Donut","damage_taken":0,"max_hp_gain":5,"max_hp_loss":0,"event_name":"Big Fish","floor":3,"gold_loss":0},{"damage_healed":0,"gold_gain":175,"player_choice":"AGREE","damage_taken":0,"max_hp_gain":0,"max_hp_loss":0,"event_name":"Liars Game","floor":4,"gold_loss":0,"cards_obtained":["Doubt"]},{"cards_removed":["Doubt"],"damage_healed":0,"gold_gain":0,"player_choice":"Card Removal","damage_taken":0,"max_hp_gain":0,"max_hp_loss":0,"event_name":"The Cleric","floor":5,"gold_loss":50},{"damage_healed":0,"gold_gain":0,"player_choice":"Ignored","damage_taken":0,"max_hp_gain":0,"max_hp_loss":0,"event_name":"Vampires","floor":19,"gold_loss":0},{"damage_healed":0,"gold_gain":0,"player_choice":"Simplicity","damage_taken":0,"max_hp_gain":0,"max_hp_loss":0,"event_name":"Back to Basics","floor":25,"gold_loss":0,"cards_upgraded":["Strike_R","Strike_R","Strike_R","Defend_R","Defend_R","Defend_R"]},{"damage_healed":0,"gold_gain":0,"player_choice":"Inject Mutagens","damage_taken":0,"relics_obtained":["MutagenicStrength"],"max_hp_gain":0,"max_hp_loss":0,"event_name":"Drug Dealer","floor":29,"gold_loss":0}],"is_beta":true,"boss_relics":[{"not_picked":["Snecko Eye","Astrolabe"],"picked":"Mark of Pain"}],"items_purged_floors":[13],"is_endless":false,"potions_floor_spawned":[1,11,12,21,24],"killed_by":"Automaton","ascension_level":0}