{"gold_per_floor":[116,191,191,191,44,44,69,87,87,87,100,100,100,128,128,128],"floor_reached":16,"playtime":647,"items_purged":[],"score":127,"play_id":"cffb7cff-2498-4571-aa97-45613911aa52","local_time":"20190208140357","is_ascension_mode":true,"campfire_choices":[{"data":"Disarm","floor":6,"key":"SMITH"},{"data":"Cleave","floor":10,"key":"SMITH"},{"data":"Shrug It Off","floor":13,"key":"SMITH"},{"data":"True Grit","floor":15,"key":"SMITH"}],"neow_cost":"PERCENT_DAMAGE","seed_source_timestamp":81715115488076,"circlet_count":0,"master_deck":["Strike_R+1","Strike_R","Strike_R","Defend_R","Defend_R","Defend_R+1","Defend_R","Bash","Intimidate","True Grit+1","Disarm+1","Cleave+1","Shrug It Off+1"],"relics":["Burning Blood","Oddly Smooth Stone","Bag of Marbles","Ornamental Fan","Singing Bowl","Frozen Egg 2"],"potions_floor_usage":[14,14],"damage_taken":[{"damage":17,"enemies":"Small Slimes","floor":1,"turns":5},{"damage":30,"enemies":"Lagavulin","floor":7,"turns":9},{"damage":6,"enemies":"2 Louse","floor":8,"turns":2},{"damage":0,"enemies":"Cultist","floor":11,"turns":3},{"damage":1,"enemies":"3 Sentries","floor":14,"turns":4},{"damage":72,"enemies":"Hexaghost","floor":16,"turns":16}],"seed_played":"2076119512015224021","potions_obtained":[{"floor":1,"key":"Fire Potion"},{"floor":7,"key":"Explosive Potion"}],"is_trial":false,"path_per_floor":["M","?","?","?","$","R","E","M","T","R","M","T","R","E","R","B"],"character_chosen":"IRONCLAD","items_purchased":["Oddly Smooth Stone"],"campfire_rested":0,"item_purchase_floors":[5],"current_hp_per_floor":[45,34,18,80,80,80,56,56,56,56,62,62,62,69,69,0],"gold":128,"neow_bonus":"TRANSFORM_TWO_CARDS","is_prod":false,"is_daily":false,"chose_seed":false,"campfire_upgraded":4,"win_rate":0,"timestamp":1549631037,"path_taken":["M","?","?","?","$","R","E","M","T","R","?","?","R","E","R","BOSS"],"build_version":"2019-01-23","purchased_purges":0,"victory":false,"max_hp_per_floor":[80,80,80,80,80,80,80,80,80,80,80,80,80,82,82,82],"card_choices":[{"not_picked":["Headbutt","Wild Strike"],"picked":"Disarm","floor":1},{"not_picked":["Thunderclap","Brutality"],"picked":"Cleave","floor":7},{"not_picked":["Pommel Strike","Wild Strike","Anger"],"picked":"SKIP","floor":8},{"not_picked":["Blood for Blood","Dropkick"],"picked":"Shrug It Off","floor":11},{"not_picked":["Double Tap","True Grit","Entrench"],"picked":"Singing Bowl","floor":14}],"player_experience":248523,"relics_obtained":[{"floor":7,"key":"Bag of Marbles"},{"floor":9,"key":"Ornamental Fan"},{"floor":12,"key":"Singing Bowl"},{"floor":14,"key":"Frozen Egg 2"}],"event_choices":[{"damage_healed":0,"gold_gain":75,"player_choice":"Gather Gold","damage_taken":11,"max_hp_gain":0,"max_hp_loss":0,"event_name":"World of Goop","floor":2,"gold_loss":0},{"damage_healed":0,"gold_gain":0,"player_choice":"Entered Light","damage_taken":16,"max_hp_gain":0,"max_hp_loss":0,"event_name":"Shining Light","floor":3,"gold_loss":0,"cards_upgraded":["Defend_R","Strike_R"]},{"damage_healed":62,"gold_gain":0,"player_choice":"Full Heal","damage_taken":0,"max_hp_gain":0,"max_hp_loss":0,"event_name":"Wheel of Change","floor":4,"gold_loss":0}],"is_beta":false,"boss_relics":[],"items_purged_floors":[],"is_endless":false,"potions_floor_spawned":[1,7],"killed_by":"Hexaghost","ascension_level":4}