{"gold_per_floor":[14,14,14,30,94,94,127,127,151,184,201,251,279,289,289,389,389,405,46,62,112,172,202,202,235,235,235,245,295,295],"floor_reached":30,"playtime":1196,"items_purged":[],"score":417,"play_id":"61cdd40c-c5c2-4317-a548-9b70770f3d22","local_time":"20190131194356","is_ascension_mode":true,"campfire_choices":[{"data":"Inflame","floor":6,"key":"SMITH"},{"data":"Infernal Blade","floor":8,"key":"SMITH"},{"data":"Armaments","floor":15,"key":"SMITH"},{"data":"Feed","floor":24,"key":"SMITH"},{"data":"Inflame","floor":27,"key":"SMITH"}],"neow_cost":"NO_GOLD","seed_source_timestamp":18613834904218,"circlet_count":0,"master_deck":["Strike_R","Strike_R+1","Strike_R","Strike_R","Strike_R","Defend_R+1","Defend_R","Defend_R","Defend_R","Bash","Barricade","Inflame+1","Armaments+1","Infernal Blade+1","Anger","Headbutt","Cleave","Feed+1","Inflame+1","Metallicize+1","Dropkick+1","Infernal Blade+1","Decay"],"relics":["Black Blood","SsserpentHead","Boot","Red Skull","Centennial Puzzle","Ornamental Fan","Kunai","Lantern","Anchor","Orichalcum","Pantograph"],"potions_floor_usage":[10,10,14,16,28,30],"damage_taken":[{"damage":7,"enemies":"Small Slimes","floor":1,"turns":4},{"damage":9,"enemies":"Jaw Worm","floor":4,"turns":4},{"damage":1,"enemies":"Cultist","floor":5,"turns":3},{"damage":59,"enemies":"Gremlin Nob","floor":7,"turns":5},{"damage":17,"enemies":"3 Sentries","floor":10,"turns":7},{"damage":8,"enemies":"Blue Slaver","floor":11,"turns":3},{"damage":0,"enemies":"Lagavulin","floor":13,"turns":4},{"damage":0,"enemies":"Lots of Slimes","floor":14,"turns":3},{"damage":0,"enemies":"Slime Boss","floor":16,"turns":4},{"damage":26,"enemies":"Spheric Guardian","floor":18,"turns":6},{"damage":8,"enemies":"Chosen","floor":20,"turns":3},{"damage":35,"enemies":"Centurion and Healer","floor":22,"turns":5},{"damage":34,"enemies":"Slavers","floor":23,"turns":4},{"damage":14,"enemies":"Gremlin Leader","floor":25,"turns":4},{"damage":13,"enemies":"Snecko","floor":28,"turns":5},{"damage":23,"enemies":"Book of Stabbing","floor":30,"turns":3}],"seed_played":"-6140895329229339373","potions_obtained":[{"floor":1,"key":"Regen Potion"},{"floor":4,"key":"AttackPotion"},{"floor":7,"key":"Explosive Potion"},{"floor":14,"key":"PowerPotion"},{"floor":23,"key":"SteroidPotion"},{"floor":28,"key":"Regen Potion"}],"is_trial":false,"path_per_floor":["M","?","?","M","M","R","E","R","T","E","M","?","E","M","R","B",null,"M","$","M","?","M","E","R","E","T","R","M","?","E"],"character_chosen":"IRONCLAD","items_purchased":["Kunai","Lantern"],"campfire_rested":0,"item_purchase_floors":[19,19],"current_hp_per_floor":[79,63,63,60,65,65,12,12,12,16,14,14,20,26,26,32,80,64,64,66,66,41,20,20,16,16,16,13,13,0],"gold":295,"neow_bonus":"THREE_RARE_CARDS","is_prod":false,"is_daily":false,"chose_seed":false,"campfire_upgraded":5,"win_rate":0,"timestamp":1548960236,"path_taken":["M","?","?","M","?","R","E","R","T","E","M","?","E","M","R","BOSS","M","?","M","?","?","E","R","E","T","R","M","?","E"],"build_version":"2019-01-23","purchased_purges":0,"victory":false,"max_hp_per_floor":[80,80,80,80,80,80,80,80,80,80,80,80,80,80,80,80,80,80,80,80,80,80,83,83,83,83,83,83,83,83],"card_choices":[{"not_picked":["Exhume","Immolate"],"picked":"Barricade","floor":0},{"not_picked":["Feel No Pain","Blood for Blood"],"picked":"Inflame","floor":1},{"not_picked":["True Grit","Shrug It Off","Havoc"],"picked":"SKIP","floor":4},{"not_picked":["Iron Wave","Dual Wield"],"picked":"Armaments","floor":5},{"not_picked":["Offering","Perfected Strike"],"picked":"Infernal Blade","floor":7},{"not_picked":["Flame Barrier","Blood for Blood"],"picked":"Thunderclap","floor":10},{"not_picked":["Thunderclap","Limit Break"],"picked":"Anger","floor":11},{"not_picked":["Exhume","Double Tap"],"picked":"Headbutt","floor":13},{"not_picked":["Pommel Strike","Sever Soul"],"picked":"Cleave","floor":14},{"not_picked":["Immolate","Bludgeon"],"picked":"Feed","floor":16},{"not_picked":["Second Wind+1","Combust","Bloodletting"],"picked":"SKIP","floor":18},{"not_picked":["Blood for Blood","Clash"],"picked":"Pommel Strike+1","floor":20},{"not_picked":["Clash","Body Slam"],"picked":"Metallicize+1","floor":22},{"not_picked":["Pommel Strike","Fire Breathing","Body Slam+1"],"picked":"SKIP","floor":23},{"not_picked":["Headbutt","Heavy Blade"],"picked":"Dropkick+1","floor":25},{"not_picked":["Armaments","Hemokinesis"],"picked":"Infernal Blade+1","floor":28}],"player_experience":137623,"relics_obtained":[{"floor":7,"key":"Boot"},{"floor":9,"key":"Red Skull"},{"floor":10,"key":"Centennial Puzzle"},{"floor":13,"key":"Ornamental Fan"},{"floor":23,"key":"Anchor"},{"floor":25,"key":"Orichalcum"},{"floor":26,"key":"Pantograph"}],"event_choices":[{"damage_healed":0,"gold_gain":0,"player_choice":"Entered Light","damage_taken":16,"max_hp_gain":0,"max_hp_loss":0,"event_name":"Shining Light","floor":2,"gold_loss":0,"cards_upgraded":["Strike_R","Defend_R"]},{"damage_healed":0,"gold_gain":0,"player_choice":"Trade","damage_taken":0,"relics_obtained":["SsserpentHead"],"max_hp_gain":0,"max_hp_loss":0,"event_name":"FaceTrader","floor":3,"gold_loss":0},{"cards_removed":["Thunderclap"],"damage_healed":0,"gold_gain":0,"player_choice":"Purged","damage_taken":0,"max_hp_gain":0,"max_hp_loss":0,"event_name":"Purifier","floor":12,"gold_loss":0},{"damage_healed":0,"gold_gain":0,"cards_transformed":["Pommel Strike"],"player_choice":"Transformed","damage_taken":0,"max_hp_gain":0,"max_hp_loss":0,"event_name":"Transmorgrifier","floor":21,"gold_loss":0,"cards_obtained":["Inflame"]},{"damage_healed":0,"gold_gain":0,"player_choice":"Smashed Altar","damage_taken":0,"max_hp_gain":0,"max_hp_loss":0,"event_name":"Forgotten Altar","floor":29,"gold_loss":0,"cards_obtained":["Decay"]}],"is_beta":false,"boss_relics":[{"not_picked":["Cursed Key","Snecko Eye"],"picked":"Black Blood"}],"items_purged_floors":[],"is_endless":false,"potions_floor_spawned":[1,4,7,14,23,28],"killed_by":"Book of Stabbing","ascension_level":3}