{"path_per_floor":["M","$","M","M","M","E","R","E","T","R","M","M","R","$","R","B",null,"M","?","M","?","?"],"character_chosen":"DEFECT","items_purchased":["Jack Of All Trades","Melter","Beam Cell"],"gold_per_floor":[219,6,18,33,46,74,74,103,129,129,146,158,158,11,11,108,108,126,126,145,145,145,145],"floor_reached":23,"campfire_rested":0,"playtime":1036,"current_hp_per_floor":[74,74,74,74,69,43,43,30,37,37,49,49,49,49,49,14,82,58,58,52,52,52,0],"items_purged":["Zap","Dualcast"],"gold":145,"score":241,"play_id":"233be0a4-91a5-433b-83e5-f7486c9441fa","local_time":"20180509185809","is_prod":false,"is_daily":false,"chose_seed":false,"is_ascension_mode":true,"campfire_upgraded":4,"timestamp":1525917489,"path_taken":["M","$","M","M","M","E","R","E","T","R","M","M","R","$","R","BOSS","M","?","?","?","?","E"],"build_version":"2018-05-08","seed_source_timestamp":212766934064983,"purchased_purges":2,"victory":false,"master_deck":["Strike_B","Strike_B","Strike_B","Defend_B","Defend_B","Defend_B","Defend_B","Jack Of All Trades+1","Melter+1","Sunder+1","Beam Cell+1","Reboot","Writhe","Hyperbeam"],"max_hp_per_floor":[75,75,75,75,75,75,75,75,82,82,82,82,82,82,82,82,82,82,82,82,82,82,82],"relics":["Cracked Core","Meat on the Bone","Regal Pillow","Strawberry","Runic Pyramid","Bag of Preparation"],"card_choices":[{"not_picked":["Self Repair","Go for the Eyes"],"picked":"Sunder","floor":4},{"not_picked":["Echo Form","Buffer"],"picked":"Reboot","floor":16}],"player_experience":192875,"potions_floor_usage":[4,6,12,16,18,23],"damage_taken":[{"damage":1,"enemies":"Cultist","floor":1,"turns":4},{"damage":0,"enemies":"2 Louse","floor":3,"turns":2},{"damage":0,"enemies":"Small Slimes","floor":4,"turns":2},{"damage":5,"enemies":"Exordium Wildlife","floor":5,"turns":2},{"damage":26,"enemies":"Gremlin Nob","floor":6,"turns":4},{"damage":25,"enemies":"3 Sentries","floor":8,"turns":7},{"damage":0,"enemies":"Blue Slaver","floor":11,"turns":1},{"damage":0,"enemies":"Large Slime","floor":12,"turns":2},{"damage":47,"enemies":"The Guardian","floor":16,"turns":11},{"damage":33,"enemies":"Shell Parasite","floor":18,"turns":5},{"damage":6,"enemies":"2 Thieves","floor":20,"turns":4},{"damage":67,"enemies":"Slavers","floor":23,"turns":7}],"event_choices":[{"event_name":"The Mausoleum","player_choice":"Yes","floor":19,"damage_taken":0},{"event_name":"Ghosts","player_choice":"Ignored","floor":21,"damage_taken":0},{"event_name":"Transmorgrifier","player_choice":"Transform","floor":22,"damage_taken":0}],"boss_relics":[{"not_picked":["Pandora\u0027s Box","Runic Dome"],"picked":"Runic Pyramid"}],"potions_floor_spawned":[3,4,6,8,16,18],"seed_played":"6709457799438202864","killed_by":"Slavers","ascension_level":4,"is_trial":false}