{"path_per_floor":["M","?","?","$","?","R","E","?","T","M","R","M","M","E","R","B",null,"M","$","?","M","M","E","R","$","T"],"character_chosen":"DEFECT","items_purchased":["Capacitor","Glacier","Deep Breath","Capacitor","Matryoshka"],"gold_per_floor":[109,109,284,87,87,87,123,198,276,294,294,314,338,382,382,502,502,525,324,324,345,359,392,392,89,141,141],"floor_reached":27,"campfire_rested":3,"playtime":1944,"current_hp_per_floor":[75,57,57,57,57,57,41,30,30,25,47,42,40,15,37,10,75,51,51,51,51,21,3,25,25,32,0],"items_purged":["Doubt","Strike_B"],"gold":141,"score":251,"play_id":"250b4bfb-0ebb-4c10-b6b1-43675bafc1f1","local_time":"20180430193827","is_prod":false,"is_daily":false,"chose_seed":false,"is_ascension_mode":true,"campfire_upgraded":1,"timestamp":1525113507,"path_taken":["M","?","?","?","?","R","E","?","T","M","R","M","M","E","R","BOSS","M","$","?","?","M","E","R","$","T","E"],"build_version":"2018-04-27v3","seed_source_timestamp":0,"purchased_purges":2,"victory":false,"master_deck":["Strike_B","Strike_B","Strike_B","Defend_B","Defend_B","Defend_B","Zap","Dualcast","Barrage","Capacitor+1","Glacier","Fusion","Creative AI","Ball Lightning","Chaos","Reprogram","Genetic Algorithm","Seek","Cold Snap","Deep Breath","Barrage","Double Energy+1","Capacitor","Parasite"],"max_hp_per_floor":[75,75,75,75,75,75,75,75,75,75,75,75,75,75,75,75,75,75,75,75,75,75,75,75,75,82,82],"relics":["Cracked Core","Golden Idol","Orichalcum","Tiny Chest","Gremlin Horn","Cursed Key","Anchor","Matryoshka","Pen Nib","Strawberry"],"card_choices":[{"not_picked":["Auto Shields","Beam Cell"],"picked":"Barrage","floor":1.0},{"not_picked":["Streamline","Ball Lightning"],"picked":"Creative AI","floor":7.0},{"not_picked":["Aggregate","Rebound"],"picked":"Ball Lightning","floor":10.0},{"not_picked":["Leap","Ball Lightning"],"picked":"Chaos","floor":12.0},{"not_picked":["Doom and Gloom","Skim"],"picked":"Reprogram","floor":13.0},{"not_picked":["Beam Cell","Blizzard"],"picked":"Genetic Algorithm","floor":14.0},{"not_picked":["Rainbow","Biased Cognition"],"picked":"Seek","floor":16.0},{"not_picked":["Blizzard","Impulse"],"picked":"Cold Snap","floor":18.0},{"not_picked":["Leap","Axe Kick"],"picked":"Barrage","floor":22.0},{"not_picked":["Rebound","Hologram"],"picked":"Double Energy","floor":23.0}],"player_experience":92788,"potions_floor_usage":[27,27,27],"damage_taken":[{"damage":0.0,"enemies":"2 Louse","floor":1.0,"turns":2.0},{"damage":16.0,"enemies":"3 Sentries","floor":7.0,"turns":6.0},{"damage":5.0,"enemies":"Small Slimes","floor":10.0,"turns":4.0},{"damage":5.0,"enemies":"Jaw Worm","floor":12.0,"turns":4.0},{"damage":2.0,"enemies":"Looter","floor":13.0,"turns":2.0},{"damage":25.0,"enemies":"Lagavulin","floor":14.0,"turns":6.0},{"damage":31.0,"enemies":"The Guardian","floor":16.0,"turns":14.0},{"damage":24.0,"enemies":"Chosen","floor":18.0,"turns":6.0},{"damage":0.0,"enemies":"Shell Parasite","floor":21.0,"turns":7.0},{"damage":30.0,"enemies":"Chosen and Byrds","floor":22.0,"turns":8.0},{"damage":18.0,"enemies":"Gremlin Leader","floor":23.0,"turns":9.0},{"damage":38,"enemies":"Slavers","floor":27,"turns":5}],"event_choices":[{"event_name":"Golden Idol","player_choice":"Take Damage","floor":2.0,"damage_taken":0.0},{"event_name":"Liars Game","player_choice":"agreed","floor":3.0,"damage_taken":0.0},{"event_name":"Living Wall","player_choice":"Change","floor":5.0,"damage_taken":0.0},{"event_name":"World of Goop","player_choice":"Gather Gold","floor":8.0,"damage_taken":0.0},{"event_name":"Vampires","player_choice":"Ignored","floor":20.0,"damage_taken":0.0}],"boss_relics":[],"potions_floor_spawned":[1,7,10,14,18,21,22],"seed_played":"2172044295793085237","killed_by":"Slavers","ascension_level":1,"is_trial":false}