{"gold_per_floor":[117,117,129,129,43,74,88,88,88,88,106,126,126,126,126,202,202,184,184,184,199,199,199,199,38,38,49,49,66,66,66,66,66],"floor_reached":33,"playtime":1339,"items_purged":[],"score":442,"play_id":"40f70ec0-3160-4753-a65b-1516385c59f1","local_time":"20190208015701","is_ascension_mode":true,"campfire_choices":[{"data":"Concentrate","floor":8.0,"key":"SMITH"},{"data":"Expertise","floor":10.0,"key":"SMITH"},{"data":"Reflex","floor":15.0,"key":"SMITH"},{"data":"Blade Dance","floor":23,"key":"SMITH"},{"data":"Expertise","floor":30,"key":"SMITH"},{"floor":32,"key":"REST"}],"neow_cost":"NONE","seed_source_timestamp":0,"circlet_count":0,"master_deck":["AscendersBane","Defend_G+1","Defend_G","Defend_G","Strike_G","Strike_G","Strike_G+1","Strike_G","Survivor","Neutralize+1","Escape Plan","Expertise+1","Finesse","Concentrate+1","Accuracy","Reflex+1","Malaise","Underhanded Strike","Terror","Blade Dance+1","Infinite Blades","Expertise+1","Bandage Up","Riddle With Holes"],"special_seed":0,"relics":["Ring of the Snake","NeowsBlessing","Kunai","Vajra","HoveringKite","Meat on the Bone","Nilry\u0027s Codex","Dodecahedron"],"potions_floor_usage":[],"damage_taken":[{"damage":0.0,"enemies":"Small Slimes","floor":1.0,"turns":1.0},{"damage":0.0,"enemies":"Cultist","floor":3.0,"turns":1.0},{"damage":0.0,"enemies":"3 Sentries","floor":6.0,"turns":1.0},{"damage":0.0,"enemies":"Jaw Worm","floor":7.0,"turns":2.0},{"damage":0.0,"enemies":"Looter","floor":11.0,"turns":3.0},{"damage":3.0,"enemies":"Exordium Wildlife","floor":12.0,"turns":5.0},{"damage":21.0,"enemies":"Slime Boss","floor":16.0,"turns":11.0},{"damage":13,"enemies":"2 Thieves","floor":18,"turns":4},{"damage":1,"enemies":"Shell Parasite","floor":21,"turns":3},{"damage":0,"enemies":"Sentry and Sphere","floor":27,"turns":4},{"damage":11,"enemies":"Centurion and Healer","floor":29,"turns":5},{"damage":24,"enemies":"Champ","floor":33,"turns":5}],"seed_played":"-5560566130037835251","potions_obtained":[{"floor":1.0,"key":"SteroidPotion"},{"floor":11.0,"key":"Swift Potion"},{"floor":27,"key":"Ancient Potion"}],"is_trial":false,"path_per_floor":["M","?","M","?","$","E","M","R","T","R","M","M","?","?","R","B",null,"M","?","?","M","T","R","?","$","T","M","$","M","R","?","R","B"],"character_chosen":"THE_SILENT","items_purchased":["Finesse","Expertise","Bandage Up"],"campfire_rested":1,"item_purchase_floors":[5,25,25],"current_hp_per_floor":[63,63,63,49,49,49,49,49,49,49,49,46,69,62,62,41,63,50,50,50,49,49,49,33,33,33,37,37,42,42,29,51,31],"gold":66,"neow_bonus":"THREE_ENEMY_KILL","is_prod":false,"is_daily":false,"chose_seed":false,"campfire_upgraded":5,"win_rate":0,"timestamp":1549591021,"path_taken":["M","?","?","?","$","E","M","R","T","R","M","M","?","?","R","BOSS","M","?","?","M","?","R","?","?","T","M","$","M","R","?","R","BOSS"],"build_version":"2019-02-06","purchased_purges":0,"victory":false,"max_hp_per_floor":[70,70,70,70,70,70,70,70,70,70,70,70,70,70,70,70,70,70,70,70,70,70,70,70,70,70,70,70,70,70,75,75,75],"card_choices":[{"not_picked":["Quick Slash","Bane"],"picked":"Escape Plan","floor":1.0},{"not_picked":["Flying Knee","Sucker Punch"],"picked":"Expertise","floor":3.0},{"not_picked":["Night Terror","Dagger Throw"],"picked":"Concentrate","floor":6.0},{"not_picked":["Sucker Punch","Finisher"],"picked":"Accuracy","floor":7.0},{"not_picked":["Bane","Prepared"],"picked":"Reflex","floor":11.0},{"not_picked":["Sucker Punch","Quick Slash","Tactician"],"picked":"SKIP","floor":12.0},{"not_picked":["Envenom","Wraith Form v2"],"picked":"Malaise","floor":16.0},{"not_picked":["Flechettes","Caltrops"],"picked":"Underhanded Strike","floor":18},{"not_picked":["Prepared","Terror"],"picked":"Infinite Blades","floor":21},{"not_picked":["Flying Knee","Calculated Gamble"],"picked":"Riddle With Holes","floor":27},{"not_picked":["Dagger Throw","Flying Knee+1","Sucker Punch"],"picked":"SKIP","floor":29}],"player_experience":578454,"relics_obtained":[{"floor":6.0,"key":"Kunai"},{"floor":9.0,"key":"Vajra"},{"floor":22,"key":"Meat on the Bone"},{"floor":24,"key":"Nilry\u0027s Codex"},{"floor":26,"key":"Dodecahedron"}],"event_choices":[{"damage_healed":0.0,"max_hp_gain":0.0,"max_hp_loss":0.0,"gold_gain":0.0,"event_name":"Upgrade Shrine","player_choice":"Upgraded","floor":2.0,"gold_loss":0.0,"damage_taken":0.0,"cards_upgraded":["Neutralize"]},{"damage_healed":0.0,"max_hp_gain":0.0,"max_hp_loss":0.0,"gold_gain":0.0,"event_name":"Shining Light","player_choice":"Entered Light","floor":4.0,"gold_loss":0.0,"damage_taken":14.0,"cards_upgraded":["Defend_G","Strike_G"]},{"damage_healed":23.0,"max_hp_gain":0.0,"max_hp_loss":0.0,"gold_gain":0.0,"event_name":"Big Fish","player_choice":"Banana","floor":13.0,"gold_loss":0.0,"damage_taken":0.0},{"cards_removed":["Defend_G"],"damage_healed":0.0,"max_hp_gain":0.0,"max_hp_loss":0.0,"gold_gain":0.0,"event_name":"Golden Wing","player_choice":"Card Removal","floor":14.0,"gold_loss":0.0,"damage_taken":7.0},{"damage_healed":0,"gold_gain":0,"player_choice":"Ignored","damage_taken":0,"max_hp_gain":0,"max_hp_loss":0,"event_name":"Vampires","floor":19,"gold_loss":0},{"damage_healed":0,"gold_gain":0,"cards_transformed":["Defend_G","Strike_G"],"player_choice":"Became Test Subject","damage_taken":0,"max_hp_gain":0,"max_hp_loss":0,"event_name":"Drug Dealer","floor":20,"gold_loss":0,"cards_obtained":["Terror","Blade Dance"]},{"damage_healed":0,"gold_gain":0,"player_choice":"Obtained Book","damage_taken":16,"max_hp_gain":0,"max_hp_loss":0,"event_name":"Cursed Tome","floor":24,"gold_loss":0},{"damage_healed":0,"gold_gain":0,"player_choice":"Shed Blood","damage_taken":18,"max_hp_gain":5,"max_hp_loss":0,"event_name":"Forgotten Altar","floor":31,"gold_loss":0}],"is_beta":true,"boss_relics":[{"not_picked":["Velvet Choker","Orrery"],"picked":"HoveringKite"}],"items_purged_floors":[],"is_endless":false,"potions_floor_spawned":[1,11,27],"killed_by":"Champ","ascension_level":13}