{"path_per_floor":["M","?","?","M","?","E","M","M","T","$","M","E","?","M","R","B",null,"M","?","?","?","?","E","R","E","T","E","M","E","R","M","R","B",null,"M","$","?","?","$","R","E","M","T","?","?","E","R","E","R","B"],"character_chosen":"THE_SILENT","items_purchased":["Apotheosis","Infinite Blades","Panache","Shuriken"],"gold_per_floor":[114,114,114,129,304,334,349,364,364,73,88,118,161,176,176,276,276,291,291,291,206,206,236,236,266,266,296,311,341,341,356,356,456,456,471,289,289,289,39,39,69,84,84,84,427,457,457,487,487,487],"floor_reached":51,"campfire_rested":1,"playtime":3437,"current_hp_per_floor":[70,63,56,56,62,27,29,31,37,37,34,28,25,34,58,55,88,82,82,82,82,82,88,88,88,94,93,86,93,93,91,91,79,100,84,84,84,74,74,74,87,97,103,112,106,108,108,112,112,101],"items_purged":["Doubt"],"gold":487,"score":1117,"play_id":"79f54ff7-6c06-4493-a85b-679a09df213d","local_time":"20180425183327","daily_mods":["Heirloom","Cursed Run","Elite Swarm"],"is_prod":false,"is_daily":true,"chose_seed":false,"is_ascension_mode":false,"campfire_upgraded":0,"timestamp":1524677607,"path_taken":["M","?","?","?","?","E","?","M","T","$","M","E","?","M","R","BOSS","M","?","?","?","?","E","R","E","T","E","M","E","R","M","R","BOSS","M","$","?","?","$","R","E","?","T","?","?","E","R","E","R","BOSS"],"build_version":"2018-04-19","seed_source_timestamp":0,"purchased_purges":1,"victory":true,"master_deck":["Strike_G+1","Survivor+1","Neutralize+1","Endless Agony","Crippling Poison","Venomology","Terror","Well Laid Plans","Pain","Apotheosis+1","Infinite Blades","PiercingWail","Tools of the Trade","Dagger Spray","Parasite","Storm of Steel","Footwork","Cloak And Dagger+1","PiercingWail","Purity","Adrenaline","Adrenaline","Underhanded Strike+1","Venomology","Blur","Clumsy","Night Terror","Bullet Time+1","Burst+1","Dagger Throw+1","Well Laid Plans+1","Panache","Panache","Master of Strategy","Decay","Writhe","Acrobatics","Storm of Steel","Decay"],"max_hp_per_floor":[70,70,70,70,76,76,76,76,82,82,82,82,82,82,82,88,88,88,88,88,88,88,88,88,88,94,94,94,94,94,94,94,100,100,100,100,100,100,100,100,100,100,106,112,112,112,112,112,112,118],"relics":["Cursed Key","Darkstone Periapt","Du-Vu Doll","Bird Faced Urn","Peace Pipe","Blood Vial","Gremlin Horn","Mummified Hand","Whetstone","Orrery","Orichalcum","Anchor","Meat on the Bone","Gambling Chip","Tough Bandages","War Paint","Astrolabe","Shuriken","Regal Pillow","Letter Opener","Old Coin","Kunai","Juzu Bracelet"],"card_choices":[{"not_picked":["All Out Attack","Flying Knee"],"picked":"Endless Agony","floor":1},{"not_picked":["Expertise","Sucker Punch"],"picked":"Crippling Poison","floor":4},{"not_picked":["Phantasmal Killer","A Thousand Cuts"],"picked":"Venomology","floor":6},{"not_picked":["Prepared","Dagger Throw"],"picked":"Terror","floor":7},{"not_picked":["Outmaneuver","Finisher"],"picked":"Well Laid Plans","floor":8},{"not_picked":["Skewer","Prepared"],"picked":"PiercingWail","floor":11},{"not_picked":["Burst","Envenom"],"picked":"Tools of the Trade","floor":12},{"not_picked":["Backstab","Choke"],"picked":"Dagger Spray","floor":13},{"not_picked":["Grand Finale","Die Die Die"],"picked":"Storm of Steel","floor":16},{"not_picked":["Quick Slash","Backflip"],"picked":"Footwork","floor":17},{"not_picked":["Dodge and Roll","Backflip"],"picked":"Cloak And Dagger","floor":17},{"not_picked":["Deadly Poison","Bane"],"picked":"PiercingWail","floor":17},{"not_picked":["Venomology","Tactician"],"picked":"Wraith Form v2","floor":23},{"not_picked":["Wraith Form v2","Tools of the Trade"],"picked":"Adrenaline","floor":25},{"not_picked":["Doppelganger","Envenom"],"picked":"Adrenaline","floor":27},{"not_picked":["Poisoned Stab","Predator"],"picked":"Underhanded Strike","floor":28},{"not_picked":["A Thousand Cuts","Adrenaline"],"picked":"Venomology","floor":29},{"not_picked":["Choke","Dagger Throw"],"picked":"Blur","floor":31},{"not_picked":["Tactician","Glass Knife"],"picked":"Night Terror","floor":33},{"not_picked":["Flying Knee","Backflip"],"picked":"Well Laid Plans","floor":35},{"not_picked":["Dark Shackles","Purity"],"picked":"Panache","floor":38},{"not_picked":["Panacea","Flash of Steel"],"picked":"Master of Strategy","floor":38},{"not_picked":["Quick Slash","Dagger Spray"],"picked":"Acrobatics","floor":45},{"not_picked":["Tactician","Bullet Time"],"picked":"Storm of Steel","floor":48}],"player_experience":70866,"potions_floor_usage":[6,7,12,13,13,14,14,18,23,25,25,28,28,29,29,31,33,33,35,35,35,41,41,42,45,45,46,48,48,48,50,50,50,50,50],"damage_taken":[{"damage":0,"enemies":"Cultist","floor":1,"turns":4},{"damage":0,"enemies":"Small Slimes","floor":4,"turns":4},{"damage":35,"enemies":"Gremlin Nob","floor":6,"turns":7},{"damage":0,"enemies":"Jaw Worm","floor":7,"turns":1},{"damage":0,"enemies":"3 Louse","floor":8,"turns":3},{"damage":9,"enemies":"Looter","floor":11,"turns":4},{"damage":12,"enemies":"3 Sentries","floor":12,"turns":8},{"damage":20,"enemies":"Gremlin Nob","floor":13,"turns":4},{"damage":1,"enemies":"Gremlin Gang","floor":14,"turns":2},{"damage":17,"enemies":"The Guardian","floor":16,"turns":8},{"damage":6,"enemies":"2 Thieves","floor":18,"turns":3},{"damage":1,"enemies":"Gremlin Leader","floor":23,"turns":6},{"damage":0,"enemies":"Book of Stabbing","floor":25,"turns":5},{"damage":8,"enemies":"Slavers","floor":27,"turns":7},{"damage":10,"enemies":"Spheric Guardian","floor":28,"turns":4},{"damage":2,"enemies":"Book of Stabbing","floor":29,"turns":4},{"damage":9,"enemies":"Centurion and Healer","floor":31,"turns":5},{"damage":21,"enemies":"Automaton","floor":33,"turns":9},{"damage":26,"enemies":"Flame Bruiser 1 Orb","floor":35,"turns":4},{"damage":3,"enemies":"Giant Head","floor":41,"turns":5},{"damage":0,"enemies":"3 Darklings","floor":42,"turns":3},{"damage":8,"enemies":"Mysterious Sphere","floor":45,"turns":4},{"damage":4,"enemies":"Nemesis","floor":46,"turns":5},{"damage":0,"enemies":"Giant Head","floor":48,"turns":5},{"damage":23,"enemies":"Time Eater","floor":50,"turns":7}],"event_choices":[{"event_name":"Scrap Ooze","player_choice":"success","floor":2,"damage_taken":7},{"event_name":"Golden Wing","player_choice":"Card Removal","floor":3,"damage_taken":0},{"event_name":"Liars Game","player_choice":"agreed","floor":5,"damage_taken":0},{"event_name":"Dead Adventurer","player_choice":"Searched \u00271\u0027 times","floor":13,"damage_taken":0},{"event_name":"Ghosts","player_choice":"Ignored","floor":19,"damage_taken":0},{"event_name":"Upgrade Shrine","player_choice":"Upgraded","floor":20,"damage_taken":0},{"event_name":"Addict","player_choice":"Obtained Relic","floor":21,"damage_taken":0},{"event_name":"Match and Keep!","player_choice":"1 cards matched","floor":22,"damage_taken":0},{"event_name":"SensoryStone","player_choice":"Memory 3","floor":38,"damage_taken":0},{"event_name":"Winding Halls","player_choice":"Writhe","floor":44,"damage_taken":0},{"event_name":"Mysterious Sphere","player_choice":"Fight","floor":45,"damage_taken":0}],"boss_relics":[{"not_picked":["Snecko Eye","Velvet Choker"],"picked":"Orrery"},{"not_picked":["Runic Dome","Tiny House"],"picked":"Astrolabe"}],"potions_floor_spawned":[1,8,12,13,23,27,28,33,42,46,48],"seed_played":"-2659894328139620276","ascension_level":0,"is_trial":false}