{"gold_per_floor":[119,139,139,155,105,105,129,164,241,241,276,62,62,72,72,170,170,189,114,125,71,89,122,122,141,141,141,151,184,184,184,184,285,285,299,310,325,325,325],"floor_reached":39,"playtime":2723,"items_purged":["Regret"],"score":518,"play_id":"231d17d5-d433-46a7-befb-9eaa88ad3ac3","local_time":"20190202233831","is_ascension_mode":true,"campfire_choices":[{"floor":6,"key":"RECALL"},{"floor":10,"key":"REST"},{"data":"All Out Attack","floor":13,"key":"SMITH"},{"data":"Noxious Fumes","floor":15,"key":"SMITH"},{"floor":24,"key":"REST"},{"floor":27,"key":"REST"},{"floor":30,"key":"REST"},{"floor":32,"key":"REST"}],"neow_cost":"NONE","seed_source_timestamp":29124794712499,"circlet_count":0,"master_deck":["Survivor","Neutralize","Flying Knee","Leg Sweep","All Out Attack+1","Poisoned Stab","Bane","Deadly Poison","Noxious Fumes+1","Heel Hook","Backstab","Footwork","Venomology","Calculated Gamble","Sucker Punch","Noxious Fumes","Calculated Gamble","Noxious Fumes","Accuracy","Venomology","Distraction","Dodge and Roll","Tactician","Noxious Fumes+1","Backflip","Poisoned Stab","Backstab","Deadly Poison","Footwork","Bullet Time","Parasite"],"relics":["Ring of the Snake","Sundial","Oddly Smooth Stone","Dead Branch","Question Card","The Specimen","Pandora\u0027s Box","Art of War","Pen Nib","MutagenicStrength","Busted Crown"],"potions_floor_usage":[8,18,20,22,23,25,25,28,28,28,28,28,28,29,29,33,33,36,36,37,37,39,39],"damage_taken":[{"damage":0,"enemies":"Cultist","floor":1,"turns":3},{"damage":1,"enemies":"2 Louse","floor":2,"turns":2},{"damage":0,"enemies":"Small Slimes","floor":4,"turns":3},{"damage":21,"enemies":"3 Sentries","floor":8,"turns":8},{"damage":13,"enemies":"Gremlin Nob","floor":11,"turns":5},{"damage":4,"enemies":"Blue Slaver","floor":14,"turns":3},{"damage":38,"enemies":"Hexaghost","floor":16,"turns":10},{"damage":6,"enemies":"Spheric Guardian","floor":18,"turns":4},{"damage":14,"enemies":"2 Thieves","floor":20,"turns":4},{"damage":4,"enemies":"Cultist and Chosen","floor":22,"turns":6},{"damage":13,"enemies":"Gremlin Leader","floor":23,"turns":6},{"damage":6,"enemies":"Snake Plant","floor":25,"turns":5},{"damage":9,"enemies":"Centurion and Healer","floor":28,"turns":4},{"damage":42,"enemies":"Slavers","floor":29,"turns":4},{"damage":55,"enemies":"Automaton","floor":33,"turns":8},{"damage":25,"enemies":"Orb Walker","floor":35,"turns":3},{"damage":2,"enemies":"3 Shapes","floor":36,"turns":5},{"damage":11,"enemies":"Writhing Mass","floor":37,"turns":6},{"damage":57,"enemies":"Transient","floor":39,"turns":4}],"seed_played":"-794993232003191932","potions_obtained":[{"floor":4,"key":"FearPotion"},{"floor":16,"key":"Block Potion"},{"floor":20,"key":"Strength Potion"},{"floor":25,"key":"Poison Potion"},{"floor":28,"key":"SkillPotion"},{"floor":35,"key":"Dexterity Potion"},{"floor":37,"key":"Block Potion"}],"is_trial":false,"path_per_floor":["M","M","?","M","?","R","T","E","T","R","E","$","R","M","R","B",null,"M","$","M","$","M","E","R","M","T","R","M","E","R","?","R","B",null,"M","M","M","?","M"],"character_chosen":"THE_SILENT","items_purchased":["Noxious Fumes","Heel Hook","Backstab","Backflip"],"campfire_rested":5,"item_purchase_floors":[12,12,12,21],"current_hp_per_floor":[70,69,69,69,69,69,69,48,48,69,56,56,56,52,52,14,70,64,64,50,50,46,33,54,48,48,69,60,18,39,39,60,5,70,45,58,47,47,0],"gold":325,"neow_bonus":"THREE_CARDS","is_prod":false,"is_daily":false,"chose_seed":false,"campfire_upgraded":2,"win_rate":0,"timestamp":1549147111,"path_taken":["M","?","?","M","?","R","?","E","T","R","E","$","R","M","R","BOSS","M","?","M","$","M","E","R","M","T","R","M","E","R","?","R","BOSS","M","M","M","?","M"],"build_version":"2019-01-23","purchased_purges":1,"victory":false,"max_hp_per_floor":[70,70,70,70,70,70,70,70,70,70,70,70,70,70,70,70,70,70,70,70,70,70,70,70,70,70,70,70,70,70,70,70,70,70,70,70,70,70,70],"card_choices":[{"not_picked":["Eviscerate","Deflect"],"picked":"Flying Knee","floor":0},{"not_picked":["Sucker Punch","Distraction"],"picked":"Leg Sweep","floor":1},{"not_picked":["Eviscerate","Setup"],"picked":"All Out Attack","floor":2},{"not_picked":["Cloak And Dagger","Slice"],"picked":"Poisoned Stab","floor":4},{"not_picked":["Storm of Steel","Outmaneuver"],"picked":"Bane","floor":8},{"not_picked":["Slice","Acrobatics","Dash"],"picked":"Deadly Poison","floor":11},{"not_picked":["Masterful Stab","Riddle With Holes","Setup"],"picked":"Footwork","floor":14},{"not_picked":["Wraith Form v2","Doppelganger","Storm of Steel"],"picked":"Venomology","floor":16},{"not_picked":["PiercingWail","Dagger Spray","Setup+1"],"picked":"Tactician","floor":18},{"not_picked":["Dodge and Roll","Acrobatics","Heel Hook+1"],"picked":"Noxious Fumes+1","floor":20},{"not_picked":["Heel Hook","Accuracy","Well Laid Plans"],"picked":"Poisoned Stab","floor":22},{"not_picked":["PiercingWail","Slice","Backflip"],"picked":"Backstab","floor":23},{"not_picked":["Blade Dance+1","Expertise+1","Flying Knee"],"picked":"Deadly Poison","floor":25},{"not_picked":["Reflex","Slice","Underhanded Strike"],"picked":"Footwork","floor":28},{"not_picked":["Outmaneuver","Skewer","Quick Slash+1","Accuracy"],"picked":"SKIP","floor":29},{"not_picked":["Die Die Die","Adrenaline","After Image"],"picked":"Bullet Time","floor":33},{"not_picked":["Endless Agony+1","Outmaneuver+1"],"picked":"SKIP","floor":35},{"not_picked":["Calculated Gamble+1","Riddle With Holes"],"picked":"SKIP","floor":36},{"not_picked":["Prepared","Setup+1"],"picked":"SKIP","floor":37}],"player_experience":196892,"relics_obtained":[{"floor":7,"key":"Oddly Smooth Stone"},{"floor":8,"key":"Dead Branch"},{"floor":9,"key":"Question Card"},{"floor":11,"key":"The Specimen"},{"floor":23,"key":"Art of War"},{"floor":29,"key":"Pen Nib"}],"event_choices":[{"damage_healed":0,"gold_gain":0,"player_choice":"Box","damage_taken":0,"relics_obtained":["Sundial"],"max_hp_gain":0,"max_hp_loss":0,"event_name":"Big Fish","floor":3,"gold_loss":0,"cards_obtained":["Regret"]},{"cards_removed":["Strike_G"],"damage_healed":0,"gold_gain":0,"player_choice":"Card Removal","damage_taken":0,"max_hp_gain":0,"max_hp_loss":0,"event_name":"The Cleric","floor":5,"gold_loss":50},{"damage_healed":0,"gold_gain":0,"player_choice":"Inject Mutagens","damage_taken":0,"relics_obtained":["MutagenicStrength"],"max_hp_gain":0,"max_hp_loss":0,"event_name":"Drug Dealer","floor":31,"gold_loss":0},{"damage_healed":0,"gold_gain":0,"player_choice":"Ignored","damage_taken":0,"max_hp_gain":0,"max_hp_loss":0,"event_name":"Mysterious Sphere","floor":38,"gold_loss":0}],"is_beta":false,"boss_relics":[{"not_picked":["Cursed Key","WristBlade"],"picked":"Pandora\u0027s Box"},{"not_picked":["Astrolabe","Snecko Eye"],"picked":"Busted Crown"}],"items_purged_floors":[19],"is_endless":false,"potions_floor_spawned":[4,16,20,25,28,35,37],"killed_by":"Transient","ascension_level":3}