{"gold_per_floor":[116,116,126,126,126,151,164,164],"floor_reached":8,"playtime":177,"items_purged":[],"score":134,"play_id":"7c55e29e-9c8d-4e6f-87e4-6ffff07004f4","local_time":"20190202213752","is_ascension_mode":true,"campfire_choices":[],"neow_cost":"NONE","seed_source_timestamp":110246450426047,"circlet_count":0,"master_deck":["AscendersBane","Defend_G+1","Defend_G+1","Defend_G","Defend_G","Strike_G","Strike_G","Strike_G","Strike_G","Strike_G","Survivor","Neutralize","Deadly Poison","Poisoned Stab","Malaise","Dodge and Roll"],"relics":["Ring of the Snake","NeowsBlessing","Question Card","PreservedInsect"],"potions_floor_usage":[],"damage_taken":[{"damage":0,"enemies":"Jaw Worm","floor":1,"turns":1},{"damage":0,"enemies":"2 Louse","floor":3,"turns":1},{"damage":0,"enemies":"3 Sentries","floor":6,"turns":1},{"damage":0,"enemies":"Cultist","floor":7,"turns":3},{"damage":12,"enemies":"Gremlin Gang","floor":8,"turns":4}],"seed_played":"2497657443690637525","potions_obtained":[{"floor":3,"key":"AttackPotion"},{"floor":7,"key":"EssenceOfSteel"}],"is_trial":false,"path_per_floor":["M","?","M","T","?","E","M","M"],"character_chosen":"THE_SILENT","items_purchased":[],"campfire_rested":0,"item_purchase_floors":[],"current_hp_per_floor":[63,56,56,56,42,42,42,30],"gold":164,"neow_bonus":"THREE_ENEMY_KILL","is_prod":false,"is_daily":false,"chose_seed":false,"campfire_upgraded":0,"win_rate":0,"timestamp":1549143472,"path_taken":["M","?","M","?","?","E","M","M"],"build_version":"2019-01-23","purchased_purges":0,"victory":false,"max_hp_per_floor":[70,70,70,70,70,70,70,70],"card_choices":[{"not_picked":["Flying Knee","Dagger Throw"],"picked":"Deadly Poison","floor":1},{"not_picked":["PiercingWail","Slice"],"picked":"Poisoned Stab","floor":3},{"not_picked":["Accuracy","Underhanded Strike","Endless Agony"],"picked":"Malaise","floor":6},{"not_picked":["Blade Dance","Underhanded Strike","Slice"],"picked":"Dodge and Roll","floor":7}],"player_experience":551912,"relics_obtained":[{"floor":4,"key":"Question Card"},{"floor":6,"key":"PreservedInsect"}],"event_choices":[{"cards_removed":["Defend_G"],"damage_healed":0,"gold_gain":0,"player_choice":"Card Removal","damage_taken":7,"max_hp_gain":0,"max_hp_loss":0,"event_name":"Golden Wing","floor":2,"gold_loss":0},{"damage_healed":0,"gold_gain":0,"player_choice":"Entered Light","damage_taken":14,"max_hp_gain":0,"max_hp_loss":0,"event_name":"Shining Light","floor":5,"gold_loss":0,"cards_upgraded":["Defend_G","Defend_G"]}],"is_beta":true,"boss_relics":[],"items_purged_floors":[],"is_endless":false,"potions_floor_spawned":[3,7],"killed_by":"Gremlin Gang","ascension_level":13}