{"gold_per_floor":[113,133,4,4,21,21,52,52,52,83,83,115,129,163,163,235,235,255,255,233,6,19,19,31,31,54,54,71,87,87,117,117,196,196,206,256,271,287,297,297,332,332,332,3,3,22,45,62,62,62,62,62,23,23],"floor_reached":54,"playtime":2786,"items_purged":[],"score":1280,"play_id":"e8eb62a7-00a9-41db-8aec-29f9e8d0f068","local_time":"20190213165902","is_ascension_mode":true,"campfire_choices":[{"data":"Genetic Algorithm","floor":6,"key":"SMITH"},{"floor":8,"key":"REST"},{"floor":11,"key":"REST"},{"floor":15,"key":"REST"},{"data":"Self Repair","floor":23,"key":"SMITH"},{"data":"Capacitor","floor":25,"key":"SMITH"},{"data":"Self Repair","floor":27,"key":"SMITH"},{"data":"Machine Learning","floor":32,"key":"SMITH"},{"floor":40,"key":"RECALL"},{"floor":42,"key":"REST"},{"floor":45,"key":"REST"},{"floor":49,"key":"REST"},{"floor":52,"key":"REST"}],"neow_cost":"NONE","seed_source_timestamp":9119909074281,"circlet_count":0,"master_deck":["AscendersBane","Defend_B","Defend_B","Defend_B","Defend_B","Zap","Dualcast","Go for the Eyes","Consume+1","Capacitor+1","Ball Lightning","Genetic Algorithm+1","Self Repair+1","Core Surge+1","Rebound+1","Self Repair+1","Glacier","Echo Form","Rebound+1","Force Field+1","Force Field+1","Reboot","Sunder+1","Go for the Eyes+1","Machine Learning+1","BootSequence","Electrodynamics","Static Discharge","Coolheaded+1","Loop"],"relics":["Cracked Core","NeowsBlessing","Matryoshka","Boot","Blue Candle","Molten Egg 2","Cables","Bottled Tornado","Astrolabe","TheAbacus","Bottled Flame","Omamori","Pen Nib","Fusion Hammer","Orichalcum","Ornamental Fan","Membership Card","Anchor"],"potions_floor_usage":[7,10,13,14,22,24,33,41,46,50],"damage_taken":[{"damage":0,"enemies":"Cultist","floor":1,"turns":1},{"damage":0,"enemies":"Jaw Worm","floor":2,"turns":1},{"damage":0,"enemies":"2 Louse","floor":5,"turns":1},{"damage":34,"enemies":"3 Sentries","floor":7,"turns":6},{"damage":30,"enemies":"Lagavulin","floor":10,"turns":6},{"damage":39,"enemies":"Gremlin Nob","floor":12,"turns":5},{"damage":9,"enemies":"Lots of Slimes","floor":13,"turns":3},{"damage":10,"enemies":"3 Sentries","floor":14,"turns":2},{"damage":6,"enemies":"The Guardian","floor":16,"turns":13},{"damage":18,"enemies":"Spheric Guardian","floor":18,"turns":4},{"damage":21,"enemies":"2 Thieves","floor":20,"turns":5},{"damage":16,"enemies":"Snake Plant","floor":22,"turns":4},{"damage":22,"enemies":"3 Cultists","floor":24,"turns":5},{"damage":6,"enemies":"Centurion and Healer","floor":28,"turns":10},{"damage":5,"enemies":"Cultist and Chosen","floor":29,"turns":10},{"damage":54,"enemies":"Gremlin Leader","floor":31,"turns":10},{"damage":15,"enemies":"Champ","floor":33,"turns":14},{"damage":18,"enemies":"3 Shapes","floor":35,"turns":7},{"damage":49,"enemies":"3 Darklings","floor":37,"turns":8},{"damage":28,"enemies":"Maw","floor":38,"turns":7},{"damage":18,"enemies":"Sphere and 2 Shapes","floor":39,"turns":6},{"damage":42,"enemies":"Nemesis","floor":41,"turns":9},{"damage":39,"enemies":"Jaw Worm Horde","floor":46,"turns":9},{"damage":12,"enemies":"4 Shapes","floor":48,"turns":7},{"damage":46,"enemies":"Donu and Deca","floor":50,"turns":10},{"damage":71,"enemies":"Shield and Spear","floor":54,"turns":6}],"seed_played":"701783897047816082","potions_obtained":[{"floor":1,"key":"Fire Potion"},{"floor":5,"key":"FocusPotion"},{"floor":12,"key":"Strength Potion"},{"floor":13,"key":"PowerPotion"},{"floor":16,"key":"Strength Potion"},{"floor":20,"key":"Energy Potion"},{"floor":22,"key":"FocusPotion"},{"floor":24,"key":"Weak Potion"},{"floor":33,"key":"SteroidPotion"},{"floor":37,"key":"SpeedPotion"},{"floor":46,"key":"AttackPotion"},{"floor":48,"key":"Ancient Potion"}],"is_trial":false,"path_per_floor":["M","M","$","?","M","R","E","R","T","E","R","E","M","E","R","B",null,"M","?","M","$","M","R","M","R","T","R","M","M","?","E","R","B",null,"M","?","M","M","M","R","E","R","T","$","R","M","T","M","R","B",null,"R","$","E"],"character_chosen":"DEFECT","items_purchased":["Capacitor","Ball Lightning","TheAbacus","Membership Card","Anchor","Static Discharge","Loop"],"campfire_rested":7,"item_purchase_floors":[3,3,21,44,44,44,53],"current_hp_per_floor":[64,64,64,64,64,64,30,51,51,28,49,17,15,5,26,20,58,54,54,47,47,45,45,40,40,40,40,44,71,71,57,57,52,66,71,71,62,71,71,71,39,60,60,60,71,52,52,60,71,25,60,71,71,0],"gold":23,"neow_bonus":"THREE_ENEMY_KILL","is_prod":false,"is_daily":false,"chose_seed":false,"campfire_upgraded":5,"win_rate":0,"timestamp":1550095142,"path_taken":["M","?","$","?","?","R","E","R","T","E","R","E","M","E","R","BOSS","M","?","?","?","M","R","M","R","T","R","M","M","?","E","R","BOSS","M","?","M","M","?","R","E","R","T","$","R","M","?","M","R","BOSS","R","$","E"],"build_version":"2019-01-23","purchased_purges":0,"victory":false,"max_hp_per_floor":[71,71,71,71,71,71,71,71,71,71,71,71,71,71,71,71,71,71,71,71,71,71,71,71,71,71,71,71,71,71,71,71,71,71,71,71,71,71,71,71,71,71,71,71,71,71,71,71,71,71,71,71,71,71],"card_choices":[{"not_picked":["Steam Power","Steam"],"picked":"Go for the Eyes","floor":1},{"not_picked":["Gash","Lockon"],"picked":"Consume","floor":2},{"not_picked":["Beam Cell","White Noise"],"picked":"Genetic Algorithm","floor":5},{"not_picked":["Amplify","Loop"],"picked":"Self Repair","floor":7},{"not_picked":["Blizzard","Chill"],"picked":"Core Surge","floor":10},{"not_picked":["Turbo","Go for the Eyes+1"],"picked":"Rebound+1","floor":12},{"not_picked":["Coolheaded","Gash+1"],"picked":"Self Repair","floor":13},{"not_picked":["Rebound+1","Scrape+1"],"picked":"Glacier","floor":14},{"not_picked":["Creative AI","Meteor Strike+1"],"picked":"Echo Form","floor":16},{"not_picked":["Beam Cell+1","Hologram","Rebound+1"],"picked":"SKIP","floor":18},{"not_picked":["Leap","Gash+1"],"picked":"Sunder+1","floor":20},{"not_picked":["Recycle","Lockon+1"],"picked":"Go for the Eyes+1","floor":22},{"not_picked":["Coolheaded","Scrape+1","Skim"],"picked":"SKIP","floor":24},{"not_picked":["Ball Lightning+1","Steam","Streamline+1"],"picked":"SKIP","floor":28},{"not_picked":["Barrage+1","Conserve Battery"],"picked":"Machine Learning","floor":29},{"not_picked":["Auto Shields","Compile Driver+1"],"picked":"BootSequence","floor":31},{"not_picked":["Creative AI","Echo Form"],"picked":"Electrodynamics","floor":33},{"not_picked":["Scrape+1","Ball Lightning+1","Go for the Eyes+1"],"picked":"SKIP","floor":35},{"not_picked":["Barrage+1","Leap","Go for the Eyes+1"],"picked":"SKIP","floor":37},{"not_picked":["Skim+1","Steam","Reprogram"],"picked":"SKIP","floor":38},{"not_picked":["Reprogram","Compile Driver+1","Aggregate"],"picked":"SKIP","floor":39},{"not_picked":["Redo","Barrage+1","Force Field"],"picked":"SKIP","floor":41},{"not_picked":["Sweeping Beam+1","Streamline+1","Gash+1"],"picked":"SKIP","floor":46},{"not_picked":["Leap+1","Hello World+1"],"picked":"Coolheaded+1","floor":48}],"player_experience":273909,"relics_obtained":[{"floor":7,"key":"Matryoshka"},{"floor":9,"key":"Boot"},{"floor":9,"key":"Blue Candle"},{"floor":10,"key":"Molten Egg 2"},{"floor":12,"key":"Cables"},{"floor":14,"key":"Bottled Tornado"},{"floor":26,"key":"Bottled Flame"},{"floor":26,"key":"Omamori"},{"floor":31,"key":"Pen Nib"},{"floor":41,"key":"Orichalcum"},{"floor":43,"key":"Ornamental Fan"}],"event_choices":[{"damage_healed":0,"gold_gain":0,"player_choice":"Forge","damage_taken":0,"max_hp_gain":0,"max_hp_loss":0,"event_name":"Accursed Blacksmith","floor":4,"gold_loss":0,"cards_upgraded":["Consume"]},{"damage_healed":0,"gold_gain":0,"cards_transformed":["Strike_B"],"player_choice":"Transformed","damage_taken":0,"max_hp_gain":0,"max_hp_loss":0,"event_name":"Transmorgrifier","floor":19,"gold_loss":0,"cards_obtained":["Reboot"]},{"damage_healed":0,"gold_gain":0,"player_choice":"Ignored","damage_taken":0,"max_hp_gain":0,"max_hp_loss":0,"event_name":"Ghosts","floor":30,"gold_loss":0},{"damage_healed":0,"gold_gain":50,"player_choice":"Pray","damage_taken":0,"max_hp_gain":0,"max_hp_loss":0,"event_name":"Golden Shrine","floor":36,"gold_loss":0}],"is_beta":false,"boss_relics":[{"not_picked":["Eternal Feather","Calling Bell"],"picked":"Astrolabe"},{"not_picked":["Empty Cage","Orrery"],"picked":"Fusion Hammer"}],"items_purged_floors":[],"is_endless":false,"potions_floor_spawned":[1,5,12,13,16,20,22,24,29,33,37,38,46,48],"killed_by":"Shield and Spear","ascension_level":17}