{"path_per_floor":["M","M","?","M","M","R","$","R","T","T","R","M","$","M","R","B",null,"M","$","M","?","?","R","M"],"character_chosen":"DEFECT","items_purchased":["Master of Strategy"],"gold_per_floor":[14,34,34,47,65,65,65,65,113,113,113,132,57,77,77,175,175,192,11,28,28,28,28,43,43],"floor_reached":25,"campfire_rested":0,"playtime":1274,"current_hp_per_floor":[75,72,72,71,54,54,54,54,54,54,54,50,50,31,31,2,75,55,55,55,55,75,75,29,0],"items_purged":["Strike_B"],"gold":43,"score":193,"play_id":"3ab91478-2ef2-4de3-87ec-8b826623be25","local_time":"20180503141705","is_prod":false,"is_daily":false,"chose_seed":false,"is_ascension_mode":false,"campfire_upgraded":5,"timestamp":1525382225,"path_taken":["M","M","?","M","M","R","?","R","T","?","R","?","$","M","R","BOSS","M","$","M","?","?","R","M","?"],"build_version":"2018-05-02","seed_source_timestamp":1368247808593449,"purchased_purges":1,"victory":false,"master_deck":["Strike_B","Strike_B","Strike_B","Defend_B","Defend_B","Defend_B","Defend_B","Zap","Dualcast","Fusion+1","Skim","Chaos+1","Reprogram+1","Coolheaded+1","Seek","Skim","Master of Strategy","Coolheaded+1"],"max_hp_per_floor":[75,75,75,75,75,75,75,75,75,75,75,75,75,75,75,75,75,75,75,75,75,75,75,75,75],"relics":["Cracked Core","Dream Catcher","Gremlin Horn","Runic Dome"],"card_choices":[{"not_picked":["Prime","Fission"],"picked":"Fusion","floor":0},{"not_picked":["Sweeping Beam","Chill"],"picked":"Skim","floor":2},{"not_picked":["Melter","Lockon"],"picked":"Chaos","floor":4},{"not_picked":["Auto Shields","Glacier"],"picked":"Reprogram","floor":5},{"not_picked":["Gash","Axe Kick"],"picked":"Coolheaded","floor":14},{"not_picked":["Reboot","Fission"],"picked":"Seek","floor":16},{"not_picked":["Stack","Beam Cell"],"picked":"Skim","floor":18},{"not_picked":["Barrage","Axe Kick"],"picked":"Coolheaded","floor":20}],"player_experience":141693,"potions_floor_usage":[16,16,20],"damage_taken":[{"damage":0,"enemies":"2 Louse","floor":1,"turns":1},{"damage":3,"enemies":"Small Slimes","floor":2,"turns":2},{"damage":1,"enemies":"Cultist","floor":4,"turns":3},{"damage":17,"enemies":"Exordium Thugs","floor":5,"turns":6},{"damage":4,"enemies":"Blue Slaver","floor":12,"turns":3},{"damage":19,"enemies":"Exordium Wildlife","floor":14,"turns":4},{"damage":29,"enemies":"Slime Boss","floor":16,"turns":11},{"damage":20,"enemies":"2 Thieves","floor":18,"turns":4},{"damage":0,"enemies":"Chosen","floor":20,"turns":4},{"damage":46,"enemies":"Slaver and Parasite","floor":24,"turns":8},{"damage":32,"enemies":"Snake Plant","floor":25,"turns":4}],"event_choices":[{"event_name":"Liars Game","player_choice":"disagreed","floor":3,"damage_taken":0},{"event_name":"Beggar","player_choice":"Ignored","floor":21,"damage_taken":0},{"event_name":"The Library","player_choice":"Heal","floor":22,"damage_taken":0}],"boss_relics":[{"not_picked":["Philosopher\u0027s Stone","Calling Bell"],"picked":"Runic Dome"}],"potions_floor_spawned":[12,14,16,18,24],"seed_played":"-5119554917838576769","killed_by":"Snake Plant","ascension_level":0,"is_trial":false}