{"path_per_floor":["M","?","M","M","?","R","?","R","T","M","E","$","M","?","R","B",null,"M","?","$","M","?","R","?","R","T","M","R","M"],"character_chosen":"DEFECT","items_purchased":["Strange Spoon","Skim"],"gold_per_floor":[118,118,131,150,150,150,180,180,180,194,225,11,24,24,24,125,125,143,143,52,68,18,18,18,18,92,105,105,121,121],"floor_reached":30,"campfire_rested":3,"playtime":1014,"current_hp_per_floor":[75,75,73,71,64,64,46,46,46,46,29,29,29,29,51,9,75,49,49,49,18,18,40,40,40,40,10,32,7,0],"items_purged":["Defend_B","Defend_B"],"gold":121,"score":274,"play_id":"398316ee-6aaa-435c-8858-24d7ff60de05","local_time":"20180510160037","is_prod":false,"is_daily":false,"chose_seed":false,"is_ascension_mode":true,"campfire_upgraded":3,"timestamp":1525993237,"path_taken":["M","?","M","M","?","R","?","R","T","?","E","$","M","?","R","BOSS","M","?","$","M","?","R","?","R","T","M","R","M","?"],"build_version":"2018-05-10","seed_source_timestamp":59727924132176,"purchased_purges":3,"victory":false,"master_deck":["Strike_B","Strike_B","Strike_B","Defend_B","Defend_B","Zap+1","Dualcast","Leap","Sunder+1","Chaos+1","Reboot","Skim","Reboot","Regret"],"max_hp_per_floor":[75,75,75,75,75,75,75,75,75,75,75,75,75,75,75,75,75,75,75,75,75,75,75,75,75,75,75,75,75,75],"relics":["Smiling Mask","Tiny Chest","The Courier","Turnip","Strange Spoon","Cursed Key","Nloth\u0027s Gift","Bottled Flame"],"card_choices":[{"not_picked":["Static Discharge","Hologram"],"picked":"Leap","floor":1},{"not_picked":["Hologram","Genetic Algorithm"],"picked":"Sunder","floor":3},{"not_picked":["Rainbow","Nova"],"picked":"Reboot","floor":16},{"not_picked":["Capacitor","Seek"],"picked":"Reboot","floor":21}],"player_experience":201432,"potions_floor_usage":[13,16,18,27,30],"damage_taken":[{"damage":0,"enemies":"Small Slimes","floor":1,"turns":3},{"damage":2,"enemies":"Jaw Worm","floor":3,"turns":5},{"damage":2,"enemies":"2 Louse","floor":4,"turns":2},{"damage":0,"enemies":"2 Fungi Beasts","floor":10,"turns":1},{"damage":17,"enemies":"3 Sentries","floor":11,"turns":6},{"damage":0,"enemies":"Large Slime","floor":13,"turns":3},{"damage":42,"enemies":"The Guardian","floor":16,"turns":9},{"damage":26,"enemies":"Shell Parasite","floor":18,"turns":3},{"damage":31,"enemies":"3 Byrds","floor":21,"turns":4},{"damage":30,"enemies":"Slaver and Parasite","floor":27,"turns":5},{"damage":34,"enemies":"Centurion and Healer","floor":29,"turns":4},{"damage":9,"enemies":"3 Cultists","floor":30,"turns":3}],"event_choices":[{"event_name":"Big Fish","player_choice":"Box","floor":2,"damage_taken":0},{"event_name":"Golden Wing","player_choice":"Card Removal","floor":5,"damage_taken":0},{"event_name":"Scrap Ooze","player_choice":"success","floor":7,"damage_taken":18},{"event_name":"Living Wall","player_choice":"Change","floor":14,"damage_taken":0},{"event_name":"N\u0027loth","player_choice":"Traded a Cracked Core","floor":19,"damage_taken":0},{"event_name":"The Joust","player_choice":"Bet on Murderer","floor":22,"damage_taken":0},{"event_name":"The Mausoleum","player_choice":"No","floor":24,"damage_taken":0}],"boss_relics":[{"not_picked":["Philosopher\u0027s Stone","Runic Pyramid"],"picked":"Cursed Key"}],"potions_floor_spawned":[1,11,13,16,21,29],"seed_played":"-8897095248354284162","killed_by":"3 Cultists","ascension_level":4,"is_trial":false}