{"gold_per_floor":[112,132,142,157,58,91,91,91,118,118,129,158,158,158],"floor_reached":14,"playtime":537,"items_purged":[],"score":175,"play_id":"02ad1960-acc5-4a32-ba3f-25bfe904bca3","local_time":"20190212023509","is_ascension_mode":true,"campfire_choices":[{"data":"Darkness","floor":7,"key":"SMITH"},{"data":"Conserve Battery","floor":10,"key":"SMITH"},{"data":"Hologram","floor":13,"key":"SMITH"}],"neow_cost":"NONE","seed_source_timestamp":1744150621076087,"circlet_count":0,"master_deck":["AscendersBane","Strike_B","Strike_B","Strike_B","Defend_B","Defend_B","Defend_B","Defend_B","Zap+1","Dualcast","Core Surge","Rebound","Ball Lightning","Hologram+1","Cold Snap","Conserve Battery+1","Darkness+1","Leap","BootSequence"],"relics":["Cracked Core","Art of War","PreservedInsect","Smiling Mask"],"potions_floor_usage":[6,6],"damage_taken":[{"damage":1,"enemies":"Cultist","floor":1,"turns":3},{"damage":0,"enemies":"Small Slimes","floor":2,"turns":3},{"damage":1,"enemies":"2 Louse","floor":3,"turns":2},{"damage":0,"enemies":"Blue Slaver","floor":4,"turns":3},{"damage":20,"enemies":"Gremlin Nob","floor":6,"turns":4},{"damage":12,"enemies":"2 Fungi Beasts","floor":11,"turns":2},{"damage":5,"enemies":"Lagavulin","floor":12,"turns":5},{"damage":25,"enemies":"Gremlin Nob","floor":14,"turns":3}],"seed_played":"7350452298967171213","potions_obtained":[{"floor":2,"key":"FocusPotion"},{"floor":3,"key":"Swift Potion"},{"floor":11,"key":"LiquidBronze"}],"is_trial":false,"path_per_floor":["M","M","M","M","$","E","R","?","T","R","M","E","R","E"],"character_chosen":"DEFECT","items_purchased":["Cold Snap","Conserve Battery"],"campfire_rested":0,"item_purchase_floors":[5,5],"current_hp_per_floor":[63,63,62,62,62,42,42,42,42,42,30,25,25,0],"gold":158,"neow_bonus":"TRANSFORM_CARD","is_prod":false,"is_daily":false,"chose_seed":false,"campfire_upgraded":3,"win_rate":0,"timestamp":1549906509,"path_taken":["M","?","M","?","$","E","R","?","T","R","M","E","R","E"],"build_version":"2019-01-23","purchased_purges":0,"victory":false,"max_hp_per_floor":[71,71,71,71,71,71,71,71,71,71,71,71,71,71],"card_choices":[{"not_picked":["Compile Driver","Go for the Eyes"],"picked":"Rebound","floor":1},{"not_picked":["Steam","Rip and Tear"],"picked":"Ball Lightning","floor":2},{"not_picked":["Turbo","Stack"],"picked":"Hologram","floor":3},{"not_picked":["Rebound","Redo","Turbo"],"picked":"SKIP","floor":4},{"not_picked":["Steam Power","Hello World"],"picked":"Darkness","floor":6},{"not_picked":["Go for the Eyes","Force Field"],"picked":"Leap","floor":11},{"not_picked":["Leap","Hologram"],"picked":"BootSequence","floor":12}],"player_experience":973810,"relics_obtained":[{"floor":6,"key":"Art of War"},{"floor":9,"key":"PreservedInsect"},{"floor":12,"key":"Smiling Mask"}],"event_choices":[{"damage_healed":0,"gold_gain":0,"player_choice":"Forge","damage_taken":0,"max_hp_gain":0,"max_hp_loss":0,"event_name":"Accursed Blacksmith","floor":8,"gold_loss":0,"cards_upgraded":["Zap"]}],"is_beta":false,"boss_relics":[],"items_purged_floors":[],"is_endless":false,"potions_floor_spawned":[2,3,11],"killed_by":"Gremlin Nob","ascension_level":15}