{"gold_per_floor":[112,112,129,129,148,148,177,177,177,30,48,66,92,192,192,289,289,300,313,234,246,263,263,230,248,272,272,305,305,305,334,334,435,435,452,465,482,502,502,502,512,529,553,553,553,553,563,581,581,581,581,581,68,100,100],"floor_reached":56,"playtime":3382,"items_purged":[],"score":1336,"play_id":"041b3de4-fbb4-478e-ab0a-2d7dfb2db8da","local_time":"20190205011901","is_ascension_mode":true,"campfire_choices":[{"floor":6,"key":"RECALL"},{"data":"1","floor":8,"key":"LIFT"},{"floor":15,"key":"REST"},{"data":"2","floor":23,"key":"LIFT"},{"data":"3","floor":27,"key":"LIFT"},{"data":"Footwork","floor":32,"key":"SMITH"},{"data":"Footwork","floor":40,"key":"SMITH"},{"floor":44,"key":"REST"},{"floor":49,"key":"REST"},{"data":"Neutralize","floor":52,"key":"SMITH"}],"neow_cost":"NONE","seed_source_timestamp":8240378025212,"circlet_count":0,"master_deck":["Defend_G","Defend_G","Defend_G","Defend_G","Defend_G","Strike_G","Strike_G","Strike_G","Strike_G","Strike_G","Survivor+1","Neutralize+1","Backflip","Noxious Fumes","Poisoned Stab","Terror+1","Footwork+1","PiercingWail+1","Burst+1","Catalyst+1","Deadly Poison+1","Bouncing Flask+1","Leg Sweep+1","All Out Attack","Dodge and Roll+1","Distraction+1","Acrobatics+1","Calculated Gamble+1","Footwork+1","Deadly Poison+1","Escape Plan+1","Blur+1","Burst+1","Footwork+1","Tactician+1","Deadly Poison+1","Distraction+1"],"relics":["Ring of the Snake","Bag of Preparation","Girya","Toxic Egg 2","Bronze Scales","Strawberry","Orrery","Pear","CultistMask","Snake Skull","Velvet Choker","Boot","Torii","TwistedFunnel","Vajra","Happy Flower","Bag of Marbles"],"potions_floor_usage":[18,21,28,28,28,33,37,55],"damage_taken":[{"damage":1,"enemies":"Jaw Worm","floor":1,"turns":4},{"damage":1,"enemies":"Cultist","floor":3,"turns":7},{"damage":0,"enemies":"Small Slimes","floor":5,"turns":3},{"damage":37,"enemies":"Gremlin Nob","floor":7,"turns":5},{"damage":1,"enemies":"Looter","floor":11,"turns":3},{"damage":2,"enemies":"Exordium Thugs","floor":12,"turns":4},{"damage":11,"enemies":"Lagavulin","floor":13,"turns":6},{"damage":14,"enemies":"The Guardian","floor":16,"turns":10},{"damage":9,"enemies":"2 Thieves","floor":18,"turns":5},{"damage":0,"enemies":"3 Byrds","floor":19,"turns":3},{"damage":2,"enemies":"3 Cultists","floor":21,"turns":5},{"damage":2,"enemies":"Snake Plant","floor":22,"turns":5},{"damage":0,"enemies":"Centurion and Healer","floor":25,"turns":10},{"damage":35,"enemies":"Slavers","floor":28,"turns":6},{"damage":5,"enemies":"Book of Stabbing","floor":31,"turns":7},{"damage":39,"enemies":"Collector","floor":33,"turns":8},{"damage":10,"enemies":"3 Shapes","floor":35,"turns":5},{"damage":4,"enemies":"3 Darklings","floor":36,"turns":4},{"damage":2,"enemies":"Sphere and 2 Shapes","floor":37,"turns":6},{"damage":12,"enemies":"4 Shapes","floor":38,"turns":5},{"damage":8,"enemies":"Spire Growth","floor":41,"turns":6},{"damage":17,"enemies":"Sphere and 2 Shapes","floor":42,"turns":7},{"damage":9,"enemies":"4 Shapes","floor":47,"turns":9},{"damage":0,"enemies":"Transient","floor":48,"turns":5},{"damage":39,"enemies":"Time Eater","floor":50,"turns":7},{"damage":31,"enemies":"Shield and Spear","floor":54,"turns":6},{"damage":40,"enemies":"The Heart","floor":55,"turns":9}],"seed_played":"6936391524605885752","potions_obtained":[{"floor":3,"key":"Energy Potion"},{"floor":7,"key":"Explosive Potion"},{"floor":13,"key":"Ancient Potion"},{"floor":16,"key":"Explosive Potion"},{"floor":19,"key":"EssenceOfSteel"},{"floor":22,"key":"Block Potion"},{"floor":28,"key":"Explosive Potion"},{"floor":33,"key":"Energy Potion"},{"floor":35,"key":"GamblersBrew"},{"floor":37,"key":"LiquidBronze"}],"is_trial":false,"path_per_floor":["M","?","M","$","M","R","E","R","T","$","M","M","E","?","R","B",null,"M","M","$","M","M","R","$","M","T","R","E","?","?","E","R","B",null,"M","M","M","M","?","R","M","M","T","R","T","?","M","M","R","B",null,"R","$","E","B",null],"character_chosen":"THE_SILENT","items_purchased":["Bronze Scales","Distraction+1","Footwork","TwistedFunnel","Vajra","Happy Flower"],"campfire_rested":3,"item_purchase_floors":[10,20,24,53,53,53],"current_hp_per_floor":[69,69,68,68,68,68,31,31,31,31,30,28,24,24,47,33,77,68,68,68,66,64,64,64,64,64,64,39,68,68,63,63,24,87,77,73,71,59,59,59,51,34,34,58,58,50,41,41,65,26,83,83,83,52,12],"gold":100,"neow_bonus":"RANDOM_COMMON_RELIC","is_prod":false,"is_daily":false,"chose_seed":false,"campfire_upgraded":3,"win_rate":0,"timestamp":1549325941,"path_taken":["M","?","?","$","M","R","E","R","T","$","M","M","E","?","R","BOSS","M","M","$","?","M","R","$","M","T","R","E","?","?","E","R","BOSS","M","M","M","M","?","R","M","M","T","R","?","?","M","M","R","BOSS","R","$","E","BOSS"],"build_version":"2019-01-23","purchased_purges":0,"victory":true,"max_hp_per_floor":[70,70,70,70,70,70,70,70,70,70,70,70,77,77,77,77,77,77,77,77,77,77,77,77,77,77,77,87,87,87,87,87,87,87,87,87,87,87,83,83,83,83,83,83,83,83,83,83,83,83,83,83,83,83,83],"card_choices":[{"not_picked":["Sucker Punch","Acrobatics"],"picked":"Backflip","floor":1},{"not_picked":["Finisher","Underhanded Strike"],"picked":"Noxious Fumes","floor":3},{"not_picked":["Blade Dance","Backflip"],"picked":"Poisoned Stab","floor":5},{"not_picked":["Blade Dance","Tactician","Endless Agony"],"picked":"SKIP","floor":7},{"not_picked":["Flechettes","Blade Dance+1"],"picked":"Terror+1","floor":11},{"not_picked":["Poisoned Stab","Bouncing Flask+1"],"picked":"Footwork","floor":12},{"not_picked":["Dagger Spray","Caltrops"],"picked":"PiercingWail+1","floor":13},{"not_picked":["Phantasmal Killer+1","Storm of Steel+1"],"picked":"Burst+1","floor":16},{"not_picked":["PiercingWail+1","Prepared+1"],"picked":"Catalyst+1","floor":17},{"not_picked":["Outmaneuver+1","Accuracy"],"picked":"Deadly Poison+1","floor":17},{"not_picked":["Riddle With Holes","Infinite Blades"],"picked":"Bouncing Flask+1","floor":17},{"not_picked":["PiercingWail+1","Dodge and Roll+1"],"picked":"Leg Sweep+1","floor":17},{"not_picked":["Flechettes","Riddle With Holes"],"picked":"All Out Attack","floor":17},{"not_picked":["Deflect+1","Slice"],"picked":"Dodge and Roll+1","floor":18},{"not_picked":["Bouncing Flask+1","Acrobatics+1","Wraith Form v2"],"picked":"SKIP","floor":19},{"not_picked":["PiercingWail+1","Flying Knee"],"picked":"Acrobatics+1","floor":21},{"not_picked":["Bane","Dodge and Roll+1"],"picked":"Calculated Gamble+1","floor":22},{"not_picked":["PiercingWail+1","Caltrops"],"picked":"Deadly Poison+1","floor":25},{"not_picked":["Deadly Poison+1","Die Die Die"],"picked":"Escape Plan+1","floor":28},{"not_picked":["Envenom","PiercingWail+1"],"picked":"Blur+1","floor":31},{"not_picked":["Night Terror+1","Glass Knife"],"picked":"Burst+1","floor":33},{"not_picked":["Infinite Blades","Dash","Poisoned Stab+1"],"picked":"SKIP","floor":35},{"not_picked":["Dodge and Roll+1","Acrobatics+1"],"picked":"Footwork+1","floor":36},{"not_picked":["Blade Dance+1","PiercingWail+1","Riddle With Holes+1"],"picked":"SKIP","floor":37},{"not_picked":["Infinite Blades","Heel Hook"],"picked":"Tactician+1","floor":38},{"not_picked":["Finisher","Accuracy+1","Escape Plan+1"],"picked":"SKIP","floor":41},{"not_picked":["Dagger Spray+1","Choke"],"picked":"Deadly Poison+1","floor":42},{"not_picked":["Flying Knee+1","Dagger Throw"],"picked":"Distraction+1","floor":47},{"not_picked":["Underhanded Strike+1","Dagger Spray","Caltrops"],"picked":"SKIP","floor":48},{"not_picked":["Backflip+1","Slice+1","Crippling Poison+1"],"picked":"SKIP","floor":54}],"player_experience":212130,"relics_obtained":[{"floor":7,"key":"Girya"},{"floor":9,"key":"Toxic Egg 2"},{"floor":13,"key":"Strawberry"},{"floor":28,"key":"Pear"},{"floor":31,"key":"Snake Skull"},{"floor":43,"key":"Boot"},{"floor":45,"key":"Torii"},{"floor":54,"key":"Bag of Marbles"}],"event_choices":[{"damage_healed":0,"gold_gain":0,"player_choice":"Forge","damage_taken":0,"max_hp_gain":0,"max_hp_loss":0,"event_name":"Accursed Blacksmith","floor":2,"gold_loss":0,"cards_upgraded":["Survivor"]},{"damage_healed":0,"gold_gain":100,"player_choice":"Pray","damage_taken":0,"max_hp_gain":0,"max_hp_loss":0,"event_name":"Golden Shrine","floor":14,"gold_loss":0},{"damage_healed":29,"gold_gain":0,"player_choice":"Heal","damage_taken":0,"max_hp_gain":0,"max_hp_loss":0,"event_name":"The Library","floor":29,"gold_loss":0},{"damage_healed":0,"gold_gain":0,"player_choice":"Trade","damage_taken":0,"relics_obtained":["CultistMask"],"max_hp_gain":0,"max_hp_loss":0,"event_name":"FaceTrader","floor":30,"gold_loss":0},{"damage_healed":0,"gold_gain":0,"player_choice":"Max HP","damage_taken":0,"max_hp_gain":0,"max_hp_loss":4,"event_name":"Winding Halls","floor":39,"gold_loss":0},{"damage_healed":0,"gold_gain":0,"player_choice":"Damaged","damage_taken":8,"max_hp_gain":0,"max_hp_loss":0,"event_name":"Wheel of Change","floor":46,"gold_loss":0}],"is_beta":false,"boss_relics":[{"not_picked":["Empty Cage","Lizard Tail"],"picked":"Orrery"},{"not_picked":["White Beast Statue","Snecko Eye"],"picked":"Velvet Choker"}],"items_purged_floors":[],"is_endless":false,"potions_floor_spawned":[3,7,13,16,19,22,28,33,35,37],"ascension_level":3}