{"gold_per_floor":[113,113,130,141,6,37,56,56,56,56],"floor_reached":10,"playtime":846,"items_purged":[],"score":112,"play_id":"64e438fc-b600-4a32-bfbf-47e313afebd8","local_time":"20190210203622","is_ascension_mode":true,"campfire_choices":[{"floor":8,"key":"REST"}],"neow_cost":"TEN_PERCENT_HP_LOSS","seed_source_timestamp":344242408119222,"circlet_count":0,"master_deck":["AscendersBane","Defend_G","Defend_G","Defend_G","Defend_G","Defend_G","Strike_G","Strike_G","Strike_G","Strike_G","Strike_G","Survivor","Neutralize","Tools of the Trade+1","Dodge and Roll","PiercingWail","Reflex","Reflex","Catalyst","Eviscerate","Underhanded Strike"],"relics":["Ring of the Snake","Omamori","Toxic Egg 2"],"potions_floor_usage":[6,6,7],"damage_taken":[{"damage":0,"enemies":"2 Louse","floor":1,"turns":5},{"damage":8,"enemies":"Cultist","floor":3,"turns":6},{"damage":0,"enemies":"Small Slimes","floor":4,"turns":3},{"damage":24,"enemies":"3 Sentries","floor":6,"turns":14},{"damage":28,"enemies":"Exordium Thugs","floor":7,"turns":11},{"damage":57,"enemies":"Gremlin Nob","floor":10,"turns":6}],"seed_played":"-9055733942019198","potions_obtained":[{"floor":3,"key":"Regen Potion"},{"floor":4,"key":"AttackPotion"},{"floor":6,"key":"Regen Potion"}],"is_trial":false,"path_per_floor":["M","?","M","M","$","E","M","R","T","E"],"character_chosen":"THE_SILENT","items_purchased":["Reflex","Catalyst"],"campfire_rested":1,"item_purchase_floors":[5,5],"current_hp_per_floor":[63,63,55,55,55,46,33,51,51,0],"gold":56,"neow_bonus":"THREE_RARE_CARDS","is_prod":false,"is_daily":false,"chose_seed":false,"campfire_upgraded":0,"win_rate":0,"timestamp":1549830982,"path_taken":["M","?","?","M","$","E","M","R","T","E"],"build_version":"2019-02-06","purchased_purges":0,"victory":false,"max_hp_per_floor":[63,63,63,63,63,63,63,63,63,63],"card_choices":[{"not_picked":["Unload","Grand Finale"],"picked":"Tools of the Trade","floor":0},{"not_picked":["Poisoned Stab","Heel Hook"],"picked":"Dodge and Roll","floor":1},{"not_picked":["Cloak And Dagger","Poisoned Stab"],"picked":"PiercingWail","floor":3},{"not_picked":["Dodge and Roll","Flying Knee"],"picked":"Reflex","floor":4},{"not_picked":["Bane","Quick Slash"],"picked":"Eviscerate","floor":6},{"not_picked":["Flying Knee","Dodge and Roll"],"picked":"Underhanded Strike","floor":7}],"player_experience":589193,"relics_obtained":[{"floor":6,"key":"Omamori"},{"floor":9,"key":"Toxic Egg 2"}],"event_choices":[{"damage_healed":0,"gold_gain":0,"player_choice":"Upgraded","damage_taken":0,"max_hp_gain":0,"max_hp_loss":0,"event_name":"Upgrade Shrine","floor":2,"gold_loss":0,"cards_upgraded":["Tools of the Trade"]}],"is_beta":true,"boss_relics":[],"items_purged_floors":[],"is_endless":false,"potions_floor_spawned":[3,4,6],"killed_by":"Gremlin Nob","ascension_level":13}