{"gold_per_floor":[109,109,121,141,141,66,100,100,180,180,80,90,90,101,101,201,201,214,234,246,246,171,171,181,181],"floor_reached":25,"playtime":865,"items_purged":["Pain","Strike_R"],"score":203,"play_id":"f6108b94-cc50-4bca-8ddd-37c95e96452f","local_time":"20181110012629","is_ascension_mode":false,"campfire_choices":[{"data":"Disarm","floor":10,"key":"SMITH"},{"data":"Seeing Red","floor":13,"key":"SMITH"},{"data":"Demon Form","floor":15,"key":"SMITH"},{"floor":23,"key":"REST"}],"neow_cost":"TEN_PERCENT_HP_LOSS","seed_source_timestamp":167086497467074,"circlet_count":0,"master_deck":["Strike_R","Strike_R","Defend_R","Defend_R","Defend_R","Bash","Seeing Red+1","Searing Blow","Disarm+1","Demon Form+1","Intimidate","Pummel","Demon Form","Warcry","Corruption","Sentinel","RitualDagger","Inflame"],"relics":["Black Blood","WarpedTongs","Letter Opener","Anchor","Torii","Paper Frog"],"potions_floor_usage":[7,20,20,24],"damage_taken":[{"damage":0,"enemies":"2 Louse","floor":1,"turns":3},{"damage":4,"enemies":"Cultist","floor":3,"turns":3},{"damage":4,"enemies":"Small Slimes","floor":4,"turns":3},{"damage":36,"enemies":"3 Sentries","floor":7,"turns":9},{"damage":0,"enemies":"3 Louse","floor":12,"turns":2},{"damage":1,"enemies":"Looter","floor":14,"turns":3},{"damage":15,"enemies":"The Guardian","floor":16,"turns":9},{"damage":10,"enemies":"Chosen","floor":18,"turns":6},{"damage":13,"enemies":"Shell Parasite","floor":19,"turns":6},{"damage":60,"enemies":"3 Cultists","floor":20,"turns":6},{"damage":23,"enemies":"Sentry and Sphere","floor":24,"turns":5},{"damage":33,"enemies":"Gremlin Leader","floor":25,"turns":2}],"seed_played":"-241375347338227202","potions_obtained":[{"floor":1,"key":"Strength Potion"},{"floor":7,"key":"AttackPotion"},{"floor":12,"key":"BloodPotion"},{"floor":16,"key":"Swift Potion"},{"floor":18,"key":"SpeedPotion"},{"floor":20,"key":"Swift Potion"}],"is_trial":false,"path_per_floor":["M","?","M","M","T","$","E","?","T","R","$","M","R","M","R","B",null,"M","M","M","?","?","R","M","E"],"character_chosen":"IRONCLAD","items_purchased":[],"campfire_rested":1,"item_purchase_floors":[],"current_hp_per_floor":[72,72,72,72,72,72,42,42,42,42,42,48,48,53,53,44,72,72,69,26,20,20,41,28,0],"gold":181,"neow_bonus":"REMOVE_TWO","is_prod":false,"is_daily":false,"chose_seed":false,"campfire_upgraded":3,"win_rate":0,"timestamp":1541813189,"path_taken":["M","?","M","?","?","$","E","?","T","R","$","M","R","M","R","BOSS","M","M","M","?","?","R","M","E"],"build_version":"2018-11-08","purchased_purges":2,"victory":false,"max_hp_per_floor":[72,72,72,72,72,72,72,72,72,72,72,72,72,72,72,72,72,72,72,72,72,72,72,72,72],"card_choices":[{"not_picked":["Blood for Blood","Armaments"],"picked":"Seeing Red","floor":1},{"not_picked":["Havoc","Rage"],"picked":"Searing Blow","floor":3},{"not_picked":["Dropkick","Shrug It Off"],"picked":"Disarm","floor":4},{"not_picked":["Clothesline","Ghostly Armor"],"picked":"Demon Form","floor":7},{"not_picked":["Twin Strike","Body Slam"],"picked":"Intimidate","floor":12},{"not_picked":["Wild Strike","Iron Wave"],"picked":"Pummel","floor":14},{"not_picked":["Impervious","Juggernaut"],"picked":"Demon Form","floor":16},{"not_picked":["Dropkick","Heavy Blade"],"picked":"Warcry","floor":18},{"not_picked":["Uppercut","Wild Strike+1"],"picked":"Corruption","floor":19},{"not_picked":["Pommel Strike","Uppercut+1"],"picked":"Sentinel","floor":20},{"not_picked":["Rupture+1","Sever Soul"],"picked":"Inflame","floor":24}],"player_experience":293692,"relics_obtained":[{"floor":5,"key":"Letter Opener"},{"floor":7,"key":"Anchor"},{"floor":9,"key":"Paper Frog"}],"event_choices":[{"damage_healed":0,"gold_gain":0,"player_choice":"Rummage","damage_taken":0,"relics_obtained":["WarpedTongs"],"max_hp_gain":0,"max_hp_loss":0,"event_name":"Accursed Blacksmith","floor":2,"gold_loss":0,"cards_obtained":["Pain"]},{"damage_healed":0,"gold_gain":0,"player_choice":"Gave Potion","damage_taken":0,"relics_obtained":["Torii"],"max_hp_gain":0,"max_hp_loss":0,"event_name":"WeMeetAgain","floor":8,"gold_loss":0},{"damage_healed":0,"gold_gain":0,"player_choice":"Joined the Cult","damage_taken":6,"max_hp_gain":0,"max_hp_loss":0,"event_name":"Nest","floor":21,"gold_loss":0,"cards_obtained":["RitualDagger"]},{"cards_removed":["Strike_R"],"damage_healed":0,"gold_gain":0,"player_choice":"Gave Gold","damage_taken":0,"max_hp_gain":0,"max_hp_loss":0,"event_name":"Beggar","floor":22,"gold_loss":75}],"is_beta":true,"boss_relics":[{"not_picked":["Black Star","Coffee Dripper"],"picked":"Black Blood"}],"items_purged_floors":[6,11],"is_endless":false,"potions_floor_spawned":[1,7,12,16,18,19,20],"killed_by":"Gremlin Leader","ascension_level":0}