{"path_per_floor":["M","?","?","M","M","M","E","M","T","?","E","M","M","M","R","B",null,"M","M","$","?","?","E","R","?","T","R","?","R","M","M","R","B",null,"M","M","$","?","?","R","E","R","T","E","?","M","T","E","R","B"],"character_chosen":"IRONCLAD","items_purchased":["Apotheosis","Kunai"],"gold_per_floor":[119,119,119,134,144,155,184,200,278,278,311,325,341,357,357,454,454,470,484,233,233,262,289,289,289,289,289,204,204,215,234,234,338,338,356,372,18,240,240,240,275,275,300,328,328,338,338,367,367,367],"floor_reached":51,"campfire_rested":0,"playtime":4336,"current_hp_per_floor":[83,83,83,87,91,92,72,80,80,73,67,73,79,89,89,43,111,111,112,112,112,115,115,115,115,115,115,115,115,119,119,119,102,126,126,126,126,126,110,110,126,126,126,107,107,108,108,68,68,122],"items_purged":["Clash","Pain"],"gold":367,"score":640,"play_id":"ff2a808c-8653-445d-8596-93308a4dd799","is_prod":false,"is_daily":false,"is_ascension_mode":false,"campfire_upgraded":8,"path_taken":["M","?","?","?","M","M","E","M","T","?","E","M","M","M","R","BOSS","M","M","$","?","?","E","R","?","T","R","?","R","M","M","R","BOSS","M","M","$","?","?","R","E","R","T","E","?","M","?","E","R","BOSS"],"build_version":"2018-02-19-BETA1","purchased_purges":2,"victory":true,"master_deck":["Strike_R","Strike_R","Strike_R","Strike_R","Strike_R","Defend_R","Defend_R","Defend_R","Defend_R","Bash","Feed+1","Searing Blow+5","Pommel Strike","Uppercut","Flame Barrier","Demon Form","Armaments+1","Intimidate","Perfected Strike+1","Reaper+1","Perfected Strike+1","Apotheosis","Shockwave","Searing Blow+4","Feed+1","Parasite","Decay","Cleave+1","Madness","Madness","Clothesline+1","Entrench+1"],"max_hp_per_floor":[83,83,83,87,91,95,95,99,99,99,103,107,107,111,111,111,111,115,115,115,115,115,115,115,115,115,115,115,115,119,119,119,119,126,126,126,126,126,126,126,126,126,126,126,126,126,126,130,130,134],"relics":["Burning Blood","Bronze Scales","Pantograph","Molten Egg 2","Juzu Bracelet","Snecko Eye","Red Mask","Happy Flower","Gambling Chip","Vajra","Calling Bell","Orichalcum","Strawberry","Magic Flower","Kunai","Ornamental Fan","Bag of Marbles","Ancient Tea Set","Gremlin Horn","Bottled Tornado"],"card_choices":[{"not_picked":["Impervious","Berserk"],"picked":"Feed"},{"not_picked":["Flex","Intimidate"],"picked":"Searing Blow"},{"not_picked":["Blood for Blood","Searing Blow"],"picked":"Clash"},{"not_picked":["Perfected Strike","Anger"],"picked":"Pommel Strike"},{"not_picked":["Fire Breathing","Sever Soul"],"picked":"Uppercut"},{"not_picked":["Pommel Strike","Blood for Blood"],"picked":"Flame Barrier"},{"not_picked":["Thunderclap","Double Tap"],"picked":"Demon Form"},{"not_picked":["Reckless Charge","Feel No Pain"],"picked":"Armaments"},{"not_picked":["Iron Wave","Flex"],"picked":"Intimidate"},{"not_picked":["Feel No Pain","Pommel Strike"],"picked":"Perfected Strike"},{"not_picked":["Double Tap","Barricade"],"picked":"Reaper"},{"not_picked":["Bloodletting","Flex"],"picked":"Perfected Strike"},{"not_picked":["Pommel Strike","Anger"],"picked":"Feed"},{"not_picked":["Perfected Strike","True Grit"],"picked":"Cleave"},{"not_picked":["Iron Wave","Dark Embrace"],"picked":"Clothesline"},{"not_picked":["Iron Wave","Reckless Charge"],"picked":"Blood for Blood"},{"not_picked":["Pommel Strike","Offering"],"picked":"Entrench"}],"player_experience":4753,"potions_floor_usage":[11,12,30,35,36,44,46,50,50],"damage_taken":[{"damage":6,"enemies":"Small Slimes","floor":1,"turns":3},{"damage":1,"enemies":"Cultist","floor":4,"turns":3},{"damage":0,"enemies":"2 Louse","floor":5,"turns":3},{"damage":9,"enemies":"Exordium Wildlife","floor":6,"turns":4},{"damage":26,"enemies":"Lagavulin","floor":7,"turns":6},{"damage":2,"enemies":"Blue Slaver","floor":8,"turns":3},{"damage":16,"enemies":"Gremlin Nob","floor":11,"turns":5},{"damage":4,"enemies":"Gremlin Gang","floor":12,"turns":4},{"damage":0,"enemies":"3 Louse","floor":13,"turns":2},{"damage":0,"enemies":"Large Slime","floor":14,"turns":5},{"damage":74,"enemies":"Hexaghost","floor":16,"turns":9},{"damage":10,"enemies":"3 Byrds","floor":18,"turns":3},{"damage":5,"enemies":"Spheric Guardian","floor":19,"turns":3},{"damage":12,"enemies":"Masked Bandits","floor":22,"turns":3},{"damage":0,"enemies":"Gremlin Leader","floor":23,"turns":6},{"damage":6,"enemies":"Snecko","floor":30,"turns":4},{"damage":0,"enemies":"3 Cultists","floor":31,"turns":2},{"damage":23,"enemies":"Champ","floor":33,"turns":5},{"damage":0,"enemies":"Flame Bruiser 1 Orb","floor":35,"turns":2},{"damage":14,"enemies":"3 Darklings","floor":36,"turns":5},{"damage":10,"enemies":"Giant Head","floor":41,"turns":6},{"damage":28,"enemies":"Nemesis","floor":44,"turns":5},{"damage":8,"enemies":"Flame Bruiser 2 Orb","floor":46,"turns":2},{"damage":55,"enemies":"2 Orb Walkers","floor":48,"turns":4},{"damage":70,"enemies":"Donu and Deca","floor":50,"turns":7}],"event_choices":[{"event_name":"Fountain of Cleansing","player_choice":"Removed Curse","floor":2,"damage_taken":0},{"event_name":"Living Wall","player_choice":"Grow","floor":3,"damage_taken":0},{"event_name":"Scrap Ooze","player_choice":"success","floor":10,"damage_taken":7},{"event_name":"The Library","player_choice":"Read","floor":21,"damage_taken":0},{"event_name":"Masked Bandits","player_choice":"Fought over 233 gold","floor":22,"damage_taken":0},{"event_name":"Duplicator","player_choice":"One dupe","floor":25,"damage_taken":0},{"event_name":"Addict","player_choice":"Obtained Relic","floor":28,"damage_taken":0},{"event_name":"Tomb of Lord Red Mask","player_choice":"Wore Mask","floor":38,"damage_taken":0},{"event_name":"Winding Halls","player_choice":"Embrace Madness","floor":39,"damage_taken":0}],"boss_relics":[{"not_picked":["Question Card","Philosopher\u0027s Stone"],"picked":"Snecko Eye"},{"not_picked":["Runic Pyramid","Tiny House"],"picked":"Calling Bell"}],"potions_floor_spawned":[4,6,8,11,16,18,19,23,33,35,41,46],"seed_played":"4601973067348343565","ascension_level":0,"is_trial":false}