{"gold_per_floor":[150,207,207,243,273,372,372,372],"floor_reached":8,"playtime":714,"items_purged":[],"score":320,"play_id":"c8aea821-329d-4597-bd83-c971c0539a17","local_time":"20180711200840","daily_mods":["Draft","Diverse","Brewmaster","Heirloom","Insanity","Specialized","Allstar","Cursed Run","Midas","Time Dilation","Elite Swarm","Uncertain Future","Lethality","Binary","Night Terrors","Terminal","Vintage","Hoarder"],"is_ascension_mode":true,"campfire_choices":[{"floor":7,"key":"REST"}],"neow_cost":"","seed_source_timestamp":0,"circlet_count":0,"master_deck":["Zap","Stack","Capacitor","Force Field","Scrape","Conserve Battery","Strike_B","Multi-Cast","Undo","Ball Lightning","Electrodynamics","Double Energy","Chill","Genetic Algorithm","Creative AI","Creative AI","Lockon","Stack","Redo","Skim","Consume","Loop","Multi-Cast","Gash","Doom and Gloom","Amplify","Skim","Echo Form","Reprogram","BootSequence","Fusion","Chill","Amplify","Genetic Algorithm","Strike_B","Biased Cognition","Turbo","Lockon","Turbo","Creative AI","Compile Driver","Thunder Strike","Glacier","All For One","Reprogram","Multi-Cast","Chill","Creative AI","Coolheaded","Amplify","Demon Form","Wraith Form v2","Echo Form","AscendersBane","BootSequence","BootSequence","BootSequence","Genetic Algorithm","Genetic Algorithm","Genetic Algorithm","Armaments","Armaments","Armaments","Quick Slash","Quick Slash","Quick Slash","Shrug It Off","Shrug It Off","Shrug It Off","Rupture","Rupture","Rupture","Defragment","Defragment","Defragment","Headbutt","Headbutt","Headbutt","Dash","Dash","Dash","Tempest","Tempest","Tempest","Well Laid Plans","Well Laid Plans","Well Laid Plans","Well Laid Plans","Well Laid Plans","Well Laid Plans","Prepared","Prepared","Prepared","Go for the Eyes","Go for the Eyes","Go for the Eyes","Fusion","Fusion","Fusion"],"relics":["Snecko Eye","Unceasing Top","Busted Crown","Bird Faced Urn","White Beast Statue","Omamori","Cables","Blood Vial","Molten Egg 2","Bottled Tornado"],"potions_floor_usage":[8],"damage_taken":[{"damage":0,"enemies":"2 Louse","floor":1,"turns":3},{"damage":0,"enemies":"Small Slimes","floor":2,"turns":2},{"damage":0,"enemies":"Cultist","floor":4,"turns":4},{"damage":0,"enemies":"Exordium Wildlife","floor":5,"turns":2},{"damage":0,"enemies":"3 Sentries","floor":6,"turns":5},{"damage":15,"enemies":"Lagavulin","floor":8,"turns":4}],"seed_played":"43250217212","potions_obtained":[{"floor":1,"key":"SpeedPotion"},{"floor":2,"key":"Block Potion"}],"is_trial":true,"path_per_floor":["M","M","?","M","M","E","R"],"character_chosen":"DEFECT","items_purchased":[],"campfire_rested":1,"item_purchase_floors":[],"current_hp_per_floor":[1,1,5,4,3,2,1,0],"gold":372,"neow_bonus":"","is_prod":false,"is_daily":false,"chose_seed":true,"campfire_upgraded":0,"win_rate":0,"timestamp":1531336120,"path_taken":["M","M","?","?","M","E","R","E"],"build_version":"2018-07-10","purchased_purges":0,"victory":false,"max_hp_per_floor":[1,1,5,4,3,2,1,1],"card_choices":[{"not_picked":["Bane","Entrench"],"picked":"BootSequence","floor":0},{"not_picked":["Darkness","Evolve"],"picked":"Genetic Algorithm","floor":0},{"not_picked":["Clash","Hello World"],"picked":"Armaments","floor":0},{"not_picked":["Perfected Strike","Deadly Poison"],"picked":"Quick Slash","floor":0},{"not_picked":["Barrage","Cloak And Dagger"],"picked":"Shrug It Off","floor":0},{"not_picked":["Backflip","Blizzard"],"picked":"Rupture","floor":0},{"not_picked":["Compile Driver","Whirlwind"],"picked":"Defragment","floor":0},{"not_picked":["Dodge and Roll","Iron Wave"],"picked":"Headbutt","floor":0},{"not_picked":["Sucker Punch","Heatsinks"],"picked":"Dash","floor":0},{"not_picked":["BootSequence","Redo"],"picked":"Tempest","floor":0},{"not_picked":["Flying Knee","Sweeping Beam"],"picked":"Well Laid Plans","floor":0},{"not_picked":["Searing Blow","Coolheaded"],"picked":"Well Laid Plans","floor":0},{"not_picked":["Anger","Perfected Strike"],"picked":"Prepared","floor":0},{"not_picked":["Anger","Sword Boomerang"],"picked":"Go for the Eyes","floor":0},{"not_picked":["Flying Knee","Steam"],"picked":"Fusion","floor":0}],"player_experience":277618,"relics_obtained":[{"floor":1,"key":"Omamori"},{"floor":2,"key":"Cables"},{"floor":4,"key":"Blood Vial"},{"floor":5,"key":"Molten Egg 2"},{"floor":6,"key":"Bottled Tornado"}],"event_choices":[{"event_name":"Big Fish","player_choice":"Donut","floor":3,"damage_taken":0}],"boss_relics":[],"items_purged_floors":[],"is_endless":true,"potions_floor_spawned":[1,2,4,5,6],"killed_by":"Lagavulin","ascension_level":15}