{"path_per_floor":["M","?","T","?","M","R","E","R","T","E","$","M","M","M","R","B",null,"M","$","?","M","?","M","?","$","T"],"character_chosen":"DEFECT","items_purchased":["Finesse","Finesse"],"gold_per_floor":[14,14,38,38,58,58,86,86,86,117,17,31,49,69,69,171,171,184,38,38,49,49,68,68,18,18,18],"floor_reached":27,"campfire_rested":2,"playtime":974,"current_hp_per_floor":[74,79,79,63,63,63,37,61,61,60,60,49,25,25,52,20,90,60,60,60,27,27,18,18,18,18,0],"items_purged":["Clumsy","Decay"],"gold":18,"score":246,"play_id":"c317688d-c4b2-41d0-b1f4-285ef00c507a","local_time":"20180504143252","is_prod":false,"is_daily":false,"chose_seed":false,"is_ascension_mode":false,"campfire_upgraded":1,"timestamp":1525469572,"path_taken":["M","?","?","?","M","R","E","R","T","E","?","M","M","M","R","BOSS","M","$","?","M","?","M","?","?","T","M"],"build_version":"2018-05-03","seed_source_timestamp":1455800420716604,"purchased_purges":2,"victory":false,"master_deck":["Strike_B+1","Strike_B+1","Strike_B","Strike_B","Defend_B","Defend_B","Defend_B","Defend_B","Zap+1","Dualcast","Thunder Strike","Finesse","Tempest","Thunder Strike","Finesse"],"max_hp_per_floor":[75,80,80,80,80,80,80,80,80,90,90,90,90,90,90,90,90,92,92,92,94,94,96,96,96,96,96],"relics":["Cracked Core","Omamori","Lantern","Bottled Lightning","Pear","Calling Bell","Singing Bowl","Smiling Mask","Dead Branch","Meat on the Bone"],"card_choices":[{"not_picked":["Fusion","Machine Learning"],"picked":"Thunder Strike","floor":0},{"not_picked":["Hello World","Coolheaded"],"picked":"Tempest","floor":13},{"not_picked":["Reboot","Seek"],"picked":"Thunder Strike","floor":16}],"player_experience":151408,"potions_floor_usage":[10,16,16,23],"damage_taken":[{"damage":1,"enemies":"Cultist","floor":1,"turns":3},{"damage":0,"enemies":"Small Slimes","floor":5,"turns":3},{"damage":26,"enemies":"Gremlin Nob","floor":7,"turns":4},{"damage":11,"enemies":"Lagavulin","floor":10,"turns":7},{"damage":11,"enemies":"Jaw Worm","floor":12,"turns":2},{"damage":24,"enemies":"Exordium Thugs","floor":13,"turns":4},{"damage":0,"enemies":"2 Fungi Beasts","floor":14,"turns":2},{"damage":32,"enemies":"The Guardian","floor":16,"turns":8},{"damage":32,"enemies":"Shell Parasite","floor":18,"turns":5},{"damage":35,"enemies":"2 Thieves","floor":21,"turns":4},{"damage":26,"enemies":"Centurion and Healer","floor":23,"turns":8},{"damage":19,"enemies":"Sentry and Sphere","floor":27,"turns":4}],"event_choices":[{"event_name":"Big Fish","player_choice":"Donut","floor":2,"damage_taken":0},{"event_name":"Shining Light","player_choice":"Entered Light","floor":4,"damage_taken":0},{"event_name":"Wheel of Change","player_choice":"Curse","floor":20,"damage_taken":0},{"event_name":"The Lab","player_choice":"Got Potions","floor":22,"damage_taken":0},{"event_name":"Beggar","player_choice":"Ignored","floor":24,"damage_taken":0}],"boss_relics":[{"not_picked":["Runic Dome","Velvet Choker"],"picked":"Calling Bell"}],"potions_floor_spawned":[1,7,10,12,13],"seed_played":"-7725800387657590721","killed_by":"Sentry and Sphere","ascension_level":0,"is_trial":false}