{"gold_per_floor":[117,135,135,147,162,162,36,47,47,47,12,12,44,71,71,174,174,190,64,76,76,76],"floor_reached":22,"playtime":1040,"items_purged":["Strike_G"],"score":248,"play_id":"7acabf8e-8a4e-4d8d-b1ac-62707cf90754","local_time":"20190211142349","is_ascension_mode":true,"campfire_choices":[{"floor":6,"key":"REST"},{"floor":10,"key":"REST"},{"data":"Noxious Fumes","floor":15,"key":"SMITH"}],"neow_cost":"NONE","seed_source_timestamp":90201504164564,"circlet_count":0,"master_deck":["Defend_G","Defend_G","Defend_G","Defend_G+1","Defend_G","Strike_G","Strike_G","Strike_G","Survivor","Neutralize","Backflip","Cloak And Dagger","Escape Plan+1","Poisoned Stab","Noxious Fumes+1","Deadly Poison","Bane","Envenom","Cloak And Dagger","After Image","Blur","PiercingWail","Escape Plan"],"relics":["Ring of the Snake","Snake Skull","Orichalcum","War Paint","Odd Mushroom","Calling Bell","PreservedInsect","Paper Crane","Torii"],"potions_floor_usage":[16],"damage_taken":[{"damage":3,"enemies":"Small Slimes","floor":1,"turns":6},{"damage":10,"enemies":"Cultist","floor":2,"turns":4},{"damage":0,"enemies":"Jaw Worm","floor":4,"turns":6},{"damage":36,"enemies":"Exordium Thugs","floor":5,"turns":11},{"damage":0,"enemies":"Large Slime","floor":8,"turns":5},{"damage":15,"enemies":"3 Sentries","floor":13,"turns":7},{"damage":13,"enemies":"The Mushroom Lair","floor":14,"turns":5},{"damage":12,"enemies":"The Guardian","floor":16,"turns":9},{"damage":16,"enemies":"Spheric Guardian","floor":18,"turns":6},{"damage":4,"enemies":"Chosen","floor":20,"turns":6},{"damage":40,"enemies":"Snake Plant","floor":22,"turns":5}],"seed_played":"1971607375861099831","potions_obtained":[{"floor":5,"key":"SpeedPotion"},{"floor":8,"key":"Ancient Potion"},{"floor":13,"key":"Explosive Potion"},{"floor":14,"key":"Energy Potion"},{"floor":18,"key":"Dexterity Potion"}],"is_trial":false,"path_per_floor":["M","M","?","M","M","R","$","M","T","R","?","$","E","?","R","B",null,"M","$","M","?","M"],"character_chosen":"THE_SILENT","items_purchased":["Noxious Fumes","Deadly Poison","PiercingWail"],"campfire_rested":2,"item_purchase_floors":[7,7,19],"current_hp_per_floor":[60,50,50,50,14,35,35,35,35,56,70,70,55,42,42,30,60,44,44,40,40,0],"gold":76,"neow_bonus":"RANDOM_COMMON_RELIC","is_prod":false,"is_daily":false,"chose_seed":false,"campfire_upgraded":1,"win_rate":0,"timestamp":1549891429,"path_taken":["M","M","?","M","?","R","$","M","T","R","?","?","E","?","R","BOSS","M","$","M","?","M"],"build_version":"2019-01-23","purchased_purges":1,"victory":false,"max_hp_per_floor":[70,70,70,70,70,70,70,70,70,70,70,70,70,70,70,70,70,70,70,70,67,67],"card_choices":[{"not_picked":["Dodge and Roll","Tactician"],"picked":"Backflip","floor":1},{"not_picked":["Choke","Underhanded Strike"],"picked":"Cloak And Dagger","floor":2},{"not_picked":["Cloak And Dagger","Quick Slash","Dagger Throw"],"picked":"SKIP","floor":4},{"not_picked":["Blade Dance","Slice"],"picked":"Poisoned Stab","floor":5},{"not_picked":["Riddle With Holes","Dagger Throw"],"picked":"Bane","floor":8},{"not_picked":["Tools of the Trade","Blade Dance"],"picked":"Envenom","floor":13},{"not_picked":["Flechettes","Bouncing Flask"],"picked":"Cloak And Dagger","floor":14},{"not_picked":["Bullet Time","Unload"],"picked":"After Image","floor":16},{"not_picked":["Riddle With Holes","Flying Knee+1"],"picked":"Blur","floor":18},{"not_picked":["Quick Slash","Outmaneuver"],"picked":"Escape Plan","floor":20}],"player_experience":282571,"relics_obtained":[{"floor":9,"key":"Orichalcum"},{"floor":13,"key":"War Paint"},{"floor":14,"key":"Odd Mushroom"},{"floor":17,"key":"PreservedInsect"},{"floor":17,"key":"Paper Crane"},{"floor":17,"key":"Torii"}],"event_choices":[{"damage_healed":0,"gold_gain":0,"cards_transformed":["Strike_G"],"player_choice":"Transformed","damage_taken":0,"max_hp_gain":0,"max_hp_loss":0,"event_name":"Transmorgrifier","floor":3,"gold_loss":0,"cards_obtained":["Escape Plan"]},{"damage_healed":17,"gold_gain":0,"player_choice":"Healed","damage_taken":0,"max_hp_gain":0,"max_hp_loss":0,"event_name":"The Cleric","floor":11,"gold_loss":35},{"damage_healed":0,"gold_gain":0,"player_choice":"Fought Mushrooms","damage_taken":0,"max_hp_gain":0,"max_hp_loss":0,"event_name":"Mushrooms","floor":14,"gold_loss":0},{"cards_removed":["Injury","Pain","Parasite"],"damage_healed":0,"gold_gain":0,"player_choice":"Removed Curses","damage_taken":0,"max_hp_gain":0,"max_hp_loss":0,"event_name":"Fountain of Cleansing","floor":21,"gold_loss":0}],"is_beta":false,"boss_relics":[{"not_picked":["Snecko Eye","Empty Cage"],"picked":"Calling Bell"}],"items_purged_floors":[19],"is_endless":false,"potions_floor_spawned":[5,8,13,14,18],"killed_by":"Snake Plant","ascension_level":7}