{"gold_per_floor":[20,32,32,48,48,79,29,29,29,29,29,29,29,29,29,106,106,122,138,138],"floor_reached":20,"playtime":1022,"items_purged":[],"score":281,"play_id":"b8511646-f443-46a5-886a-dc2c04a31b77","local_time":"20190205054849","is_ascension_mode":true,"campfire_choices":[{"data":"Discovery","floor":10,"key":"SMITH"},{"floor":12,"key":"REST"},{"data":"Footwork","floor":13,"key":"SMITH"},{"data":"Phantasmal Killer","floor":15,"key":"SMITH"}],"neow_cost":"NO_GOLD","seed_source_timestamp":311665205059288,"circlet_count":0,"master_deck":["AscendersBane","Defend_G","Defend_G","Defend_G","Defend_G","Strike_G","Strike_G+1","Strike_G+1","Survivor","Neutralize","Discovery+1","Blind","Distraction","Terror","Footwork+1","Backflip","Phantasmal Killer+1","Phantasmal Killer","PiercingWail"],"relics":["Ring of the Snake","Pocketwatch","WingedGreaves","Sozu"],"potions_floor_usage":[6,6],"damage_taken":[{"damage":3,"enemies":"Jaw Worm","floor":1,"turns":7},{"damage":0,"enemies":"Small Slimes","floor":2,"turns":3},{"damage":0,"enemies":"Cultist","floor":4,"turns":2},{"damage":16,"enemies":"3 Sentries","floor":6,"turns":7},{"damage":10,"enemies":"Hexaghost","floor":16,"turns":11},{"damage":6,"enemies":"3 Byrds","floor":18,"turns":3},{"damage":26,"enemies":"Spheric Guardian","floor":19,"turns":6},{"damage":19,"enemies":"3 Cultists","floor":20,"turns":6}],"seed_played":"-1379480520197207330","potions_obtained":[{"floor":1,"key":"SkillPotion"},{"floor":4,"key":"Energy Potion"}],"is_trial":false,"path_per_floor":["M","M","$","M","?","E","?","$","T","R","?","R","R","?","R","B",null,"M","M","M"],"character_chosen":"THE_SILENT","items_purchased":[],"campfire_rested":1,"item_purchase_floors":[],"current_hp_per_floor":[60,60,60,60,46,30,30,30,30,30,23,44,44,44,44,34,61,55,29,10],"gold":138,"neow_bonus":"RANDOM_COLORLESS_2","is_prod":false,"is_daily":false,"chose_seed":false,"campfire_upgraded":3,"win_rate":0,"timestamp":1549345729,"path_taken":["M","M","$","M","?","E","?","$","T","R","?","R","R","?","R","BOSS","M","M","?"],"build_version":"2019-01-23","purchased_purges":0,"victory":false,"max_hp_per_floor":[70,70,70,70,70,70,70,70,70,70,70,70,70,70,70,70,70,70,70,70],"card_choices":[{"not_picked":["Outmaneuver","Heel Hook"],"picked":"Distraction","floor":1},{"not_picked":["Flechettes","Cloak And Dagger"],"picked":"Terror","floor":2},{"not_picked":["Slice","Expertise"],"picked":"Footwork","floor":4},{"not_picked":["Bane","Bouncing Flask"],"picked":"Backflip","floor":6},{"not_picked":["Grand Finale","Venomology"],"picked":"Phantasmal Killer","floor":16},{"not_picked":["Dagger Spray","Blade Dance","Finisher"],"picked":"SKIP","floor":18},{"not_picked":["Dodge and Roll","Setup"],"picked":"PiercingWail","floor":19}],"player_experience":560097,"relics_obtained":[{"floor":6,"key":"Pocketwatch"},{"floor":9,"key":"WingedGreaves"}],"event_choices":[{"damage_healed":0,"gold_gain":0,"player_choice":"Entered Light","damage_taken":14,"max_hp_gain":0,"max_hp_loss":0,"event_name":"Shining Light","floor":5,"gold_loss":0,"cards_upgraded":["Strike_G","Strike_G"]},{"cards_removed":["Defend_G"],"damage_healed":0,"gold_gain":0,"player_choice":"Card Removal","damage_taken":0,"max_hp_gain":0,"max_hp_loss":0,"event_name":"The Cleric","floor":7,"gold_loss":50},{"cards_removed":["Strike_G"],"damage_healed":0,"gold_gain":0,"player_choice":"Card Removal","damage_taken":7,"max_hp_gain":0,"max_hp_loss":0,"event_name":"Golden Wing","floor":11,"gold_loss":0},{"damage_healed":0,"gold_gain":0,"cards_transformed":["Strike_G"],"player_choice":"Transformed","damage_taken":0,"max_hp_gain":0,"max_hp_loss":0,"event_name":"Transmorgrifier","floor":14,"gold_loss":0,"cards_obtained":["Phantasmal Killer"]}],"is_beta":true,"boss_relics":[{"not_picked":["Ectoplasm","WristBlade"],"picked":"Sozu"}],"items_purged_floors":[],"is_endless":false,"potions_floor_spawned":[1,4,18],"killed_by":"3 Cultists","ascension_level":13}