{"gold_per_floor":[363,197,147,147,165,191,203,203,203,203,203],"floor_reached":11,"playtime":385,"items_purged":["Parasite"],"score":110,"play_id":"46ee04b3-4fcb-4802-9b03-fcfb7f3118a9","local_time":"20190129220207","is_ascension_mode":true,"campfire_choices":[{"data":"Discovery","floor":8,"key":"SMITH"},{"data":"Neutralize","floor":10,"key":"SMITH"}],"neow_cost":"CURSE","seed_source_timestamp":1662776678668312,"circlet_count":0,"master_deck":["AscendersBane","Defend_G","Defend_G","Defend_G","Defend_G","Defend_G","Strike_G","Strike_G","Strike_G","Strike_G","Survivor","Neutralize+1","Deadly Poison","Discovery+1","Backstab","Calculated Gamble"],"relics":["Ring of the Snake","Gremlin Horn","Smiling Mask"],"potions_floor_usage":[6,6,11],"damage_taken":[{"damage":4,"enemies":"Jaw Worm","floor":1,"turns":5},{"damage":0,"enemies":"Cultist","floor":5,"turns":3},{"damage":44,"enemies":"Lagavulin","floor":6,"turns":10},{"damage":0,"enemies":"2 Louse","floor":7,"turns":2},{"damage":41,"enemies":"Gremlin Nob","floor":11,"turns":4}],"seed_played":"1000893328082195175","potions_obtained":[{"floor":4,"key":"Regen Potion"},{"floor":4,"key":"Energy Potion"},{"floor":4,"key":"AttackPotion"},{"floor":7,"key":"EssenceOfSteel"}],"is_trial":false,"path_per_floor":["M","$","?","?","M","E","M","R","T","R","E"],"character_chosen":"THE_SILENT","items_purchased":["Discovery"],"campfire_rested":0,"item_purchase_floors":[2],"current_hp_per_floor":[59,59,59,59,59,27,27,27,27,27,0],"gold":203,"neow_bonus":"TWO_FIFTY_GOLD","is_prod":false,"is_daily":false,"chose_seed":false,"campfire_upgraded":2,"win_rate":0,"timestamp":1548799327,"path_taken":["M","$","?","?","?","E","?","R","T","R","E"],"build_version":"2019-01-23","purchased_purges":1,"victory":false,"max_hp_per_floor":[70,67,67,67,67,67,67,67,67,67,67],"card_choices":[{"not_picked":["Outmaneuver","Underhanded Strike"],"picked":"Deadly Poison","floor":1},{"not_picked":["Sucker Punch","Poisoned Stab"],"picked":"Backstab","floor":5},{"not_picked":["Backflip","Dagger Spray","Underhanded Strike"],"picked":"SKIP","floor":6},{"not_picked":["Reflex","Deflect"],"picked":"Calculated Gamble","floor":7}],"player_experience":523477,"relics_obtained":[{"floor":6,"key":"Gremlin Horn"},{"floor":9,"key":"Smiling Mask"}],"event_choices":[{"cards_removed":["Strike_G"],"damage_healed":0,"gold_gain":0,"player_choice":"Card Removal","damage_taken":0,"max_hp_gain":0,"max_hp_loss":0,"event_name":"The Cleric","floor":3,"gold_loss":50},{"damage_healed":0,"gold_gain":0,"player_choice":"Got Potions","damage_taken":0,"max_hp_gain":0,"max_hp_loss":0,"event_name":"Lab","floor":4,"gold_loss":0}],"is_beta":true,"boss_relics":[],"items_purged_floors":[2],"is_endless":false,"potions_floor_spawned":[7],"killed_by":"Gremlin Nob","ascension_level":11}