{"path_per_floor":["M","M","?","M","?","E","M","?","T","M","R","M","M","M","R"],"character_chosen":"THE_SILENT","items_purchased":[],"gold_per_floor":[10,28,28,48,48,83,98,98,98,112,112,122,92,110,110,110],"floor_reached":16,"campfire_rested":2,"playtime":848,"current_hp_per_floor":[70,68,73,72,72,45,25,18,18,18,40,31,29,13,35,0],"items_purged":[],"gold":110,"score":120,"play_id":"c057c598-c4e6-4dae-9b32-01cde1f58eb8","local_time":"20180517200345","is_prod":false,"is_daily":false,"chose_seed":false,"is_ascension_mode":true,"campfire_upgraded":0,"timestamp":1526583825,"campfire_choices":[{"floor":11,"key":"REST"},{"floor":15,"key":"REST"}],"path_taken":["M","M","?","?","?","E","M","?","T","M","R","?","?","M","R","BOSS"],"build_version":"2018-05-17","seed_source_timestamp":379395572189229,"purchased_purges":0,"victory":false,"master_deck":["Defend_G","Defend_G","Defend_G","Defend_G","Strike_G","Strike_G","Strike_G","Survivor","Neutralize","Calculated Gamble","Choke","Setup","Tools of the Trade","Outmaneuver","Bouncing Flask","Deflect","Slice","Backflip"],"max_hp_per_floor":[70,70,75,75,75,75,75,75,75,75,75,75,75,75,75,75],"relics":["Ring of the Snake","Question Card","Toolbox"],"card_choices":[{"not_picked":["Dagger Throw","Flying Knee"],"picked":"Calculated Gamble","floor":1},{"not_picked":["Deadly Poison","Acrobatics"],"picked":"Choke","floor":2},{"not_picked":["Cloak And Dagger","Dagger Throw"],"picked":"Setup","floor":4},{"not_picked":["Dash","Heel Hook"],"picked":"Tools of the Trade","floor":6},{"not_picked":["Masterful Stab","Sucker Punch","Quick Slash"],"picked":"Outmaneuver","floor":7},{"not_picked":["Cloak And Dagger","Distraction","Dagger Spray"],"picked":"Bouncing Flask","floor":10},{"not_picked":["Quick Slash","Poisoned Stab","Heel Hook"],"picked":"Deflect","floor":12},{"not_picked":["Footwork","Dash","Deadly Poison"],"picked":"Slice","floor":13},{"not_picked":["Dash","Unload","Dodge and Roll"],"picked":"Backflip","floor":14}],"player_experience":158917,"potions_floor_usage":[13,16],"damage_taken":[{"damage":0,"enemies":"Cultist","floor":1,"turns":4},{"damage":2,"enemies":"Jaw Worm","floor":2,"turns":6},{"damage":1,"enemies":"Small Slimes","floor":4,"turns":3},{"damage":27,"enemies":"3 Sentries","floor":6,"turns":9},{"damage":20,"enemies":"Gremlin Gang","floor":7,"turns":7},{"damage":0,"enemies":"Exordium Wildlife","floor":10,"turns":4},{"damage":9,"enemies":"3 Louse","floor":12,"turns":3},{"damage":2,"enemies":"Looter","floor":13,"turns":4},{"damage":16,"enemies":"2 Fungi Beasts","floor":14,"turns":4},{"damage":41,"enemies":"Slime Boss","floor":16,"turns":9}],"relics_obtained":[{"floor":6,"key":"Question Card"},{"floor":9,"key":"Toolbox"}],"event_choices":[{"event_name":"Big Fish","player_choice":"Donut","floor":3,"damage_taken":0},{"event_name":"Liars Game","player_choice":"disagreed","floor":5,"damage_taken":0},{"event_name":"Golden Wing","player_choice":"Card Removal","floor":8,"damage_taken":0}],"boss_relics":[],"potions_floor_spawned":[1,12,14],"seed_played":"-2715499883341682658","killed_by":"Slime Boss","ascension_level":3,"potions_obtained":[{"floor":1,"key":"Swift Potion"},{"floor":12,"key":"LiquidBronze"},{"floor":14,"key":"PowerPotion"}],"is_trial":false}