{"gold_per_floor":[115,126,3,178,197,228,238,238],"floor_reached":8,"playtime":658,"items_purged":[],"score":58,"play_id":"2f8a8591-7287-4c9f-821d-f5cc967da971","local_time":"20190129235433","is_ascension_mode":false,"campfire_choices":[],"neow_cost":"NONE","seed_source_timestamp":79321070739902,"circlet_count":0,"master_deck":["Strike_R","Strike_R","Strike_R","Strike_R","Strike_R","Defend_R","Defend_R","Defend_R","Defend_R","Bash","Shrug It Off","Heavy Blade","Pommel Strike","Entrench","Bandage Up","Doubt","Intimidate","Thunderclap","Fire Breathing"],"relics":["Burning Blood","Shuriken"],"potions_floor_usage":[],"damage_taken":[{"damage":2,"enemies":"Cultist","floor":1,"turns":4},{"damage":10,"enemies":"Jaw Worm","floor":2,"turns":4},{"damage":2,"enemies":"Small Slimes","floor":5,"turns":3},{"damage":37,"enemies":"3 Sentries","floor":6,"turns":11},{"damage":32,"enemies":"Exordium Thugs","floor":7,"turns":9},{"damage":52,"enemies":"Lagavulin","floor":8,"turns":6}],"seed_played":"8007916921093458396","potions_obtained":[{"floor":5,"key":"BloodPotion"},{"floor":6,"key":"GamblersBrew"},{"floor":7,"key":"AttackPotion"}],"is_trial":false,"path_per_floor":["M","M","$","?","M","E","M","E"],"character_chosen":"IRONCLAD","items_purchased":["Entrench","Bandage Up"],"campfire_rested":0,"item_purchase_floors":[3,3],"current_hp_per_floor":[80,76,76,76,80,53,31,0],"gold":238,"neow_bonus":"THREE_CARDS","is_prod":false,"is_daily":false,"chose_seed":false,"campfire_upgraded":0,"win_rate":0.0,"timestamp":1548827673,"path_taken":["M","M","$","?","M","E","M","E"],"build_version":"2019-01-23","purchased_purges":0,"victory":false,"max_hp_per_floor":[80,80,80,80,80,80,80,80],"card_choices":[{"not_picked":["Pummel","Disarm"],"picked":"Shrug It Off","floor":0},{"not_picked":["Sword Boomerang","Clothesline"],"picked":"Heavy Blade","floor":1},{"not_picked":["Reckless Charge","Anger"],"picked":"Pommel Strike","floor":2},{"not_picked":["Dropkick","Reckless Charge"],"picked":"Intimidate","floor":5},{"not_picked":["Infernal Blade","Dropkick"],"picked":"Thunderclap","floor":6},{"not_picked":["Entrench","Burning Pact"],"picked":"Fire Breathing","floor":7}],"player_experience":58518,"relics_obtained":[{"floor":6,"key":"Shuriken"}],"event_choices":[{"damage_healed":0,"gold_gain":175,"player_choice":"AGREE","damage_taken":0,"max_hp_gain":0,"max_hp_loss":0,"event_name":"Liars Game","floor":4,"gold_loss":0,"cards_obtained":["Doubt"]}],"is_beta":false,"boss_relics":[],"items_purged_floors":[],"is_endless":false,"potions_floor_spawned":[5,6,7],"killed_by":"Lagavulin","ascension_level":0}