{"gold_per_floor":[113,113,133,133,58,58,96,271,271,291,315,215,215,233,233,352,352,377,347,363,363,379,379,202,202,226,141,50,50,75,90,90,216,216,231,231],"floor_reached":36,"playtime":1851,"items_purged":["Strike_R","Doubt","Strike_R"],"score":491,"play_id":"662589d4-f517-4813-8043-47f728a144c7","local_time":"20190113005408","is_ascension_mode":true,"campfire_choices":[{"data":"Body Slam","floor":6,"key":"SMITH"},{"floor":13,"key":"REST"},{"data":"Body Slam","floor":15,"key":"SMITH"},{"data":"Double Tap","floor":23,"key":"SMITH"},{"data":"Blind","floor":29,"key":"SMITH"},{"data":"Metallicize","floor":32,"key":"SMITH"}],"neow_cost":"PERCENT_DAMAGE","seed_source_timestamp":202825703870330,"circlet_count":0,"master_deck":["Strike_R+1","Strike_R+1","Defend_R+1","Defend_R+1","Defend_R+1","Defend_R+1","Bash","Body Slam+1","Metallicize+1","Battle Trance","Body Slam+1","Double Tap+1","Rage","Shrug It Off","Blind+1","Warcry+1","Battle Trance","Disarm+1"],"relics":["Burning Blood","Golden Idol","Regal Pillow","Ornamental Fan","Runic Pyramid","Bag of Preparation","Girya","Orrery"],"potions_floor_usage":[7,11,16,20,20,20,20,21,33,36,36,36],"damage_taken":[{"damage":2,"enemies":"Jaw Worm","floor":1,"turns":3},{"damage":6,"enemies":"Cultist","floor":3,"turns":4},{"damage":37,"enemies":"Lagavulin","floor":7,"turns":9},{"damage":5,"enemies":"Small Slimes","floor":10,"turns":5},{"damage":36,"enemies":"Exordium Thugs","floor":11,"turns":9},{"damage":9,"enemies":"Large Slime","floor":14,"turns":7},{"damage":42,"enemies":"Slime Boss","floor":16,"turns":9},{"damage":24,"enemies":"3 Byrds","floor":18,"turns":9},{"damage":3,"enemies":"Chosen","floor":20,"turns":4},{"damage":0,"enemies":"Shelled Parasite and Fungi","floor":21,"turns":1},{"damage":41,"enemies":"Snake Plant","floor":22,"turns":5},{"damage":0,"enemies":"Centurion and Healer","floor":30,"turns":6},{"damage":0,"enemies":"Snecko","floor":31,"turns":3},{"damage":7,"enemies":"Collector","floor":33,"turns":12},{"damage":14,"enemies":"3 Darklings","floor":35,"turns":6},{"damage":75,"enemies":"2 Orb Walkers","floor":36,"turns":8}],"seed_played":"-7328153889220898812","potions_obtained":[{"floor":3,"key":"SkillPotion"},{"floor":10,"key":"Weak Potion"},{"floor":14,"key":"Dexterity Potion"},{"floor":18,"key":"LiquidBronze"},{"floor":19,"key":"LiquidBronze"},{"floor":19,"key":"EntropicBrew"},{"floor":22,"key":"EssenceOfSteel"},{"floor":31,"key":"Energy Potion"},{"floor":33,"key":"LiquidBronze"}],"is_trial":false,"path_per_floor":["M","?","M","?","$","R","E","?","T","M","M","$","R","M","R","B",null,"M","?","M","M","M","R","$","?","T","?","$","R","M","M","R","B",null,"M","?"],"character_chosen":"IRONCLAD","items_purchased":["Shrug It Off","Blind"],"campfire_rested":1,"item_purchase_floors":[24,28],"current_hp_per_floor":[71,71,71,71,71,71,40,40,40,41,11,11,52,49,49,13,70,52,52,55,61,26,26,26,26,26,26,26,26,32,38,38,37,76,68,0],"gold":231,"neow_bonus":"TWENTY_PERCENT_HP_BONUS","is_prod":false,"is_daily":false,"chose_seed":false,"campfire_upgraded":5,"win_rate":0,"timestamp":1547340848,"path_taken":["M","?","?","?","?","R","E","?","T","M","?","$","R","?","R","BOSS","M","?","M","M","?","R","?","?","T","?","?","R","M","M","R","BOSS","M","?"],"build_version":"2019-01-10","purchased_purges":3,"victory":false,"max_hp_per_floor":[96,96,96,89,89,89,89,89,89,89,89,89,89,89,89,89,89,89,89,89,89,89,89,89,89,89,89,89,89,89,89,89,89,89,89,89],"card_choices":[{"not_picked":["Perfected Strike","Headbutt"],"picked":"Body Slam","floor":1},{"not_picked":["Wild Strike","Power Through"],"picked":"Metallicize","floor":3},{"not_picked":["Thunderclap","True Grit"],"picked":"Battle Trance","floor":7},{"not_picked":["Dropkick","Rupture"],"picked":"Body Slam","floor":10},{"not_picked":["Body Slam","Searing Blow","Twin Strike"],"picked":"SKIP","floor":11},{"not_picked":["Twin Strike","Rampage","Flex"],"picked":"SKIP","floor":14},{"not_picked":["Brutality","Berserk"],"picked":"Double Tap","floor":16},{"not_picked":["Havoc","Headbutt+1","Sword Boomerang"],"picked":"SKIP","floor":18},{"not_picked":["Power Through","Pommel Strike","Reckless Charge"],"picked":"SKIP","floor":20},{"not_picked":["Searing Blow","Body Slam"],"picked":"Rage","floor":22},{"not_picked":["Clothesline","Rage","Bloodletting"],"picked":"SKIP","floor":30},{"not_picked":["Armaments","Bludgeon","Headbutt"],"picked":"SKIP","floor":31},{"not_picked":["Iron Wave","Havoc"],"picked":"Warcry+1","floor":34},{"not_picked":["Disarm+1","Twin Strike"],"picked":"Battle Trance","floor":34},{"not_picked":["Body Slam","Clash+1"],"picked":"Disarm+1","floor":35}],"player_experience":411867,"relics_obtained":[{"floor":7,"key":"Regal Pillow"},{"floor":9,"key":"Ornamental Fan"},{"floor":26,"key":"Bag of Preparation"}],"event_choices":[{"cards_removed":["Strike_R"],"damage_healed":0,"gold_gain":0,"player_choice":"Purged","damage_taken":0,"max_hp_gain":0,"max_hp_loss":0,"event_name":"Purifier","floor":2,"gold_loss":0},{"damage_healed":0,"gold_gain":0,"player_choice":"Lose Max HP","damage_taken":0,"relics_obtained":["Golden Idol"],"max_hp_gain":0,"max_hp_loss":7,"event_name":"Golden Idol","floor":4,"gold_loss":0},{"damage_healed":0,"gold_gain":175,"player_choice":"AGREE","damage_taken":0,"max_hp_gain":0,"max_hp_loss":0,"event_name":"Liars Game","floor":8,"gold_loss":0,"cards_obtained":["Doubt"]},{"damage_healed":0,"gold_gain":0,"player_choice":"Bought 2 Potions","damage_taken":0,"max_hp_gain":0,"max_hp_loss":0,"event_name":"The Woman in Blue","floor":19,"gold_loss":0},{"damage_healed":0,"gold_gain":0,"player_choice":"Simplicity","damage_taken":0,"max_hp_gain":0,"max_hp_loss":0,"event_name":"Back to Basics","floor":25,"gold_loss":0,"cards_upgraded":["Strike_R","Strike_R","Defend_R","Defend_R","Defend_R","Defend_R"]},{"damage_healed":0,"gold_gain":0,"player_choice":"Obtained Relic","damage_taken":0,"relics_obtained":["Girya"],"max_hp_gain":0,"max_hp_loss":0,"event_name":"Addict","floor":27,"gold_loss":85},{"damage_healed":0,"gold_gain":0,"player_choice":"Fight","damage_taken":0,"max_hp_gain":0,"max_hp_loss":0,"event_name":"Mysterious Sphere","floor":36,"gold_loss":0}],"is_beta":true,"boss_relics":[{"not_picked":["Runic Dome","Cursed Key"],"picked":"Runic Pyramid"},{"not_picked":["Velvet Choker","Astrolabe"],"picked":"Orrery"}],"items_purged_floors":[5,12,24],"is_endless":false,"potions_floor_spawned":[3,10,14,18,22,31,33],"killed_by":"2 Orb Walkers","ascension_level":7}