{"gold_per_floor":[214,289,303,314,10,10,10,22,22,54,54,82,100,132,132,209,209,225,225,238,258,258],"floor_reached":22,"playtime":859,"items_purged":[],"score":416,"play_id":"0e787dc6-123e-4e20-ba30-82450c752e7f","local_time":"20190203211416","is_ascension_mode":true,"campfire_choices":[{"data":"Zap","floor":6,"key":"SMITH"},{"floor":11,"key":"REST"},{"floor":15,"key":"REST"}],"neow_cost":"NONE","seed_source_timestamp":17167437451200,"circlet_count":0,"master_deck":["AscendersBane","Strike_B","Strike_B","Strike_B","Defend_B","Defend_B","Defend_B","Defend_B","Zap+1","Dualcast","Gash","Undo","Ball Lightning","Streamline","Conserve Battery","Compile Driver","Turbo","Rebound","Sunder","Biased Cognition","Glacier","Core Surge","Ghostly","Ghostly","Ghostly"],"relics":["Cracked Core","Happy Flower","Singing Bowl","Strawberry","Darkstone Periapt","Oddly Smooth Stone","Philosopher\u0027s Stone"],"potions_floor_usage":[12,16],"damage_taken":[{"damage":13,"enemies":"Jaw Worm","floor":1,"turns":4},{"damage":3,"enemies":"2 Louse","floor":3,"turns":3},{"damage":1,"enemies":"Cultist","floor":4,"turns":3},{"damage":2,"enemies":"3 Louse","floor":8,"turns":4},{"damage":23,"enemies":"3 Sentries","floor":10,"turns":7},{"damage":0,"enemies":"Gremlin Nob","floor":12,"turns":3},{"damage":0,"enemies":"2 Fungi Beasts","floor":13,"turns":2},{"damage":30,"enemies":"3 Sentries","floor":14,"turns":4},{"damage":36,"enemies":"The Guardian","floor":16,"turns":13},{"damage":16,"enemies":"Chosen","floor":18,"turns":5},{"damage":4,"enemies":"3 Byrds","floor":20,"turns":5},{"damage":14,"enemies":"Centurion and Healer","floor":21,"turns":9},{"damage":33,"enemies":"Colosseum Slavers","floor":22,"turns":2}],"seed_played":"-7603513597369106576","potions_obtained":[{"floor":8,"key":"FairyPotion"},{"floor":10,"key":"AttackPotion"},{"floor":14,"key":"FearPotion"}],"is_trial":false,"path_per_floor":["M","?","M","M","$","R","?","M","T","E","R","E","M","E","R","B",null,"M","?","M","M","?"],"character_chosen":"DEFECT","items_purchased":["Streamline","Happy Flower","Conserve Battery","Compile Driver"],"campfire_rested":2,"item_purchase_floors":[5,5,5,5],"current_hp_per_floor":[51,40,37,36,36,36,36,34,34,18,41,41,43,13,37,1,60,46,41,39,27,0],"gold":258,"neow_bonus":"HUNDRED_GOLD","is_prod":false,"is_daily":false,"chose_seed":false,"campfire_upgraded":1,"win_rate":0,"timestamp":1549257256,"path_taken":["M","?","M","M","$","R","?","?","T","E","R","E","M","E","R","BOSS","M","?","M","M","?"],"build_version":"2019-01-23","purchased_purges":0,"victory":false,"max_hp_per_floor":[71,71,71,71,71,71,71,71,71,78,78,78,80,80,80,80,80,82,41,43,45,45],"card_choices":[{"not_picked":["Steam","Redo"],"picked":"Gash","floor":1},{"not_picked":["Redo","Fusion"],"picked":"Undo","floor":3},{"not_picked":["Leap","Blizzard"],"picked":"Ball Lightning","floor":4},{"not_picked":["Conserve Battery","Doom and Gloom"],"picked":"Rebound","floor":8},{"not_picked":["Biased Cognition","Beam Cell"],"picked":"Sunder","floor":10},{"not_picked":["Darkness","Gash"],"picked":"Biased Cognition","floor":12},{"not_picked":["Stack","Aggregate","Streamline"],"picked":"Singing Bowl","floor":13},{"not_picked":["Chill","Storm"],"picked":"Glacier","floor":14},{"not_picked":["Reboot","Buffer"],"picked":"Core Surge","floor":16},{"not_picked":["Streamline","Ball Lightning","Reinforced Body"],"picked":"Singing Bowl","floor":18},{"not_picked":["Turbo","Ball Lightning","Hello World"],"picked":"Singing Bowl","floor":20},{"not_picked":["Auto Shields","Recycle","Redo"],"picked":"Singing Bowl","floor":21}],"player_experience":420449,"relics_obtained":[{"floor":9,"key":"Singing Bowl"},{"floor":10,"key":"Strawberry"},{"floor":12,"key":"Darkstone Periapt"},{"floor":14,"key":"Oddly Smooth Stone"}],"event_choices":[{"damage_healed":0,"gold_gain":75,"player_choice":"Gather Gold","damage_taken":11,"max_hp_gain":0,"max_hp_loss":0,"event_name":"World of Goop","floor":2,"gold_loss":0},{"damage_healed":0,"gold_gain":0,"cards_transformed":["Strike_B"],"player_choice":"Transformed","damage_taken":0,"max_hp_gain":0,"max_hp_loss":0,"event_name":"Transmorgrifier","floor":7,"gold_loss":0,"cards_obtained":["Turbo"]},{"damage_healed":0,"gold_gain":0,"player_choice":"Became a Ghost","damage_taken":0,"max_hp_gain":0,"max_hp_loss":41,"event_name":"Ghosts","floor":19,"gold_loss":0,"cards_obtained":["Ghostly","Ghostly","Ghostly"]},{"damage_healed":0,"gold_gain":0,"player_choice":"Fight","damage_taken":0,"max_hp_gain":0,"max_hp_loss":0,"event_name":"Colosseum","floor":22,"gold_loss":0}],"is_beta":false,"boss_relics":[{"not_picked":["Calling Bell","Eternal Feather"],"picked":"Philosopher\u0027s Stone"}],"items_purged_floors":[],"is_endless":false,"potions_floor_spawned":[8,10,14],"killed_by":"Colosseum Slavers","ascension_level":16}