{"gold_per_floor":[113,125,125,125,1,1,12,12,61,80,80,93,93,43,43,148,148,165,165,165,145,159,184,184,198,198,211,126,139,139,139,139,239,239,250,250,250,269,34,63,63,63,63,63,63,2,2,12,12,12],"floor_reached":51,"playtime":4198,"items_purged":["Barrage","Pain"],"score":839,"play_id":"bffc5e65-1978-426f-a7a2-467235072dfe","local_time":"20181116222915","is_ascension_mode":true,"campfire_choices":[{"data":"Hologram","floor":6.0,"key":"SMITH"},{"data":"Defragment","floor":8.0,"key":"SMITH"},{"data":"Genetic Algorithm","floor":11.0,"key":"SMITH"},{"floor":15.0,"key":"REST"},{"floor":24.0,"key":"REST"},{"floor":30.0,"key":"REST"},{"floor":32.0,"key":"REST"},{"floor":45.0,"key":"REST"},{"floor":49.0,"key":"REST"}],"neow_cost":"NONE","seed_source_timestamp":0,"circlet_count":0,"master_deck":["Zap","Dualcast","Turbo","Melter","Defragment+1","Beam Cell","Reprogram","Steam Power","Hologram+1","Lockon","Conserve Battery","Conserve Battery","Genetic Algorithm+1","Doom and Gloom","Gash","Multi-Cast","Auto Shields","Gash","All For One","Go for the Eyes","J.A.X.","Self Repair+1","White Noise","BootSequence","BootSequence+1","Clumsy","Clumsy","Undo+1","Apotheosis","Violence","Bandage Up","Metamorphosis","Chill+1","Madness","Madness"],"special_seed":0,"relics":["Pandora\u0027s Box","Bird Faced Urn","Regal Pillow","Orrery","Nunchaku","Potion Belt","The Courier","Calling Bell","Oddly Smooth Stone","Symbiotic Virus","Girya","PreservedInsect","Happy Flower"],"potions_floor_usage":[50,50,50,50],"damage_taken":[{"damage":6.0,"enemies":"Cultist","floor":1.0,"turns":3.0},{"damage":12.0,"enemies":"Jaw Worm","floor":2.0,"turns":2.0},{"damage":15.0,"enemies":"Small Slimes","floor":7.0,"turns":4.0},{"damage":3.0,"enemies":"Blue Slaver","floor":10.0,"turns":2.0},{"damage":14.0,"enemies":"3 Louse","floor":12.0,"turns":4.0},{"damage":25.0,"enemies":"Slime Boss","floor":16.0,"turns":9.0},{"damage":0.0,"enemies":"Spheric Guardian","floor":18.0,"turns":2.0},{"damage":14.0,"enemies":"Shell Parasite","floor":22.0,"turns":3.0},{"damage":31.0,"enemies":"Gremlin Leader","floor":23.0,"turns":6.0},{"damage":47.0,"enemies":"Snake Plant","floor":25.0,"turns":4.0},{"damage":15.0,"enemies":"Centurion and Healer","floor":27.0,"turns":5.0},{"damage":33.0,"enemies":"3 Cultists","floor":29.0,"turns":5.0},{"damage":33.0,"enemies":"Champ","floor":33.0,"turns":10.0},{"damage":21.0,"enemies":"Orb Walker","floor":35.0,"turns":4.0},{"damage":10.0,"enemies":"3 Shapes","floor":38.0,"turns":5.0},{"damage":50.0,"enemies":"Reptomancer","floor":40.0,"turns":5.0},{"damage":27.0,"enemies":"Spire Growth","floor":48.0,"turns":6.0},{"damage":88,"enemies":"Awakened One","floor":50,"turns":9}],"seed_played":"4031802190823801665","potions_obtained":[{"floor":1.0,"key":"EssenceOfSteel"},{"floor":12.0,"key":"SteroidPotion"},{"floor":16.0,"key":"Regen Potion"},{"floor":21.0,"key":"SpeedPotion"},{"floor":25.0,"key":"SkillPotion"},{"floor":27.0,"key":"LiquidBronze"},{"floor":33.0,"key":"FearPotion"},{"floor":35.0,"key":"SteroidPotion"},{"floor":48.0,"key":"PowerPotion"}],"is_trial":false,"path_per_floor":["M","M","?","?","$","R","M","R","T","M","R","M","$","$","R","B",null,"M","?","?","?","M","E","R","M","T","M","?","M","R","?","R","B",null,"M","?","?","M","$","E","?","$","T","?","R","$","?","M","R","B",null],"character_chosen":"DEFECT","items_purchased":["Conserve Battery","Gash","Metamorphosis","Regen Potion"],"campfire_rested":6,"item_purchase_floors":[5,14,39,46],"current_hp_per_floor":[69,57,54,54,54,54,41,41,41,40,40,26,26,26,63,40,66,68,68,68,68,54,40,75,42,42,41,41,26,63,49,80,61,75,68,58,58,68,68,28,28,28,28,28,67,67,57,46,80,25],"gold":12,"neow_bonus":"BOSS_RELIC","is_prod":false,"is_daily":false,"chose_seed":false,"campfire_upgraded":3,"win_rate":0,"timestamp":1542407355,"path_taken":["M","?","?","?","$","R","M","R","T","M","R","M","?","$","R","BOSS","M","?","?","?","?","E","R","M","T","M","?","M","R","?","R","BOSS","M","?","?","M","$","E","?","$","T","?","R","$","?","M","R","BOSS"],"build_version":"2018-11-15","purchased_purges":2,"victory":true,"max_hp_per_floor":[75,75,75,75,75,75,75,75,75,75,75,75,75,75,75,75,75,75,75,75,75,75,75,75,75,75,75,75,75,75,80,80,80,80,80,80,80,80,80,80,80,80,80,80,80,80,80,80,80,80],"card_choices":[{"not_picked":["Gash","Barrage"],"picked":"Steam Power","floor":1.0},{"not_picked":["Coolheaded","Static Discharge"],"picked":"Hologram","floor":2.0},{"not_picked":["FTL","Hologram"],"picked":"Conserve Battery","floor":7.0},{"not_picked":["Hologram","Redo"],"picked":"Genetic Algorithm","floor":10.0},{"not_picked":["White Noise","Redo"],"picked":"Doom and Gloom","floor":12.0},{"not_picked":["Core Surge","Hyperbeam"],"picked":"Multi-Cast","floor":16.0},{"not_picked":["Go for the Eyes","Steam Power"],"picked":"Auto Shields","floor":17.0},{"not_picked":["Rip and Tear","Turbo"],"picked":"Gash","floor":17.0},{"not_picked":["Sunder","Go for the Eyes"],"picked":"All For One","floor":17.0},{"not_picked":["Stack","Genetic Algorithm"],"picked":"Go for the Eyes","floor":17.0},{"not_picked":["Force Field","Steam","Fusion"],"picked":"SKIP","floor":18.0},{"not_picked":["Streamline","Rebound","Conserve Battery+1"],"picked":"SKIP","floor":22.0},{"not_picked":["Sweeping Beam","Hologram"],"picked":"Self Repair+1","floor":23.0},{"not_picked":["Coolheaded","Steam"],"picked":"White Noise","floor":25.0},{"not_picked":["Tempest","Turbo"],"picked":"BootSequence","floor":27.0},{"not_picked":["Beam Cell","Redo+1"],"picked":"BootSequence+1","floor":29.0},{"not_picked":["Sweeping Beam+1","Steam+1"],"picked":"Undo+1","floor":35.0},{"not_picked":["The Bomb","Enlightenment"],"picked":"Apotheosis","floor":36.0},{"not_picked":["Panacea","Swift Strike"],"picked":"Violence","floor":36.0},{"not_picked":["Swift Strike","Deep Breath"],"picked":"Bandage Up","floor":36.0},{"not_picked":["Turbo","Ball Lightning+1","Sweeping Beam"],"picked":"SKIP","floor":38.0},{"not_picked":["Scrape","FTL"],"picked":"Chill+1","floor":40.0},{"not_picked":["Glacier+1","Streamline+1","Compile Driver"],"picked":"SKIP","floor":48.0}],"player_experience":308645,"relics_obtained":[{"floor":9.0,"key":"Regal Pillow"},{"floor":23.0,"key":"Nunchaku"},{"floor":26.0,"key":"Potion Belt"},{"floor":34.0,"key":"Oddly Smooth Stone"},{"floor":34.0,"key":"Symbiotic Virus"},{"floor":34.0,"key":"Girya"},{"floor":40.0,"key":"PreservedInsect"},{"floor":43.0,"key":"Happy Flower"}],"event_choices":[{"damage_healed":0.0,"max_hp_gain":0.0,"max_hp_loss":0.0,"gold_gain":0.0,"event_name":"Scrap Ooze","player_choice":"Success","floor":3.0,"gold_loss":0.0,"damage_taken":3.0,"relics_obtained":["Bird Faced Urn"]},{"damage_healed":0.0,"max_hp_gain":0.0,"max_hp_loss":0.0,"gold_gain":0.0,"cards_transformed":["Turbo"],"event_name":"Living Wall","player_choice":"Change","floor":4.0,"gold_loss":0.0,"damage_taken":0.0,"cards_obtained":["Lockon"]},{"damage_healed":0.0,"max_hp_gain":0.0,"max_hp_loss":0.0,"gold_gain":0.0,"event_name":"Drug Dealer","player_choice":"Obtain J.A.X.","floor":19.0,"gold_loss":0.0,"damage_taken":0.0,"cards_obtained":["J.A.X."]},{"damage_healed":0.0,"max_hp_gain":0.0,"max_hp_loss":0.0,"gold_gain":0.0,"event_name":"Vampires","player_choice":"Ignored","floor":20.0,"gold_loss":0.0,"damage_taken":0.0},{"damage_healed":0.0,"max_hp_gain":0.0,"max_hp_loss":0.0,"gold_gain":0.0,"event_name":"The Woman in Blue","player_choice":"Bought 1 Potion","floor":21.0,"gold_loss":0.0,"damage_taken":0.0},{"damage_healed":0.0,"max_hp_gain":0.0,"max_hp_loss":0.0,"gold_gain":0.0,"event_name":"Addict","player_choice":"Obtained Relic","floor":28.0,"gold_loss":85.0,"damage_taken":0.0,"relics_obtained":["The Courier"]},{"damage_healed":0.0,"max_hp_gain":5.0,"max_hp_loss":0.0,"gold_gain":0.0,"event_name":"Forgotten Altar","player_choice":"Shed Blood","floor":31.0,"gold_loss":0.0,"damage_taken":19.0},{"damage_healed":0.0,"max_hp_gain":0.0,"max_hp_loss":0.0,"gold_gain":0.0,"event_name":"SensoryStone","player_choice":"Memory 3","floor":36.0,"gold_loss":0.0,"damage_taken":10.0},{"damage_healed":0.0,"max_hp_gain":0.0,"max_hp_loss":0.0,"gold_gain":0.0,"event_name":"Tomb of Lord Red Mask","player_choice":"Ignored","floor":37.0,"gold_loss":0.0,"damage_taken":0.0},{"damage_healed":0.0,"max_hp_gain":0.0,"max_hp_loss":0.0,"gold_gain":0.0,"event_name":"Mysterious Sphere","player_choice":"Ignored","floor":41.0,"gold_loss":0.0,"damage_taken":0.0},{"cards_removed":["Barrage"],"damage_healed":0.0,"max_hp_gain":0.0,"max_hp_loss":0.0,"gold_gain":0.0,"event_name":"Falling","player_choice":"Removed Attack","floor":44.0,"gold_loss":0.0,"damage_taken":0.0},{"damage_healed":0.0,"max_hp_gain":0.0,"max_hp_loss":0.0,"gold_gain":0.0,"event_name":"Winding Halls","player_choice":"Embrace Madness","floor":47.0,"gold_loss":0.0,"damage_taken":10.0,"cards_obtained":["Madness","Madness"]}],"is_beta":true,"boss_relics":[{"not_picked":["Tiny House","Coffee Dripper"],"picked":"Orrery"},{"not_picked":["Snecko Eye","Lizard Tail"],"picked":"Calling Bell"}],"items_purged_floors":[5,39],"is_endless":false,"potions_floor_spawned":[1,12,16,25,27,33,35,48],"ascension_level":5}