{"gold_per_floor":[113,125,200,375,111,111,111,125,149,186,217,244,256,268,280,390,402,424,436],"floor_reached":19,"playtime":626,"items_purged":["Doubt"],"score":347,"play_id":"00b5bcf8-d9e6-4bd1-92e3-0d55b20ccc1c","local_time":"20190130230402","is_ascension_mode":true,"campfire_choices":[{"data":"Thinking Ahead","floor":6,"key":"SMITH"},{"floor":13,"key":"REST"},{"data":"Tempest","floor":15,"key":"SMITH"}],"neow_cost":"TEN_PERCENT_HP_LOSS","seed_source_timestamp":1752654679202813,"circlet_count":0,"master_deck":["AscendersBane","Strike_B","Strike_B","Strike_B","Strike_B","Defend_B","Defend_B","Defend_B","Defend_B","Zap","Dualcast","FTL","Capacitor","Thinking Ahead+1","Tempest+1","Static Discharge","Buffer+1","Doom and Gloom","Biased Cognition","Chill"],"relics":["Cracked Core","Bird Faced Urn","MawBank","Strawberry","Inserter"],"potions_floor_usage":[10,12],"damage_taken":[{"damage":1,"enemies":"Cultist","floor":1,"turns":4},{"damage":2,"enemies":"Jaw Worm","floor":2,"turns":3},{"damage":0,"enemies":"2 Louse","floor":8,"turns":2},{"damage":38,"enemies":"3 Sentries","floor":10,"turns":6},{"damage":12,"enemies":"Red Slaver","floor":11,"turns":4},{"damage":3,"enemies":"Blue Slaver","floor":12,"turns":2},{"damage":0,"enemies":"Slime Boss","floor":16,"turns":6},{"damage":38,"enemies":"Chosen","floor":18,"turns":5},{"damage":38,"enemies":"Shell Parasite","floor":19,"turns":7}],"seed_played":"2213781003395502203","potions_obtained":[{"floor":1,"key":"Block Potion"},{"floor":7,"key":"Explosive Potion"},{"floor":8,"key":"Poison Potion"},{"floor":10,"key":"SteroidPotion"}],"is_trial":false,"path_per_floor":["M","M","?","?","$","R","?","M","T","E","M","M","R","?","R","B",null,"M","M"],"character_chosen":"DEFECT","items_purchased":["Thinking Ahead"],"campfire_rested":1,"item_purchase_floors":[5],"current_hp_per_floor":[67,65,54,54,54,54,54,54,54,25,15,12,34,34,34,40,66,32,2],"gold":436,"neow_bonus":"ONE_RARE_RELIC","is_prod":false,"is_daily":false,"chose_seed":false,"campfire_upgraded":2,"win_rate":0,"timestamp":1548889442,"path_taken":["M","?","?","?","$","R","?","M","T","E","?","M","R","?","R","BOSS","M","M"],"build_version":"2019-01-23","purchased_purges":1,"victory":false,"max_hp_per_floor":[68,68,68,68,68,68,68,68,68,75,75,75,75,75,75,75,75,75,75],"card_choices":[{"not_picked":["Lockon","Hologram"],"picked":"FTL","floor":1},{"not_picked":["Hologram","Hello World"],"picked":"Capacitor","floor":2},{"not_picked":["Turbo","Hologram"],"picked":"Tempest","floor":8},{"not_picked":["Rebound","Heatsinks"],"picked":"Static Discharge","floor":10},{"not_picked":["Rebound","Streamline"],"picked":"Buffer","floor":11},{"not_picked":["Redo","Double Energy"],"picked":"Doom and Gloom","floor":12},{"not_picked":["Meteor Strike","Buffer"],"picked":"Biased Cognition","floor":16},{"not_picked":["Streamline+1","BootSequence"],"picked":"Chill","floor":18}],"player_experience":533881,"relics_obtained":[{"floor":9,"key":"MawBank"},{"floor":10,"key":"Strawberry"}],"event_choices":[{"damage_healed":0,"gold_gain":75,"player_choice":"Gather Gold","damage_taken":11,"max_hp_gain":0,"max_hp_loss":0,"event_name":"World of Goop","floor":3,"gold_loss":0},{"damage_healed":0,"gold_gain":175,"player_choice":"AGREE","damage_taken":0,"max_hp_gain":0,"max_hp_loss":0,"event_name":"Liars Game","floor":4,"gold_loss":0,"cards_obtained":["Doubt"]},{"damage_healed":0,"gold_gain":0,"player_choice":"Got Potions","damage_taken":0,"max_hp_gain":0,"max_hp_loss":0,"event_name":"Lab","floor":7,"gold_loss":0},{"damage_healed":0,"gold_gain":0,"player_choice":"Grow","damage_taken":0,"max_hp_gain":0,"max_hp_loss":0,"event_name":"Living Wall","floor":14,"gold_loss":0,"cards_upgraded":["Buffer"]}],"is_beta":true,"boss_relics":[{"not_picked":["Runic Dome","Lizard Tail"],"picked":"Inserter"}],"items_purged_floors":[5],"is_endless":false,"potions_floor_spawned":[1,8,10],"killed_by":"Shell Parasite","ascension_level":12}