{"gold_per_floor":[118,118,118,134,134,162,162,162,239,239,300,27,27,54,54,54],"floor_reached":16,"playtime":412,"items_purged":["Defend_G"],"score":194,"play_id":"95d7ed2a-5332-491a-940f-9ddcec727218","local_time":"20190128222307","is_ascension_mode":true,"campfire_choices":[{"data":"Calculated Gamble","floor":7,"key":"SMITH"},{"data":"Backflip","floor":10,"key":"SMITH"},{"data":"Setup","floor":13,"key":"SMITH"},{"floor":15,"key":"REST"}],"neow_cost":"NONE","seed_source_timestamp":1577605534712198,"circlet_count":0,"master_deck":["AscendersBane","Defend_G","Defend_G","Strike_G","Strike_G","Strike_G+1","Strike_G","Survivor+1","Neutralize","Backflip+1","Calculated Gamble+1","Deflect","Choke","Setup+1","Predator"],"relics":["Ring of the Snake","NeowsBlessing","Paper Crane","Mummified Hand","WingedGreaves","PreservedInsect"],"potions_floor_usage":[6],"damage_taken":[{"damage":0,"enemies":"2 Louse","floor":1,"turns":1},{"damage":0,"enemies":"Small Slimes","floor":4,"turns":1},{"damage":0,"enemies":"Gremlin Nob","floor":6,"turns":1},{"damage":15,"enemies":"Gremlin Nob","floor":11,"turns":6},{"damage":31,"enemies":"3 Sentries","floor":14,"turns":8},{"damage":17,"enemies":"Slime Boss","floor":16,"turns":6}],"seed_played":"1029474593311500479","potions_obtained":[{"floor":6,"key":"Fruit Juice"}],"is_trial":false,"path_per_floor":["M","?","?","M","?","E","R","?","T","R","?","$","R","E","R","B"],"character_chosen":"THE_SILENT","items_purchased":["Choke","Setup","Predator"],"campfire_rested":1,"item_purchase_floors":[12,12,12],"current_hp_per_floor":[63,56,56,56,42,47,47,47,47,47,32,32,32,1,23,6],"gold":54,"neow_bonus":"THREE_ENEMY_KILL","is_prod":false,"is_daily":false,"chose_seed":false,"campfire_upgraded":3,"win_rate":0,"timestamp":1548714187,"path_taken":["M","?","?","?","?","E","R","?","T","R","?","$","R","E","R","BOSS"],"build_version":"2019-01-23","purchased_purges":1,"victory":false,"max_hp_per_floor":[70,70,70,70,70,75,75,75,75,75,75,75,75,75,75,75],"card_choices":[{"not_picked":["Outmaneuver","Blade Dance","Poisoned Stab"],"picked":"SKIP","floor":1},{"not_picked":["Poisoned Stab","Cloak And Dagger"],"picked":"Backflip","floor":4},{"not_picked":["Deflect","Masterful Stab"],"picked":"Calculated Gamble","floor":6},{"not_picked":["Backflip","Caltrops"],"picked":"Deflect","floor":11},{"not_picked":["Dagger Throw","Prepared","Sucker Punch"],"picked":"SKIP","floor":14}],"player_experience":503677,"relics_obtained":[{"floor":6,"key":"Paper Crane"},{"floor":9,"key":"Mummified Hand"},{"floor":11,"key":"WingedGreaves"},{"floor":14,"key":"PreservedInsect"}],"event_choices":[{"cards_removed":["Defend_G"],"damage_healed":0,"gold_gain":0,"player_choice":"Card Removal","damage_taken":7,"max_hp_gain":0,"max_hp_loss":0,"event_name":"Golden Wing","floor":2,"gold_loss":0},{"cards_removed":["Strike_G"],"damage_healed":0,"gold_gain":0,"player_choice":"Offered Basic","damage_taken":0,"max_hp_gain":0,"max_hp_loss":0,"event_name":"Bonfire Elementals","floor":3,"gold_loss":0},{"damage_healed":0,"gold_gain":0,"player_choice":"Entered Light","damage_taken":14,"max_hp_gain":0,"max_hp_loss":0,"event_name":"Shining Light","floor":5,"gold_loss":0,"cards_upgraded":["Strike_G","Survivor"]},{"cards_removed":["Defend_G"],"damage_healed":0,"gold_gain":0,"player_choice":"Forget","damage_taken":0,"max_hp_gain":0,"max_hp_loss":0,"event_name":"Living Wall","floor":8,"gold_loss":0},{"damage_healed":0,"gold_gain":0,"player_choice":"Searched \u00272\u0027 times","damage_taken":0,"max_hp_gain":0,"max_hp_loss":0,"event_name":"Dead Adventurer","floor":11,"gold_loss":0}],"is_beta":true,"boss_relics":[],"items_purged_floors":[12],"is_endless":false,"potions_floor_spawned":[6],"killed_by":"Slime Boss","ascension_level":10}