{"gold_per_floor":[115,115,132,132,132,132,173,173,197,210,245,245,270,43,43,162,162,183,36,36,49,1,34,34,34,61,76,76,76,101,135,135,264,264,278,278,28,49,72,110,110,143,143,143,143,143,167,200,200,200],"floor_reached":51,"playtime":3091,"items_purged":["Regret","Strike_G"],"score":1333,"play_id":"57deeab8-ed9e-459b-b9ff-622a26446df7","local_time":"20190213172441","is_ascension_mode":true,"campfire_choices":[{"data":"Terror","floor":6,"key":"SMITH"},{"floor":8,"key":"REST"},{"floor":15,"key":"REST"},{"floor":24,"key":"REST"},{"floor":29,"key":"REST"},{"floor":32,"key":"REST"},{"floor":41,"key":"REST"},{"floor":45,"key":"REST"},{"floor":49,"key":"REST"}],"neow_cost":"NONE","seed_source_timestamp":7518125095688,"circlet_count":0,"master_deck":["AscendersBane","Defend_G","Defend_G","Defend_G","Defend_G","Defend_G","Strike_G","Strike_G","Strike_G","Strike_G","Survivor","Neutralize","Corpse Explosion","PiercingWail","Terror+1","Injury","Escape Plan","Noxious Fumes","Backstab","Noxious Fumes","Malaise","Blur","Crippling Poison","Blur","Catalyst","Backflip","Cloak And Dagger+1","Acrobatics+1","Deflect+1","Prepared+1","Adrenaline","Deflect+1","Footwork","Skewer"],"relics":["Ring of the Snake","Vajra","Golden Idol","WarpedTongs","Bottled Lightning","Snake Skull","Pear","Ancient Tea Set","Fusion Hammer","Bag of Marbles","MutagenicStrength","Dream Catcher","Paper Crane","Happy Flower","Sozu","PreservedInsect","Letter Opener","Art of War","Calipers","Ice Cream","Lantern","Torii"],"potions_floor_usage":[11,23,33,40],"damage_taken":[{"damage":0,"enemies":"Small Slimes","floor":1,"turns":3},{"damage":4,"enemies":"2 Louse","floor":3,"turns":3},{"damage":31,"enemies":"3 Sentries","floor":7,"turns":5},{"damage":6,"enemies":"Cultist","floor":10,"turns":3},{"damage":21,"enemies":"Lagavulin","floor":11,"turns":6},{"damage":27,"enemies":"Hexaghost","floor":16,"turns":8},{"damage":1,"enemies":"3 Byrds","floor":18,"turns":2},{"damage":6,"enemies":"Shell Parasite","floor":21,"turns":6},{"damage":13,"enemies":"Slavers","floor":23,"turns":6},{"damage":30,"enemies":"Shelled Parasite and Fungi","floor":27,"turns":5},{"damage":1,"enemies":"Centurion and Healer","floor":30,"turns":6},{"damage":0,"enemies":"Book of Stabbing","floor":31,"turns":7},{"damage":50,"enemies":"Champ","floor":33,"turns":13},{"damage":0,"enemies":"3 Darklings","floor":35,"turns":4},{"damage":4,"enemies":"Orb Walker","floor":38,"turns":3},{"damage":14,"enemies":"Transient","floor":39,"turns":5},{"damage":6,"enemies":"Reptomancer","floor":40,"turns":6},{"damage":0,"enemies":"Nemesis","floor":42,"turns":7},{"damage":1,"enemies":"Spire Growth","floor":47,"turns":5},{"damage":0,"enemies":"Giant Head","floor":48,"turns":7},{"damage":1,"enemies":"Time Eater","floor":50,"turns":10}],"seed_played":"-6232908488154474884","potions_obtained":[{"floor":10,"key":"AttackPotion"},{"floor":18,"key":"SkillPotion"},{"floor":23,"key":"GamblersBrew"},{"floor":31,"key":"Explosive Potion"},{"floor":33,"key":"Ancient Potion"}],"is_trial":false,"path_per_floor":["M","?","M","?","?","R","E","R","T","M","E","?","T","$","R","B",null,"M","$","?","M","$","E","R","?","T","M","T","R","M","E","R","B",null,"M","?","$","M","M","E","R","E","T","T","R","T","M","E","R","B",null],"character_chosen":"THE_SILENT","items_purchased":["Backstab","Noxious Fumes","Blur","Crippling Poison","Backflip","PreservedInsect"],"campfire_rested":8,"item_purchase_floors":[14,14,19,19,22,37],"current_hp_per_floor":[63,63,59,59,59,59,28,49,49,43,32,25,25,25,49,22,66,65,65,65,59,59,46,70,70,70,40,40,64,63,63,80,30,68,68,68,68,64,50,44,68,68,68,68,80,80,79,79,80,79],"gold":200,"neow_bonus":"ONE_RANDOM_RARE_CARD","is_prod":false,"is_daily":false,"chose_seed":false,"campfire_upgraded":1,"win_rate":0,"timestamp":1550075081,"path_taken":["M","?","M","?","?","R","E","R","T","?","E","?","?","?","R","BOSS","M","$","?","?","?","E","R","?","T","?","?","R","M","E","R","BOSS","M","?","$","M","M","E","R","E","T","?","R","?","M","E","R","BOSS"],"build_version":"2019-01-23","purchased_purges":2,"victory":true,"max_hp_per_floor":[70,70,70,70,70,70,70,70,70,70,80,80,80,80,80,80,80,80,80,80,80,80,80,80,80,80,80,80,80,80,80,80,80,80,80,80,80,80,80,80,80,80,80,80,80,80,80,80,80,80],"card_choices":[{"not_picked":["Dagger Throw","Dodge and Roll"],"picked":"PiercingWail","floor":1},{"not_picked":["Backflip","Bane"],"picked":"Terror","floor":3},{"not_picked":["Unload","Escape Plan","Backflip"],"picked":"SKIP","floor":7},{"not_picked":["Unload","Backflip"],"picked":"Escape Plan","floor":7},{"not_picked":["Deadly Poison","Acrobatics","Sucker Punch"],"picked":"SKIP","floor":10},{"not_picked":["Outmaneuver","Flying Knee"],"picked":"Noxious Fumes","floor":11},{"not_picked":["Adrenaline","Glass Knife"],"picked":"Malaise","floor":16},{"not_picked":["Dagger Throw","Slice","Flechettes+1"],"picked":"SKIP","floor":18},{"not_picked":["Dagger Throw","Distraction"],"picked":"Catalyst","floor":21},{"not_picked":["Dodge and Roll","Backflip"],"picked":"Cloak And Dagger+1","floor":23},{"not_picked":["Blade Dance","Flechettes","Dagger Throw"],"picked":"SKIP","floor":27},{"not_picked":["Deflect","Calculated Gamble"],"picked":"Acrobatics+1","floor":29},{"not_picked":["Predator","Finisher"],"picked":"Deflect+1","floor":30},{"not_picked":["Riddle With Holes","Catalyst","Deflect"],"picked":"SKIP","floor":31},{"not_picked":["Heel Hook+1","PiercingWail"],"picked":"Prepared+1","floor":32},{"not_picked":["Corpse Explosion","Grand Finale"],"picked":"Adrenaline","floor":33},{"not_picked":["Blade Dance+1","Flechettes"],"picked":"Deflect+1","floor":35},{"not_picked":["Dagger Spray","Underhanded Strike"],"picked":"Footwork","floor":38},{"not_picked":["Dagger Throw","Blade Dance+1","Slice+1"],"picked":"SKIP","floor":39},{"not_picked":["Masterful Stab","Backflip","A Thousand Cuts"],"picked":"SKIP","floor":40},{"not_picked":["Dagger Throw","Dagger Spray+1","Dash"],"picked":"SKIP","floor":42},{"not_picked":["Bane","Riddle With Holes","Sucker Punch"],"picked":"SKIP","floor":47},{"not_picked":["Slice","Cloak And Dagger","Underhanded Strike+1"],"picked":"SKIP","floor":48},{"not_picked":["Well Laid Plans","Prepared"],"picked":"Skewer","floor":49}],"player_experience":331344,"relics_obtained":[{"floor":7,"key":"Bottled Lightning"},{"floor":9,"key":"Snake Skull"},{"floor":11,"key":"Pear"},{"floor":13,"key":"Ancient Tea Set"},{"floor":23,"key":"Bag of Marbles"},{"floor":26,"key":"Dream Catcher"},{"floor":28,"key":"Paper Crane"},{"floor":31,"key":"Happy Flower"},{"floor":40,"key":"Letter Opener"},{"floor":42,"key":"Art of War"},{"floor":43,"key":"Calipers"},{"floor":44,"key":"Ice Cream"},{"floor":46,"key":"Lantern"},{"floor":48,"key":"Torii"}],"event_choices":[{"damage_healed":0,"gold_gain":0,"player_choice":"Box","damage_taken":0,"relics_obtained":["Vajra"],"max_hp_gain":0,"max_hp_loss":0,"event_name":"Big Fish","floor":2,"gold_loss":0,"cards_obtained":["Regret"]},{"damage_healed":0,"gold_gain":0,"player_choice":"Take Wound","damage_taken":0,"relics_obtained":["Golden Idol"],"max_hp_gain":0,"max_hp_loss":0,"event_name":"Golden Idol","floor":4,"gold_loss":0,"cards_obtained":["Injury"]},{"damage_healed":0,"gold_gain":0,"player_choice":"Rummage","damage_taken":0,"relics_obtained":["WarpedTongs"],"max_hp_gain":0,"max_hp_loss":0,"event_name":"Accursed Blacksmith","floor":5,"gold_loss":0,"cards_obtained":["Pain"]},{"cards_removed":["Pain"],"damage_healed":0,"gold_gain":0,"player_choice":"Card Removal","damage_taken":7,"max_hp_gain":0,"max_hp_loss":0,"event_name":"Golden Wing","floor":12,"gold_loss":0},{"damage_healed":0,"gold_gain":0,"player_choice":"Copied","damage_taken":0,"max_hp_gain":0,"max_hp_loss":0,"event_name":"Duplicator","floor":20,"gold_loss":0,"cards_obtained":["Blur"]},{"damage_healed":0,"gold_gain":0,"player_choice":"Inject Mutagens","damage_taken":0,"relics_obtained":["MutagenicStrength"],"max_hp_gain":0,"max_hp_loss":0,"event_name":"Drug Dealer","floor":25,"gold_loss":0},{"damage_healed":0,"gold_gain":0,"player_choice":"Ignored","damage_taken":0,"max_hp_gain":0,"max_hp_loss":0,"event_name":"Tomb of Lord Red Mask","floor":36,"gold_loss":0}],"is_beta":false,"boss_relics":[{"not_picked":["Runic Pyramid","Pandora\u0027s Box"],"picked":"Fusion Hammer"},{"not_picked":["Snecko Eye","WristBlade"],"picked":"Sozu"}],"items_purged_floors":[14,37],"is_endless":false,"potions_floor_spawned":[10,18,23,31,33,38,42,47],"ascension_level":12}