{"gold_per_floor":[14,28,28,45,58,58,88,88,88,108,128,128,128],"floor_reached":13,"playtime":554,"items_purged":[],"score":104,"play_id":"1a8cfd12-9c7e-4d8c-8b15-9c1819af3a45","local_time":"20190208175110","is_ascension_mode":true,"campfire_choices":[{"data":"Thunderclap","floor":6,"key":"SMITH"},{"data":"True Grit","floor":12,"key":"SMITH"}],"neow_cost":"NO_GOLD","seed_source_timestamp":95441166968742,"circlet_count":0,"master_deck":["Strike_R","Strike_R","Strike_R","Strike_R","Defend_R","Defend_R","Defend_R","Defend_R","Bash","Thunderclap+1","Rupture","Iron Wave","True Grit+1","Rupture","Iron Wave"],"relics":["Burning Blood","Bird Faced Urn","Pantograph"],"potions_floor_usage":[7,13],"damage_taken":[{"damage":7,"enemies":"Jaw Worm","floor":1,"turns":4},{"damage":1,"enemies":"Cultist","floor":2,"turns":3},{"damage":0,"enemies":"Small Slimes","floor":4,"turns":3},{"damage":19,"enemies":"Exordium Thugs","floor":5,"turns":6},{"damage":40,"enemies":"3 Sentries","floor":7,"turns":10},{"damage":5,"enemies":"2 Fungi Beasts","floor":10,"turns":4},{"damage":13,"enemies":"Lots of Slimes","floor":11,"turns":6},{"damage":39,"enemies":"Lagavulin","floor":13,"turns":8}],"seed_played":"-761050980560774396","potions_obtained":[{"floor":2,"key":"EssenceOfSteel"},{"floor":10,"key":"Ancient Potion"}],"is_trial":false,"path_per_floor":["M","M","?","M","M","R","E","?","T","M","M","R","E"],"character_chosen":"IRONCLAD","items_purchased":[],"campfire_rested":0,"item_purchase_floors":[],"current_hp_per_floor":[79,80,80,80,67,67,33,33,33,36,29,29,0],"gold":128,"neow_bonus":"ONE_RARE_RELIC","is_prod":false,"is_daily":false,"chose_seed":false,"campfire_upgraded":2,"win_rate":0,"timestamp":1549644670,"path_taken":["M","M","?","?","M","R","E","?","T","M","M","R","E"],"build_version":"2019-01-23","purchased_purges":0,"victory":false,"max_hp_per_floor":[80,80,80,80,80,80,80,80,80,80,80,80,80],"card_choices":[{"not_picked":["Pommel Strike","Cleave"],"picked":"Havoc","floor":1},{"not_picked":["Heavy Blade","Flex"],"picked":"Thunderclap","floor":2},{"not_picked":["Power Through","Second Wind"],"picked":"Rupture","floor":4},{"not_picked":["Inflame","Wild Strike"],"picked":"Iron Wave","floor":5},{"not_picked":["Flex","Rampage"],"picked":"True Grit","floor":7},{"not_picked":["Blood for Blood","Carnage"],"picked":"Rupture","floor":10},{"not_picked":["Sentinel","Clash"],"picked":"Iron Wave","floor":11}],"player_experience":253084,"relics_obtained":[{"floor":7,"key":"Pantograph"}],"event_choices":[{"cards_removed":["Havoc"],"damage_healed":5,"gold_gain":0,"player_choice":"Offered Common","damage_taken":0,"max_hp_gain":0,"max_hp_loss":0,"event_name":"Bonfire Elementals","floor":3,"gold_loss":0},{"cards_removed":["Havoc"],"damage_healed":5,"gold_gain":0,"player_choice":"Offered Special","damage_taken":0,"max_hp_gain":0,"max_hp_loss":0,"event_name":"Bonfire Elementals","floor":3,"gold_loss":0},{"cards_removed":["Strike_R"],"damage_healed":0,"gold_gain":0,"player_choice":"Card Removal","damage_taken":0,"max_hp_gain":0,"max_hp_loss":0,"event_name":"Wheel of Change","floor":8,"gold_loss":0}],"is_beta":false,"boss_relics":[],"items_purged_floors":[],"is_endless":false,"potions_floor_spawned":[2,10],"killed_by":"Lagavulin","ascension_level":4}