{"path_per_floor":["M","$","?","M","$","E","R","M","T","R","?","E","R","M","R","B",null,"M","M","?","$","T","E","R","?","T","M","R","M","R","M","R"],"character_chosen":"DEFECT","items_purchased":["Mercury Hourglass","Ball Lightning","Medical Kit"],"gold_per_floor":[362,42,42,56,8,40,40,56,86,86,86,112,112,127,127,224,224,243,255,255,61,61,95,95,95,95,115,115,134,134,145,145,145],"floor_reached":33,"campfire_rested":3,"playtime":844,"current_hp_per_floor":[69,69,69,69,69,45,45,45,45,45,45,37,37,36,58,49,69,69,69,61,61,61,36,58,75,75,69,69,45,45,42,64,0],"items_purged":["Regret"],"gold":145,"score":341,"play_id":"d69770dc-744a-47f7-b320-ad1fbdd8805a","local_time":"20180511222801","is_prod":false,"is_daily":false,"chose_seed":false,"is_ascension_mode":true,"campfire_upgraded":5,"timestamp":1526102881,"path_taken":["M","$","?","M","$","E","R","M","T","R","?","E","R","M","R","BOSS","M","M","?","$","?","E","R","?","T","M","R","M","R","M","R","BOSS"],"build_version":"2018-05-10","seed_source_timestamp":169555713988449,"purchased_purges":1,"victory":false,"master_deck":["Strike_B","Strike_B","Strike_B","Defend_B","Defend_B","Defend_B","Defend_B+1","Zap+1","Dualcast","Leap","Ball Lightning+1","Ball Lightning+1","Rip and Tear+1","Fusion","Beam Cell+1","Reboot","Seek"],"max_hp_per_floor":[75,75,75,75,75,75,75,75,75,75,75,75,75,75,75,75,75,75,75,75,75,75,75,75,75,75,75,75,75,75,75,75,75],"relics":["Cracked Core","Mercury Hourglass","Shuriken","Tiny Chest","Ice Cream","Inserter","Medical Kit","Art of War","Omamori","Centennial Puzzle"],"card_choices":[{"not_picked":["Skim","Double Energy"],"picked":"Leap","floor":1},{"not_picked":["Cold Snap","Rainbow"],"picked":"Ball Lightning","floor":6},{"not_picked":["Streamline","Skim"],"picked":"Rip and Tear","floor":8},{"not_picked":["Tempest","Go for the Eyes"],"picked":"Beam Cell","floor":14},{"not_picked":["Seek","Echo Form"],"picked":"Reboot","floor":16},{"not_picked":["Hologram","Stack"],"picked":"Seek","floor":31}],"player_experience":218960,"potions_floor_usage":[12,16,16,23,31,33],"damage_taken":[{"damage":6,"enemies":"Jaw Worm","floor":1,"turns":4},{"damage":0,"enemies":"Cultist","floor":4,"turns":3},{"damage":24,"enemies":"Lagavulin","floor":6,"turns":6},{"damage":0,"enemies":"2 Louse","floor":8,"turns":2},{"damage":8,"enemies":"Gremlin Nob","floor":12,"turns":3},{"damage":1,"enemies":"Looter","floor":14,"turns":2},{"damage":9,"enemies":"The Guardian","floor":16,"turns":6},{"damage":0,"enemies":"Spheric Guardian","floor":18,"turns":3},{"damage":0,"enemies":"Chosen","floor":19,"turns":2},{"damage":25,"enemies":"Book of Stabbing","floor":23,"turns":5},{"damage":6,"enemies":"Snecko","floor":27,"turns":5},{"damage":24,"enemies":"Snake Plant","floor":29,"turns":2},{"damage":3,"enemies":"3 Cultists","floor":31,"turns":3},{"damage":79,"enemies":"Champ","floor":33,"turns":6}],"event_choices":[{"event_name":"Accursed Blacksmith","player_choice":"Forge","floor":3,"damage_taken":0},{"event_name":"Transmorgrifier","player_choice":"Transform","floor":11,"damage_taken":0},{"event_name":"Knowing Skull","player_choice":"","floor":20,"damage_taken":0},{"event_name":"The Library","player_choice":"Heal","floor":25,"damage_taken":0}],"boss_relics":[{"not_picked":["Black Star","Sozu"],"picked":"Inserter"}],"potions_floor_spawned":[6,8,12,18,29,31],"seed_played":"-7737194309859926687","killed_by":"Champ","ascension_level":5,"is_trial":false}