{"gold_per_floor":[117,127,127,127,4,4,39,39,66,80,91,104,129,1,1,100,100,110,10,0,13,23,23,33,89,114,114,114,132,144,114,114,114],"floor_reached":33,"playtime":1255,"items_purged":["Strike_B","Strike_B"],"score":423,"play_id":"49a2a51a-831e-4a22-95c9-766f05a50b9d","local_time":"20190126212013","is_ascension_mode":true,"campfire_choices":[{"data":"Redo","floor":6.0,"key":"SMITH"},{"data":"Beam Cell","floor":8.0,"key":"SMITH"},{"data":"Go for the Eyes","floor":15.0,"key":"SMITH"},{"data":"Sunder","floor":23.0,"key":"SMITH"},{"data":"Seek","floor":28.0,"key":"SMITH"},{"floor":32,"key":"REST"}],"neow_cost":"NONE","seed_source_timestamp":0,"circlet_count":0,"master_deck":["Strike_B","Defend_B","Defend_B","Defend_B","Zap","Dualcast","Beam Cell+1","Sweeping Beam","Redo+1","Sunder+1","Steam","BootSequence","Go for the Eyes+1","Gash","Finesse","Seek+1","Loop+1","Static Discharge","Leap+1","Reboot","Go for the Eyes+1"],"special_seed":0,"relics":["Cracked Core","NeowsBlessing","Art of War","Ancient Tea Set","Bag of Preparation","Lantern","Empty Cage","Tiny Chest","Bronze Scales"],"potions_floor_usage":[33,33],"damage_taken":[{"damage":0.0,"enemies":"2 Louse","floor":1.0,"turns":1.0},{"damage":0.0,"enemies":"Jaw Worm","floor":2.0,"turns":1.0},{"damage":0.0,"enemies":"Gremlin Nob","floor":7.0,"turns":1.0},{"damage":0.0,"enemies":"Cultist","floor":10.0,"turns":2.0},{"damage":6.0,"enemies":"Looter","floor":11.0,"turns":2.0},{"damage":0.0,"enemies":"2 Fungi Beasts","floor":12.0,"turns":2.0},{"damage":9.0,"enemies":"3 Sentries","floor":13.0,"turns":5.0},{"damage":33.0,"enemies":"Hexaghost","floor":16.0,"turns":10.0},{"damage":10.0,"enemies":"3 Byrds","floor":18.0,"turns":3.0},{"damage":0.0,"enemies":"Shell Parasite","floor":21.0,"turns":3.0},{"damage":9.0,"enemies":"Centurion and Healer","floor":22.0,"turns":6.0},{"damage":2.0,"enemies":"Cultist and Chosen","floor":24.0,"turns":4.0},{"damage":8.0,"enemies":"Book of Stabbing","floor":25.0,"turns":5.0},{"damage":21,"enemies":"Snake Plant","floor":29,"turns":4},{"damage":19,"enemies":"Sentry and Sphere","floor":30,"turns":4},{"damage":50,"enemies":"Collector","floor":33,"turns":6}],"seed_played":"2838474130910250590","potions_obtained":[{"floor":1.0,"key":"Fire Potion"},{"floor":13.0,"key":"FearPotion"},{"floor":16.0,"key":"Swift Potion"},{"floor":18.0,"key":"Dexterity Potion"},{"floor":29,"key":"SpeedPotion"},{"floor":31,"key":"Poison Potion"},{"floor":31,"key":"Weak Potion"}],"is_trial":false,"path_per_floor":["M","M","?","?","$","R","E","R","T","M","M","M","E","$","R","B",null,"M","$","?","M","M","R","M","E","T","?","R","M","M","?","R","B"],"character_chosen":"DEFECT","items_purchased":["Redo","Gash","Finesse"],"campfire_rested":1,"item_purchase_floors":[5,14,14],"current_hp_per_floor":[68,68,68,61,61,61,61,61,61,61,55,55,46,46,46,13,60,50,50,50,50,41,41,39,31,31,56,56,35,16,16,38,0],"gold":114,"neow_bonus":"THREE_ENEMY_KILL","is_prod":false,"is_daily":false,"chose_seed":false,"campfire_upgraded":5,"win_rate":0,"timestamp":1548537613,"path_taken":["M","M","?","?","?","R","E","R","T","M","M","?","E","$","R","BOSS","M","$","?","M","M","R","M","E","T","?","R","M","M","?","R","BOSS"],"build_version":"2019-01-23","purchased_purges":2,"victory":false,"max_hp_per_floor":[75,75,75,75,75,75,75,75,75,75,75,75,75,75,75,75,75,75,75,75,75,75,75,75,75,75,75,75,75,75,75,75,75],"card_choices":[{"not_picked":["Tempest","Chill"],"picked":"Beam Cell","floor":1.0},{"not_picked":["Rip and Tear","Streamline"],"picked":"Sweeping Beam","floor":2.0},{"not_picked":["Rainbow","Sweeping Beam","Beam Cell"],"picked":"SKIP","floor":7.0},{"not_picked":["Sweeping Beam","Heatsinks"],"picked":"Sunder","floor":10.0},{"not_picked":["Blizzard","Coolheaded"],"picked":"Steam","floor":11.0},{"not_picked":["Heatsinks","Stack"],"picked":"BootSequence","floor":12.0},{"not_picked":["Barrage","Tempest"],"picked":"Go for the Eyes","floor":13.0},{"not_picked":["Multi-Cast","Echo Form"],"picked":"Seek","floor":16.0},{"not_picked":["Streamline","Cold Snap"],"picked":"Loop+1","floor":18.0},{"not_picked":["Stack","Beam Cell"],"picked":"Static Discharge","floor":21.0},{"not_picked":["Streamline","Aggregate","Rebound+1"],"picked":"SKIP","floor":22.0},{"not_picked":["Barrage","Doom and Gloom","Beam Cell"],"picked":"SKIP","floor":24.0},{"not_picked":["Darkness","Streamline+1"],"picked":"Leap+1","floor":25.0},{"not_picked":["Darkness","Go for the Eyes"],"picked":"Reboot","floor":29},{"not_picked":["Reinforced Body","Barrage"],"picked":"Go for the Eyes+1","floor":30}],"player_experience":479580,"relics_obtained":[{"floor":7.0,"key":"Ancient Tea Set"},{"floor":9.0,"key":"Bag of Preparation"},{"floor":13.0,"key":"Lantern"},{"floor":25.0,"key":"Tiny Chest"},{"floor":26.0,"key":"Bronze Scales"}],"event_choices":[{"damage_healed":0.0,"max_hp_gain":0.0,"max_hp_loss":0.0,"gold_gain":0.0,"event_name":"Big Fish","player_choice":"Box","floor":3.0,"gold_loss":0.0,"damage_taken":0.0,"relics_obtained":["Art of War"],"cards_obtained":["Regret"]},{"cards_removed":["Regret"],"damage_healed":0.0,"max_hp_gain":0.0,"max_hp_loss":0.0,"gold_gain":0.0,"event_name":"Golden Wing","player_choice":"Card Removal","floor":4.0,"gold_loss":0.0,"damage_taken":7.0},{"damage_healed":0.0,"max_hp_gain":0.0,"max_hp_loss":0.0,"gold_gain":0.0,"event_name":"Masked Bandits","player_choice":"Paid Fearfully","floor":20.0,"gold_loss":10.0,"damage_taken":0.0},{"damage_healed":25.0,"max_hp_gain":0.0,"max_hp_loss":0.0,"gold_gain":0.0,"event_name":"The Library","player_choice":"Heal","floor":27.0,"gold_loss":0.0,"damage_taken":0.0},{"damage_healed":0,"gold_gain":0,"player_choice":"Bought 2 Potions","damage_taken":0,"max_hp_gain":0,"max_hp_loss":0,"event_name":"The Woman in Blue","floor":31,"gold_loss":0}],"is_beta":true,"boss_relics":[{"not_picked":["Ectoplasm","Orrery"],"picked":"Empty Cage"}],"items_purged_floors":[5,19],"is_endless":false,"potions_floor_spawned":[1,13,16,18,29],"killed_by":"Collector","ascension_level":8}