{"gold_per_floor":[116,86,101,170,184,211,211,2,2,2,14,14,32,32],"floor_reached":14,"playtime":536,"items_purged":[],"score":149,"play_id":"97042309-9315-4a9b-b4c5-7a4d95f0752e","local_time":"20190206212412","is_ascension_mode":true,"campfire_choices":[{"floor":7,"key":"REST"}],"neow_cost":"PERCENT_DAMAGE","seed_source_timestamp":1832234601422,"circlet_count":0,"master_deck":["AscendersBane","Strike_B","Strike_B","Defend_B","Defend_B","Defend_B","Defend_B","Zap","Dualcast","Chill","Loop","Coolheaded","Rainbow","Blizzard+1","Genetic Algorithm"],"relics":["Cracked Core","Letter Opener","Molten Egg 2","DataDisk"],"potions_floor_usage":[6,6,13],"damage_taken":[{"damage":12,"enemies":"Small Slimes","floor":1,"turns":3},{"damage":0,"enemies":"Cultist","floor":3,"turns":4},{"damage":0,"enemies":"2 Louse","floor":5,"turns":2},{"damage":35,"enemies":"Gremlin Nob","floor":6,"turns":5},{"damage":3,"enemies":"Blue Slaver","floor":11,"turns":3},{"damage":9,"enemies":"Exordium Thugs","floor":13,"turns":4},{"damage":17,"enemies":"Exordium Wildlife","floor":14,"turns":2}],"seed_played":"419726717126794455","potions_obtained":[{"floor":1,"key":"Weak Potion"},{"floor":2,"key":"Fire Potion"},{"floor":6,"key":"Poison Potion"},{"floor":13,"key":"Poison Potion"}],"is_trial":false,"path_per_floor":["M","?","M","T","M","E","R","$","T","$","M","$","M","M"],"character_chosen":"DEFECT","items_purchased":["Rainbow","Blizzard+1"],"campfire_rested":1,"item_purchase_floors":[8,8],"current_hp_per_floor":[38,38,38,38,38,3,25,25,25,25,22,22,13,0],"gold":32,"neow_bonus":"REMOVE_TWO","is_prod":false,"is_daily":false,"chose_seed":false,"campfire_upgraded":0,"win_rate":0,"timestamp":1549488252,"path_taken":["M","?","?","?","?","E","R","$","T","$","M","?","M","M"],"build_version":"2019-01-23","purchased_purges":0,"victory":false,"max_hp_per_floor":[75,75,75,75,75,75,75,75,75,75,75,75,75,75],"card_choices":[{"not_picked":["Ball Lightning","Sweeping Beam"],"picked":"Chill","floor":1},{"not_picked":["Hello World","Blizzard","Conserve Battery"],"picked":"SKIP","floor":3},{"not_picked":["Streamline","Stack"],"picked":"Loop","floor":5},{"not_picked":["Skim","Conserve Battery"],"picked":"Coolheaded","floor":6},{"not_picked":["Streamline+1","Chaos"],"picked":"Genetic Algorithm","floor":11},{"not_picked":["Rebound+1","Compile Driver+1","Fusion"],"picked":"SKIP","floor":13}],"player_experience":569595,"relics_obtained":[{"floor":4,"key":"Letter Opener"},{"floor":6,"key":"Molten Egg 2"},{"floor":9,"key":"DataDisk"}],"event_choices":[{"damage_healed":0,"gold_gain":0,"player_choice":"Bought 2 Potions","damage_taken":0,"max_hp_gain":0,"max_hp_loss":0,"event_name":"The Woman in Blue","floor":2,"gold_loss":0}],"is_beta":true,"boss_relics":[],"items_purged_floors":[],"is_endless":false,"potions_floor_spawned":[1,5,6,13],"killed_by":"Exordium Wildlife","ascension_level":13}