{"gold_per_floor":[118,218,232,232,243,243,277,277,301,312,322,357,44,60,60,161,161,179,191,40,53,53,53,81,81,81,94,94,94,22,54,66,78],"floor_reached":33,"playtime":3760,"items_purged":[],"score":320,"play_id":"a0cf74a1-f8a4-4b09-b8b2-aaadb1156477","local_time":"20190127230535","is_ascension_mode":false,"campfire_choices":[{"floor":6.0,"key":"REST"},{"floor":8.0,"key":"REST"},{"floor":15.0,"key":"REST"},{"floor":23.0,"key":"REST"},{"floor":25.0,"key":"REST"},{"floor":29.0,"key":"REST"},{"floor":32,"key":"REST"}],"neow_cost":"NONE","seed_source_timestamp":0,"circlet_count":0,"master_deck":["Defend_G+1","Defend_G+1","Defend_G+1","Defend_G+1","Defend_G+1","Strike_G+1","Strike_G+1","Strike_G+1","Strike_G+1","Strike_G+1","Survivor","Neutralize+1","Infinite Blades","Underhanded Strike","Accuracy","All Out Attack","Envenom","Outmaneuver","Masterful Stab","Blade Dance","Escape Plan","Dash","Deadly Poison","Adrenaline","Finisher","Cloak And Dagger","Finisher","Dash","Corpse Explosion","Die Die Die","PiercingWail","Tools of the Trade","Acrobatics","Backstab+1","Poisoned Stab+1","Blur","Infinite Blades"],"special_seed":0,"relics":["Ring of the Snake","Oddly Smooth Stone","Question Card","Lantern","StoneCalendar","Vajra","Orrery","FossilizedHelix","Snake Skull","Nilry\u0027s Codex","MawBank"],"potions_floor_usage":[33,33,33],"damage_taken":[{"damage":26.0,"enemies":"Cultist","floor":1.0,"turns":8.0},{"damage":0.0,"enemies":"Jaw Worm","floor":3.0,"turns":4.0},{"damage":4.0,"enemies":"Small Slimes","floor":5.0,"turns":5.0},{"damage":12.0,"enemies":"Gremlin Nob","floor":7.0,"turns":5.0},{"damage":0.0,"enemies":"3 Louse","floor":10.0,"turns":2.0},{"damage":4.0,"enemies":"Exordium Wildlife","floor":11.0,"turns":3.0},{"damage":15.0,"enemies":"3 Sentries","floor":12.0,"turns":7.0},{"damage":16.0,"enemies":"Exordium Thugs","floor":14.0,"turns":5.0},{"damage":28.0,"enemies":"Slime Boss","floor":16.0,"turns":7.0},{"damage":12.0,"enemies":"2 Thieves","floor":18.0,"turns":4.0},{"damage":24.0,"enemies":"Spheric Guardian","floor":19.0,"turns":4.0},{"damage":7.0,"enemies":"Centurion and Healer","floor":21.0,"turns":7.0},{"damage":29.0,"enemies":"Book of Stabbing","floor":24.0,"turns":6.0},{"damage":4.0,"enemies":"Snecko","floor":27.0,"turns":4.0},{"damage":18,"enemies":"Slavers","floor":31,"turns":6},{"damage":48,"enemies":"Automaton","floor":33,"turns":8}],"seed_played":"-8801283108032391726","potions_obtained":[{"floor":1.0,"key":"LiquidBronze"},{"floor":7.0,"key":"Ancient Potion"},{"floor":10.0,"key":"Poison Potion"},{"floor":12.0,"key":"GhostInAJar"},{"floor":21.0,"key":"Strength Potion"},{"floor":24.0,"key":"Dexterity Potion"},{"floor":27.0,"key":"LiquidBronze"}],"is_trial":false,"path_per_floor":["M","?","M","?","M","R","E","R","T","M","M","E","$","M","R","B",null,"M","M","$","M","?","R","E","R","T","M","?","R","$","E","R","B"],"character_chosen":"THE_SILENT","items_purchased":["Vajra","Blade Dance","Escape Plan","Dash","Tools of the Trade","Blur"],"campfire_rested":7,"item_purchase_floors":[13,13,13,13,20,30],"current_hp_per_floor":[44,44,44,32,28,49,37,58,58,58,54,39,39,23,44,16,70,58,34,34,27,27,48,19,40,40,36,20,41,41,23,44,0],"gold":78,"neow_bonus":"UPGRADE_CARD","is_prod":false,"is_daily":false,"chose_seed":false,"campfire_upgraded":0,"win_rate":0.0,"timestamp":1548651935,"path_taken":["M","?","?","?","M","R","E","R","T","M","M","E","$","M","R","BOSS","M","M","$","M","?","R","E","R","T","M","?","R","?","E","R","BOSS"],"build_version":"2019-01-23","purchased_purges":0,"victory":false,"max_hp_per_floor":[70,70,70,70,70,70,70,70,70,70,70,70,70,70,70,70,70,70,70,70,70,70,70,70,70,70,70,70,70,70,70,70,70],"card_choices":[{"not_picked":["Prepared","Poisoned Stab"],"picked":"Infinite Blades","floor":1.0},{"not_picked":["Infinite Blades","Dodge and Roll"],"picked":"Underhanded Strike","floor":3.0},{"not_picked":["Crippling Poison","Dagger Throw"],"picked":"Accuracy","floor":5.0},{"not_picked":["Sucker Punch","Backstab"],"picked":"All Out Attack","floor":7.0},{"not_picked":["Outmaneuver","Cloak And Dagger","Prepared"],"picked":"Envenom","floor":10.0},{"not_picked":["Dagger Spray","Dodge and Roll","Sucker Punch"],"picked":"Outmaneuver","floor":11.0},{"not_picked":["Flying Knee","Wraith Form v2","Malaise"],"picked":"Masterful Stab","floor":12.0},{"not_picked":["Bane","Outmaneuver","Deflect"],"picked":"Deadly Poison","floor":14.0},{"not_picked":["Die Die Die","Phantasmal Killer","Venomology"],"picked":"Adrenaline","floor":16.0},{"not_picked":["Leg Sweep","PiercingWail","Catalyst"],"picked":"Finisher","floor":17.0},{"not_picked":["Deadly Poison","Predator","Deflect"],"picked":"Cloak And Dagger","floor":17.0},{"not_picked":["Slice","Backflip","Underhanded Strike"],"picked":"Finisher","floor":17.0},{"not_picked":["Sucker Punch","Acrobatics","Predator"],"picked":"Dash","floor":17.0},{"not_picked":["Flying Knee","Eviscerate","Sucker Punch"],"picked":"Corpse Explosion","floor":17.0},{"not_picked":["Flying Knee+1","Poisoned Stab+1","Dagger Throw+1"],"picked":"Die Die Die","floor":18.0},{"not_picked":["Flying Knee+1","Skewer","Escape Plan"],"picked":"PiercingWail","floor":19.0},{"not_picked":["Blade Dance","Calculated Gamble+1","Catalyst"],"picked":"Acrobatics","floor":21.0},{"not_picked":["PiercingWail","Noxious Fumes+1","Dagger Spray"],"picked":"Backstab+1","floor":24.0},{"not_picked":["Dagger Throw","Blur","Outmaneuver"],"picked":"Poisoned Stab+1","floor":27.0},{"not_picked":["Underhanded Strike","Glass Knife","Riddle With Holes"],"picked":"Infinite Blades","floor":31}],"player_experience":42623,"relics_obtained":[{"floor":7.0,"key":"Question Card"},{"floor":9.0,"key":"Lantern"},{"floor":12.0,"key":"StoneCalendar"},{"floor":24.0,"key":"FossilizedHelix"},{"floor":26.0,"key":"Snake Skull"},{"floor":28.0,"key":"Nilry\u0027s Codex"},{"floor":31,"key":"MawBank"}],"event_choices":[{"damage_healed":0.0,"max_hp_gain":0.0,"max_hp_loss":0.0,"gold_gain":100.0,"event_name":"Golden Shrine","player_choice":"Pray","floor":2.0,"gold_loss":0.0,"damage_taken":0.0},{"damage_healed":0.0,"max_hp_gain":0.0,"max_hp_loss":0.0,"gold_gain":0.0,"event_name":"Scrap Ooze","player_choice":"Success","floor":4.0,"gold_loss":0.0,"damage_taken":12.0,"relics_obtained":["Oddly Smooth Stone"]},{"damage_healed":0.0,"max_hp_gain":0.0,"max_hp_loss":0.0,"gold_gain":0.0,"event_name":"Back to Basics","player_choice":"Simplicity","floor":22.0,"gold_loss":0.0,"damage_taken":0.0,"cards_upgraded":["Defend_G","Defend_G","Defend_G","Defend_G","Defend_G","Strike_G","Strike_G","Strike_G","Strike_G","Strike_G"]},{"damage_healed":0.0,"max_hp_gain":0.0,"max_hp_loss":0.0,"gold_gain":0.0,"event_name":"Cursed Tome","player_choice":"Obtained Book","floor":28.0,"gold_loss":0.0,"damage_taken":16.0}],"is_beta":false,"boss_relics":[{"not_picked":["Velvet Choker","Astrolabe"],"picked":"Orrery"}],"items_purged_floors":[],"is_endless":false,"potions_floor_spawned":[1,7,10,12,21,24,27],"killed_by":"Automaton","ascension_level":0}