{"gold_per_floor":[114,43,43,58,73,103,133,148,173,173,173,203,233,180,180,280,280,295,180,105,155,155,185,185,215,215,230,230,260,260,60,60,160,160,175,175,53,53,68,98,98,128,128,158,158,173,203,130,130,130],"floor_reached":51,"playtime":2639,"items_purged":["Body Slam"],"score":998,"play_id":"a95e2c32-6c6f-43dc-b385-2021cb36df4f","local_time":"20181116004628","daily_mods":["Allstar","Flight","DeadlyEvents"],"is_ascension_mode":false,"campfire_choices":[{"data":"Discovery","floor":10.0,"key":"SMITH"},{"data":"True Grit","floor":15.0,"key":"SMITH"},{"floor":24.0,"key":"REST"},{"floor":28.0,"key":"REST"},{"floor":32.0,"key":"REST"},{"floor":41.0,"key":"REST"},{"floor":49,"key":"REST"}],"neow_cost":"","seed_source_timestamp":0,"circlet_count":0,"master_deck":["Bash","Violence","Purity","Master of Strategy","Swift Strike","Discovery+1","Metallicize","Pain","Infernal Blade","Rupture","Immolate","Flame Barrier","True Grit+1","Brutality","Whirlwind","Carnage","Dual Wield","Sword Boomerang","Flex","Clash","Spot Weakness","Second Wind","Rupture","Evolve","Feel No Pain","Battle Trance","Rage","Limit Break","Power Through+1","Forethought","Shockwave","Dark Shackles","Madness","Madness","Sever Soul+1","Metallicize"],"special_seed":17850,"relics":["Burning Blood","WarpedTongs","Darkstone Periapt","Centennial Puzzle","Red Skull","FaceOfCleric","StoneCalendar","Prayer Wheel","Pandora\u0027s Box","Vajra","Pantograph","Oddly Smooth Stone","Molten Egg 2","Omamori","Chemical X","Busted Crown","Incense Burner","Anchor","Gremlin Horn","Dodecahedron","Bottled Tornado"],"potions_floor_usage":[50,50],"damage_taken":[{"damage":2.0,"enemies":"Small Slimes","floor":1.0,"turns":2.0},{"damage":3.0,"enemies":"Cultist","floor":4.0,"turns":4.0},{"damage":4.0,"enemies":"2 Louse","floor":5.0,"turns":2.0},{"damage":5.0,"enemies":"Gremlin Nob","floor":6.0,"turns":3.0},{"damage":13.0,"enemies":"3 Sentries","floor":7.0,"turns":4.0},{"damage":16.0,"enemies":"Exordium Thugs","floor":8.0,"turns":3.0},{"damage":11.0,"enemies":"Gremlin Nob","floor":12.0,"turns":3.0},{"damage":15.0,"enemies":"Lagavulin","floor":13.0,"turns":6.0},{"damage":19.0,"enemies":"Hexaghost","floor":16.0,"turns":8.0},{"damage":10.0,"enemies":"Chosen","floor":18.0,"turns":3.0},{"damage":49.0,"enemies":"Book of Stabbing","floor":23.0,"turns":5.0},{"damage":48.0,"enemies":"Slavers","floor":25.0,"turns":3.0},{"damage":2.0,"enemies":"3 Byrds","floor":27.0,"turns":2.0},{"damage":32.0,"enemies":"Gremlin Leader","floor":29.0,"turns":4.0},{"damage":65.0,"enemies":"Automaton","floor":33.0,"turns":7.0},{"damage":6.0,"enemies":"3 Darklings","floor":35.0,"turns":3.0},{"damage":10.0,"enemies":"Orb Walker","floor":39.0,"turns":2.0},{"damage":56.0,"enemies":"Nemesis","floor":40.0,"turns":7.0},{"damage":32.0,"enemies":"Giant Head","floor":42.0,"turns":6.0},{"damage":8.0,"enemies":"Nemesis","floor":44.0,"turns":5.0},{"damage":3.0,"enemies":"Giant Head","floor":45.0,"turns":5.0},{"damage":0,"enemies":"3 Darklings","floor":46,"turns":1},{"damage":7,"enemies":"Nemesis","floor":47,"turns":3},{"damage":50,"enemies":"Time Eater","floor":50,"turns":7}],"seed_played":"-5442637841000677310","potions_obtained":[{"floor":1.0,"key":"Block Potion"},{"floor":5.0,"key":"Explosive Potion"},{"floor":6.0,"key":"Weak Potion"},{"floor":8.0,"key":"Block Potion"},{"floor":16.0,"key":"Fire Potion"},{"floor":25.0,"key":"Dexterity Potion"},{"floor":27.0,"key":"Fire Potion"},{"floor":29.0,"key":"SmokeBomb"},{"floor":42.0,"key":"Ancient Potion"},{"floor":44.0,"key":"FairyPotion"},{"floor":47,"key":"Explosive Potion"}],"is_trial":false,"path_per_floor":["M","$","?","M","M","E","E","M","T","R","?","E","E","$","R","B",null,"M","$","?","T","?","E","R","E","T","M","R","E","?","$","R","B",null,"M","?","$","?","M","E","R","E","T","E","E","E","M","E","$","R","B",null],"character_chosen":"IRONCLAD","items_purchased":["Metallicize","True Grit","Rupture","Chemical X","Shockwave","Dark Shackles","Metallicize"],"campfire_rested":5,"item_purchase_floors":[2,14,19,31,37,37,48],"current_hp_per_floor":[80,80,80,80,80,80,73,63,63,63,63,59,51,51,51,39,83,80,80,80,80,80,38,63,22,22,27,53,28,28,28,54,21,89,90,80,80,69,66,17,44,19,19,18,22,29,29,29,58,40],"gold":130,"neow_bonus":"","is_prod":false,"is_daily":true,"chose_seed":false,"campfire_upgraded":2,"win_rate":0,"timestamp":1542329188,"path_taken":["M","$","?","M","?","E","E","M","T","R","?","E","?","$","R","BOSS","M","$","?","?","?","E","R","E","T","?","R","?","?","?","R","BOSS","M","?","$","?","?","E","R","?","T","?","?","?","E","$","R","BOSS"],"build_version":"2018-11-14","purchased_purges":1,"victory":true,"max_hp_per_floor":[80,80,80,80,80,80,80,80,80,80,80,81,82,82,82,83,83,84,84,84,84,84,85,85,86,86,87,87,88,88,88,88,89,89,90,90,90,90,91,92,92,93,93,94,95,96,97,97,97,98],"card_choices":[{"not_picked":["Heavy Blade","Sword Boomerang","Body Slam"],"picked":"SKIP","floor":1.0},{"not_picked":["Clash","Flame Barrier"],"picked":"Infernal Blade","floor":4.0},{"not_picked":["Iron Wave","Headbutt","Armaments"],"picked":"SKIP","floor":5.0},{"not_picked":["Fire Breathing","Twin Strike"],"picked":"Rupture","floor":6.0},{"not_picked":["Armaments","Evolve"],"picked":"Immolate","floor":7.0},{"not_picked":["Twin Strike","Cleave","Flex"],"picked":"SKIP","floor":8.0},{"not_picked":["Whirlwind","Pommel Strike","Perfected Strike"],"picked":"SKIP","floor":12.0},{"not_picked":["Bloodletting","Anger"],"picked":"Flame Barrier","floor":13.0},{"not_picked":["Barricade","Immolate"],"picked":"Brutality","floor":16.0},{"not_picked":["Clash","Power Through"],"picked":"Second Wind","floor":18.0},{"not_picked":["Battle Trance","Pommel Strike","Perfected Strike"],"picked":"SKIP","floor":18.0},{"not_picked":["Corruption","Evolve","Dual Wield"],"picked":"SKIP","floor":23.0},{"not_picked":["True Grit","Dropkick+1"],"picked":"Feel No Pain","floor":25.0},{"not_picked":["Clash+1","Flex"],"picked":"Battle Trance","floor":27.0},{"not_picked":["Headbutt+1","Iron Wave+1","Cleave+1"],"picked":"SKIP","floor":27.0},{"not_picked":["Armaments","Bloodletting"],"picked":"Rage","floor":29.0},{"not_picked":["Brutality","Impervious"],"picked":"Limit Break","floor":33.0},{"not_picked":[],"picked":"Power Through+1","floor":35.0},{"not_picked":["Clash+1"],"picked":"SKIP","floor":35.0},{"not_picked":[],"picked":"Forethought","floor":36.0},{"not_picked":["Iron Wave+1"],"picked":"SKIP","floor":39.0},{"not_picked":["Ghostly Armor"],"picked":"SKIP","floor":39.0},{"not_picked":["Twin Strike+1"],"picked":"SKIP","floor":40.0},{"not_picked":["True Grit"],"picked":"SKIP","floor":42.0},{"not_picked":["Burning Pact+1"],"picked":"SKIP","floor":44.0},{"not_picked":["Twin Strike+1"],"picked":"SKIP","floor":46},{"not_picked":["Twin Strike+1"],"picked":"SKIP","floor":46},{"not_picked":[],"picked":"Sever Soul+1","floor":47}],"player_experience":305976,"relics_obtained":[{"floor":6.0,"key":"Darkstone Periapt"},{"floor":7.0,"key":"Centennial Puzzle"},{"floor":9.0,"key":"Red Skull"},{"floor":12.0,"key":"StoneCalendar"},{"floor":13.0,"key":"Prayer Wheel"},{"floor":21.0,"key":"Vajra"},{"floor":23.0,"key":"Pantograph"},{"floor":25.0,"key":"Oddly Smooth Stone"},{"floor":26.0,"key":"Molten Egg 2"},{"floor":29.0,"key":"Omamori"},{"floor":40.0,"key":"Incense Burner"},{"floor":42.0,"key":"Anchor"},{"floor":43.0,"key":"Gremlin Horn"},{"floor":44.0,"key":"Dodecahedron"},{"floor":47,"key":"Bottled Tornado"}],"event_choices":[{"damage_healed":0.0,"max_hp_gain":0.0,"max_hp_loss":0.0,"gold_gain":0.0,"event_name":"Accursed Blacksmith","player_choice":"Rummage","floor":3.0,"gold_loss":0.0,"damage_taken":0.0,"relics_obtained":["WarpedTongs"],"cards_obtained":["Pain"]},{"damage_healed":0.0,"max_hp_gain":0.0,"max_hp_loss":0.0,"gold_gain":0.0,"event_name":"FaceTrader","player_choice":"Trade","floor":11.0,"gold_loss":0.0,"damage_taken":0.0,"relics_obtained":["FaceOfCleric"]},{"cards_removed":["Dual Wield"],"damage_healed":0.0,"max_hp_gain":0.0,"max_hp_loss":0.0,"gold_gain":0.0,"event_name":"Beggar","player_choice":"Gave Gold","floor":20.0,"gold_loss":75.0,"damage_taken":0.0},{"damage_healed":0.0,"max_hp_gain":0.0,"max_hp_loss":0.0,"gold_gain":0.0,"event_name":"The Library","player_choice":"Read","floor":22.0,"gold_loss":0.0,"damage_taken":0.0,"cards_obtained":["Evolve"]},{"damage_healed":0.0,"max_hp_gain":0.0,"max_hp_loss":0.0,"gold_gain":0.0,"event_name":"Forgotten Altar","player_choice":"Smashed Altar","floor":30.0,"gold_loss":0.0,"damage_taken":0.0,"cards_obtained":["Decay"]},{"damage_healed":0.0,"max_hp_gain":0.0,"max_hp_loss":0.0,"gold_gain":0.0,"event_name":"SensoryStone","player_choice":"Memory 3","floor":36.0,"gold_loss":0.0,"damage_taken":10.0},{"damage_healed":0.0,"max_hp_gain":0.0,"max_hp_loss":0.0,"gold_gain":0.0,"event_name":"Winding Halls","player_choice":"Embrace Madness","floor":38.0,"gold_loss":0.0,"damage_taken":11.0,"cards_obtained":["Madness","Madness"]}],"is_beta":true,"boss_relics":[{"not_picked":["Lizard Tail","Runic Pyramid"],"picked":"Pandora\u0027s Box"},{"not_picked":["Calling Bell","Runic Cube"],"picked":"Busted Crown"}],"items_purged_floors":[19],"is_endless":false,"potions_floor_spawned":[1,5,6,8,16,25,27,29,42,44,45,47],"ascension_level":0}