{"gold_per_floor":[117,2,19,19,36,67,82,110,133,133,143,161,175,190,190,287,287,299,49,49,49,78,106,106,106,153,164,164,178,197,197,197,302,302,322,322,322,341,341,369,369,385,385,385,33,47,58,74,74,74],"floor_reached":50,"playtime":3867,"items_purged":["Doubt","Defend_G","Writhe"],"score":636,"play_id":"2cff57c8-e827-4785-83b7-c5666bbd7f23","local_time":"20190213020148","is_ascension_mode":true,"campfire_choices":[{"floor":10.0,"key":"REST"},{"floor":15.0,"key":"REST"},{"floor":24.0,"key":"REST"},{"floor":32.0,"key":"REST"},{"floor":41.0,"key":"REST"},{"floor":44.0,"key":"REST"},{"floor":49,"key":"REST"}],"neow_cost":"CURSE","seed_source_timestamp":0,"circlet_count":0,"master_deck":["Defend_G","Defend_G","Strike_G","Strike_G","Survivor","Neutralize","Terror","Dagger Spray","Well Laid Plans","Cloak And Dagger","Underhanded Strike","Acrobatics","Dagger Spray","Footwork","Cloak And Dagger","Quick Slash","Corpse Explosion","Prepared","Corpse Explosion","PiercingWail+1","Noxious Fumes+1","Die Die Die","Dramatic Entrance","Tactician","Burst+1","Burst","Dash","Flying Knee+1","Wraith Form v2","Bane+1","Bane+1","Die Die Die","Parasite","Tools of the Trade","Catalyst+1","Concentrate"],"special_seed":0,"relics":["Ring of the Snake","The Courier","Smiling Mask","Vajra","WristBlade","Snake Skull","Red Mask","Paper Crane","Strawberry","Sozu","Blue Candle","Ancient Tea Set","Ninja Scroll","Pen Nib","Lantern"],"potions_floor_usage":[],"damage_taken":[{"damage":6.0,"enemies":"Small Slimes","floor":1.0,"turns":6.0},{"damage":0.0,"enemies":"Cultist","floor":3.0,"turns":3.0},{"damage":1.0,"enemies":"2 Louse","floor":5.0,"turns":3.0},{"damage":22.0,"enemies":"3 Sentries","floor":6.0,"turns":9.0},{"damage":3.0,"enemies":"Gremlin Gang","floor":7.0,"turns":3.0},{"damage":33.0,"enemies":"Gremlin Nob","floor":8.0,"turns":4.0},{"damage":8.0,"enemies":"Blue Slaver","floor":11.0,"turns":3.0},{"damage":1.0,"enemies":"Looter","floor":12.0,"turns":4.0},{"damage":0.0,"enemies":"Large Slime","floor":13.0,"turns":4.0},{"damage":2.0,"enemies":"Exordium Thugs","floor":14.0,"turns":3.0},{"damage":8.0,"enemies":"Hexaghost","floor":16.0,"turns":8.0},{"damage":10.0,"enemies":"Shell Parasite","floor":18.0,"turns":6.0},{"damage":4.0,"enemies":"Masked Bandits","floor":22.0,"turns":2.0},{"damage":37.0,"enemies":"Book of Stabbing","floor":23.0,"turns":6.0},{"damage":7.0,"enemies":"Spheric Guardian","floor":27.0,"turns":5.0},{"damage":26.0,"enemies":"Snake Plant","floor":29.0,"turns":4.0},{"damage":4.0,"enemies":"Centurion and Healer","floor":30.0,"turns":5.0},{"damage":22.0,"enemies":"Automaton","floor":33.0,"turns":5.0},{"damage":1.0,"enemies":"3 Darklings","floor":35.0,"turns":2.0},{"damage":0.0,"enemies":"3 Shapes","floor":38.0,"turns":3.0},{"damage":42.0,"enemies":"Nemesis","floor":40.0,"turns":7.0},{"damage":45.0,"enemies":"Transient","floor":42.0,"turns":5.0},{"damage":20.0,"enemies":"Writhing Mass","floor":46.0,"turns":9.0},{"damage":6,"enemies":"Sphere and 2 Shapes","floor":47,"turns":6},{"damage":4,"enemies":"Spire Growth","floor":48,"turns":3},{"damage":34,"enemies":"Awakened One","floor":50,"turns":2}],"seed_played":"-5202500358675276503","potions_obtained":[{"floor":5.0,"key":"Explosive Potion"},{"floor":7.0,"key":"LiquidBronze"},{"floor":8.0,"key":"Energy Potion"},{"floor":12.0,"key":"Energy Potion"},{"floor":13.0,"key":"Poison Potion"},{"floor":14.0,"key":"EntropicBrew"},{"floor":18.0,"key":"SpeedPotion"},{"floor":30.0,"key":"Dexterity Potion"}],"is_trial":false,"path_per_floor":["M","$","M","?","M","E","M","E","T","R","M","M","M","M","R","B",null,"M","$","?","$","?","E","R","?","T","M","?","M","M","?","R","B",null,"M","T","?","M","?","E","R","M","T","R","$","M","M","M","R","B"],"character_chosen":"THE_SILENT","items_purchased":["Well Laid Plans","Noxious Fumes","Die Die Die","Dramatic Entrance","Pen Nib","Lantern","Die Die Die"],"campfire_rested":7,"item_purchase_floors":[2,19,19,19,45,45,45],"current_hp_per_floor":[64,64,64,64,63,41,38,5,5,26,18,17,17,15,36,28,70,60,60,60,60,56,19,40,40,47,40,40,14,10,10,33,11,77,76,76,76,76,76,34,57,12,12,35,35,15,9,5,28,0],"gold":74,"neow_bonus":"TRANSFORM_TWO_CARDS","is_prod":false,"is_daily":false,"chose_seed":false,"campfire_upgraded":0,"win_rate":0,"timestamp":1550044908,"path_taken":["M","$","M","?","M","E","M","E","T","R","M","M","?","M","R","BOSS","M","$","?","$","?","E","R","?","T","M","?","?","M","?","R","BOSS","M","?","?","M","?","E","R","M","T","R","$","M","M","?","R","BOSS"],"build_version":"2019-01-23","purchased_purges":3,"victory":false,"max_hp_per_floor":[70,70,70,70,70,70,70,70,70,70,70,70,70,70,70,70,70,70,70,70,70,70,70,70,70,77,77,77,77,77,77,77,77,77,77,77,77,77,77,77,77,77,77,77,77,77,77,77,77,77],"card_choices":[{"not_picked":["Deflect","Outmaneuver"],"picked":"Dagger Spray","floor":1.0},{"not_picked":["Sucker Punch","Deadly Poison"],"picked":"Cloak And Dagger","floor":3.0},{"not_picked":["Deflect","Dagger Spray"],"picked":"Underhanded Strike","floor":5.0},{"not_picked":["Grand Finale","PiercingWail"],"picked":"Acrobatics","floor":6.0},{"not_picked":["Calculated Gamble","Predator"],"picked":"Dagger Spray","floor":7.0},{"not_picked":["Calculated Gamble","Terror"],"picked":"Footwork","floor":8.0},{"not_picked":["Dagger Throw","Predator"],"picked":"Cloak And Dagger","floor":11.0},{"not_picked":["All Out Attack","Sucker Punch"],"picked":"Quick Slash","floor":12.0},{"not_picked":["Flying Knee","Infinite Blades"],"picked":"Corpse Explosion","floor":13.0},{"not_picked":["Blade Dance","Eviscerate"],"picked":"Prepared","floor":14.0},{"not_picked":["A Thousand Cuts","Storm of Steel"],"picked":"Corpse Explosion","floor":16.0},{"not_picked":["Cloak And Dagger","Underhanded Strike"],"picked":"PiercingWail+1","floor":18.0},{"not_picked":["Finisher","Caltrops+1"],"picked":"Tactician","floor":22.0},{"not_picked":["Sucker Punch","Acrobatics"],"picked":"Burst","floor":23.0},{"not_picked":["Backflip","Poisoned Stab","Dagger Spray+1"],"picked":"SKIP","floor":27.0},{"not_picked":["Finisher","Heel Hook","Poisoned Stab"],"picked":"SKIP","floor":29.0},{"not_picked":["Slice","Blade Dance"],"picked":"Flying Knee+1","floor":30.0},{"not_picked":["Unload","Storm of Steel"],"picked":"Wraith Form v2","floor":33.0},{"not_picked":["Dodge and Roll","Skewer+1"],"picked":"Bane+1","floor":35.0},{"not_picked":["Underhanded Strike+1","Quick Slash+1"],"picked":"Bane+1","floor":38.0},{"not_picked":["Deflect","Endless Agony","Backflip+1"],"picked":"SKIP","floor":40.0},{"not_picked":["Dagger Spray","Sucker Punch","Blade Dance+1"],"picked":"SKIP","floor":42.0},{"not_picked":["Acrobatics","Bane"],"picked":"Tools of the Trade","floor":46.0},{"not_picked":["Acrobatics","Footwork"],"picked":"Catalyst+1","floor":47},{"not_picked":["Poisoned Stab","PiercingWail"],"picked":"Concentrate","floor":48}],"player_experience":72087,"relics_obtained":[{"floor":6.0,"key":"The Courier"},{"floor":8.0,"key":"Smiling Mask"},{"floor":9.0,"key":"Vajra"},{"floor":22.0,"key":"Red Mask"},{"floor":23.0,"key":"Paper Crane"},{"floor":26.0,"key":"Strawberry"},{"floor":36.0,"key":"Blue Candle"},{"floor":40.0,"key":"Ancient Tea Set"},{"floor":43.0,"key":"Ninja Scroll"}],"event_choices":[{"cards_removed":["Defend_G"],"damage_healed":0.0,"max_hp_gain":0.0,"max_hp_loss":0.0,"gold_gain":0.0,"event_name":"Bonfire Elementals","player_choice":"Offered Basic","floor":4.0,"gold_loss":0.0,"damage_taken":0.0},{"damage_healed":0.0,"max_hp_gain":0.0,"max_hp_loss":0.0,"gold_gain":0.0,"event_name":"The Mausoleum","player_choice":"Opened","floor":20.0,"gold_loss":0.0,"damage_taken":0.0,"relics_obtained":["Snake Skull"],"cards_obtained":["Writhe"]},{"damage_healed":0.0,"max_hp_gain":0.0,"max_hp_loss":0.0,"gold_gain":0.0,"event_name":"Masked Bandits","player_choice":"Fought Bandits","floor":22.0,"gold_loss":0.0,"damage_taken":0.0},{"damage_healed":0.0,"max_hp_gain":0.0,"max_hp_loss":0.0,"gold_gain":0.0,"cards_transformed":["Defend_G","Strike_G"],"event_name":"Drug Dealer","player_choice":"Became Test Subject","floor":25.0,"gold_loss":0.0,"damage_taken":0.0,"cards_obtained":["Burst","Dash"]},{"damage_healed":0.0,"max_hp_gain":0.0,"max_hp_loss":0.0,"gold_gain":0.0,"event_name":"N\u0027loth","player_choice":"Ignored","floor":28.0,"gold_loss":0.0,"damage_taken":0.0},{"damage_healed":0.0,"max_hp_gain":0.0,"max_hp_loss":0.0,"gold_gain":0.0,"event_name":"Accursed Blacksmith","player_choice":"Forge","floor":31.0,"gold_loss":0.0,"damage_taken":0.0,"cards_upgraded":["Noxious Fumes"]},{"cards_removed":["Heel Hook"],"damage_healed":0.0,"max_hp_gain":0.0,"max_hp_loss":0.0,"gold_gain":0.0,"event_name":"Falling","player_choice":"Removed Attack","floor":37.0,"gold_loss":0.0,"damage_taken":0.0},{"damage_healed":0.0,"max_hp_gain":0.0,"max_hp_loss":0.0,"gold_gain":0.0,"event_name":"Upgrade Shrine","player_choice":"Upgraded","floor":39.0,"gold_loss":0.0,"damage_taken":0.0,"cards_upgraded":["Burst"]}],"is_beta":false,"boss_relics":[{"not_picked":["Busted Crown","Ectoplasm"],"picked":"WristBlade"},{"not_picked":["Black Star","Runic Pyramid"],"picked":"Sozu"}],"items_purged_floors":[2,19,45],"is_endless":false,"potions_floor_spawned":[5,7,8,12,13,14,18,30,40,42,46,48],"killed_by":"Awakened One","ascension_level":3}