{"gold_per_floor":[10,10,27,27,52,52,52,77,77,77,77,100,100,113,113,234,234,249,1,16,16,16,16,34,34,61,74,74,74,74,109,121,259,271,303,10,23,23,38,38,38],"floor_reached":41,"playtime":2404,"items_purged":["Strike_G"],"score":602,"play_id":"2a1ba261-4d59-46fb-beed-fae2935e318f","local_time":"20190128230331","is_ascension_mode":true,"campfire_choices":[{"floor":6,"key":"DIG"},{"floor":13,"key":"DIG"},{"floor":15,"key":"DIG"},{"floor":23,"key":"DIG"},{"floor":25,"key":"DIG"},{"floor":29,"key":"DIG"},{"floor":32,"key":"DIG"},{"floor":40,"key":"DIG"}],"neow_cost":"NO_GOLD","seed_source_timestamp":1578035594078367,"circlet_count":0,"master_deck":["AscendersBane","Defend_G","Defend_G","Defend_G","Strike_G","Strike_G","Survivor","Neutralize","Leg Sweep","Escape Plan","Dash","Terror","Tools of the Trade","Heel Hook+1","Footwork+1","Bullet Time","Noxious Fumes","Sucker Punch+1","Expertise","Die Die Die+1","Flying Knee+1","Underhanded Strike+1","Mayhem","PiercingWail+1","Madness","Madness","Caltrops+1"],"relics":["Ring of the Snake","Shovel","Golden Idol","Molten Egg 2","Oddly Smooth Stone","Question Card","Bottled Flame","Bag of Preparation","Nunchaku","Philosopher\u0027s Stone","Paper Crane","Ninja Scroll","Gremlin Horn","Potion Belt","Blood Vial","MawBank","Bronze Scales","Lizard Tail","Incense Burner"],"potions_floor_usage":[16,16,16,33,33,33],"damage_taken":[{"damage":0,"enemies":"Small Slimes","floor":1,"turns":3},{"damage":5,"enemies":"2 Louse","floor":3,"turns":6},{"damage":2,"enemies":"Cultist","floor":5,"turns":5},{"damage":13,"enemies":"Large Slime","floor":8,"turns":14},{"damage":0,"enemies":"Looter","floor":12,"turns":3},{"damage":2,"enemies":"3 Louse","floor":14,"turns":7},{"damage":12,"enemies":"Hexaghost","floor":16,"turns":17},{"damage":15,"enemies":"Spheric Guardian","floor":18,"turns":12},{"damage":6,"enemies":"Chosen","floor":20,"turns":6},{"damage":0,"enemies":"Centurion and Healer","floor":24,"turns":9},{"damage":6,"enemies":"Shelled Parasite and Fungi","floor":27,"turns":6},{"damage":4,"enemies":"Book of Stabbing","floor":31,"turns":7},{"damage":24,"enemies":"Automaton","floor":33,"turns":13},{"damage":15,"enemies":"3 Darklings","floor":35,"turns":8},{"damage":10,"enemies":"3 Shapes","floor":37,"turns":5},{"damage":33,"enemies":"Maw","floor":39,"turns":8},{"damage":36,"enemies":"Writhing Mass","floor":41,"turns":4}],"seed_played":"1905945511755346353","potions_obtained":[{"floor":5,"key":"PowerPotion"},{"floor":12,"key":"SneckoOil"},{"floor":14,"key":"AttackPotion"},{"floor":16,"key":"Dexterity Potion"},{"floor":20,"key":"EssenceOfSteel"},{"floor":27,"key":"Ancient Potion"},{"floor":39,"key":"Weak Potion"}],"is_trial":false,"path_per_floor":["M","?","M","?","M","R","?","M","T","T","T","M","R","M","R","B",null,"M","$","M","?","?","R","M","R","T","M","?","R","?","E","R","B",null,"M","$","M","?","M","R","M"],"character_chosen":"THE_SILENT","items_purchased":["Paper Crane","Underhanded Strike+1","Mayhem"],"campfire_rested":0,"item_purchase_floors":[19,36,36],"current_hp_per_floor":[63,68,63,63,61,61,54,41,41,41,41,41,41,39,39,27,59,44,44,38,38,38,38,38,38,38,32,55,55,55,53,53,31,60,47,47,39,30,34,34,0],"gold":38,"neow_bonus":"ONE_RARE_RELIC","is_prod":false,"is_daily":false,"chose_seed":false,"campfire_upgraded":0,"win_rate":0,"timestamp":1548716611,"path_taken":["M","?","M","?","M","R","?","M","T","?","?","M","R","?","R","BOSS","M","$","M","?","?","R","M","R","T","M","?","R","?","E","R","BOSS","M","$","?","?","M","R","M"],"build_version":"2019-01-23","purchased_purges":1,"victory":false,"max_hp_per_floor":[70,75,75,69,69,69,69,69,69,69,69,69,69,69,69,69,69,69,69,69,69,69,69,69,69,69,69,69,69,69,69,69,69,69,69,69,69,69,69,69,69],"card_choices":[{"not_picked":["Dodge and Roll","Riddle With Holes"],"picked":"Leg Sweep","floor":1},{"not_picked":["PiercingWail","Underhanded Strike"],"picked":"Escape Plan","floor":3},{"not_picked":["Sucker Punch","Dagger Spray"],"picked":"Dash","floor":5},{"not_picked":["Storm of Steel","Dash+1"],"picked":"Terror","floor":8},{"not_picked":["Slice+1","Acrobatics","All Out Attack+1","Distraction"],"picked":"SKIP","floor":12},{"not_picked":["Outmaneuver","Dodge and Roll","Poisoned Stab+1","Finisher+1"],"picked":"SKIP","floor":14},{"not_picked":["Grand Finale+1","A Thousand Cuts","Phantasmal Killer"],"picked":"Tools of the Trade","floor":16},{"not_picked":["Dodge and Roll","Choke+1","Deflect+1"],"picked":"Heel Hook+1","floor":18},{"not_picked":["Dagger Throw+1","Poisoned Stab+1","Eviscerate+1"],"picked":"Footwork+1","floor":20},{"not_picked":["Slice+1","Deflect","Choke+1","PiercingWail"],"picked":"SKIP","floor":24},{"not_picked":["Flying Knee+1","Choke+1","Deflect"],"picked":"Sucker Punch+1","floor":27},{"not_picked":["Night Terror","Cloak And Dagger","Sucker Punch+1","Dodge and Roll"],"picked":"SKIP","floor":31},{"not_picked":["Doppelganger","A Thousand Cuts","Storm of Steel"],"picked":"Die Die Die+1","floor":33},{"not_picked":["Catalyst+1","Endless Agony+1","Distraction"],"picked":"Flying Knee+1","floor":35},{"not_picked":["Crippling Poison","Bane+1","Deflect"],"picked":"PiercingWail+1","floor":37},{"not_picked":["Dodge and Roll+1","Sucker Punch+1","Backflip+1"],"picked":"Caltrops+1","floor":39}],"player_experience":504089,"relics_obtained":[{"floor":6,"key":"Molten Egg 2"},{"floor":9,"key":"Oddly Smooth Stone"},{"floor":10,"key":"Question Card"},{"floor":11,"key":"Bottled Flame"},{"floor":13,"key":"Bag of Preparation"},{"floor":15,"key":"Nunchaku"},{"floor":23,"key":"Ninja Scroll"},{"floor":25,"key":"Gremlin Horn"},{"floor":26,"key":"Potion Belt"},{"floor":29,"key":"Blood Vial"},{"floor":31,"key":"MawBank"},{"floor":32,"key":"Bronze Scales"},{"floor":40,"key":"Incense Burner"}],"event_choices":[{"damage_healed":0,"gold_gain":0,"player_choice":"Donut","damage_taken":0,"max_hp_gain":5,"max_hp_loss":0,"event_name":"Big Fish","floor":2,"gold_loss":0},{"damage_healed":0,"gold_gain":0,"player_choice":"Lose Max HP","damage_taken":0,"relics_obtained":["Golden Idol"],"max_hp_gain":0,"max_hp_loss":6,"event_name":"Golden Idol","floor":4,"gold_loss":0},{"cards_removed":["Strike_G"],"damage_healed":0,"gold_gain":0,"player_choice":"Card Removal","damage_taken":7,"max_hp_gain":0,"max_hp_loss":0,"event_name":"Golden Wing","floor":7,"gold_loss":0},{"damage_healed":0,"gold_gain":0,"cards_transformed":["Strike_G","Defend_G"],"player_choice":"Became Test Subject","damage_taken":0,"max_hp_gain":0,"max_hp_loss":0,"event_name":"Drug Dealer","floor":22,"gold_loss":0,"cards_obtained":["Bullet Time","Noxious Fumes"]},{"damage_healed":23,"gold_gain":0,"player_choice":"Heal","damage_taken":0,"max_hp_gain":0,"max_hp_loss":0,"event_name":"The Library","floor":28,"gold_loss":0},{"damage_healed":0,"gold_gain":0,"cards_transformed":["Defend_G"],"player_choice":"Transformed","damage_taken":0,"max_hp_gain":0,"max_hp_loss":0,"event_name":"Transmorgrifier","floor":30,"gold_loss":0,"cards_obtained":["Expertise"]},{"damage_healed":0,"gold_gain":0,"player_choice":"Embrace Madness","damage_taken":9,"max_hp_gain":0,"max_hp_loss":0,"event_name":"Winding Halls","floor":38,"gold_loss":0,"cards_obtained":["Madness","Madness"]}],"is_beta":true,"boss_relics":[{"not_picked":["Runic Dome","HoveringKite"],"picked":"Philosopher\u0027s Stone"},{"not_picked":["Sozu","Black Star"],"picked":"Lizard Tail"}],"items_purged_floors":[36],"is_endless":false,"potions_floor_spawned":[5,12,14,16,20,27,39],"killed_by":"Writhing Mass","ascension_level":10}