{"gold_per_floor":[119,130,10,24,34,34,49,49,49,49,324,337,355,157,157,262,262,272,272,272],"floor_reached":20,"playtime":808,"items_purged":["Regret","Regret"],"score":166,"play_id":"280d52fb-1615-4304-ba04-47b44ea124bc","local_time":"20190112064544","is_ascension_mode":false,"campfire_choices":[{"data":"Juggernaut","floor":6,"key":"SMITH"},{"data":"Dark Embrace","floor":10,"key":"SMITH"},{"data":"Blind","floor":15,"key":"SMITH"}],"neow_cost":"CURSE","seed_source_timestamp":138563358533299,"circlet_count":0,"master_deck":["Strike_R","Strike_R","Strike_R","Strike_R","Strike_R","Defend_R","Defend_R","Defend_R","Bash","Juggernaut+1","Shrug It Off","Dark Embrace+1","True Grit","Rage","Entrench","Corruption","Blind+1","Immolate","Feel No Pain"],"relics":["Burning Blood"],"potions_floor_usage":[7,7,18],"damage_taken":[{"damage":5,"enemies":"2 Louse","floor":1,"turns":3},{"damage":9,"enemies":"Cultist","floor":2,"turns":5},{"damage":2,"enemies":"Jaw Worm","floor":4,"turns":5},{"damage":12,"enemies":"Looter","floor":5,"turns":4},{"damage":4,"enemies":"Gremlin Gang","floor":7,"turns":6},{"damage":14,"enemies":"Exordium Wildlife","floor":12,"turns":4},{"damage":11,"enemies":"3 Louse","floor":13,"turns":4},{"damage":32,"enemies":"The Guardian","floor":16,"turns":15},{"damage":17,"enemies":"Shell Parasite","floor":18,"turns":8},{"damage":60,"enemies":"Colosseum Slavers","floor":20,"turns":5},{"damage":0,"enemies":"Colosseum Nobs","floor":20,"turns":2}],"seed_played":"8546211207482093915","potions_obtained":[{"floor":2,"key":"Energy Potion"},{"floor":4,"key":"Fire Potion"},{"floor":16,"key":"Block Potion"},{"floor":18,"key":"SteroidPotion"}],"is_trial":false,"path_per_floor":["M","M","$","M","M","R","M","?","T","R","?","M","M","$","R","B",null,"M","?","?"],"character_chosen":"IRONCLAD","items_purchased":["Shrug It Off","Blind"],"campfire_rested":0,"item_purchase_floors":[3,14],"current_hp_per_floor":[80,77,77,80,74,74,76,69,69,69,69,61,56,56,56,30,80,69,69,15],"gold":272,"neow_bonus":"THREE_RARE_CARDS","is_prod":false,"is_daily":false,"chose_seed":false,"campfire_upgraded":3,"win_rate":0,"timestamp":1547275544,"path_taken":["M","M","$","M","M","R","M","?","T","R","?","?","M","?","R","BOSS","M","?","?"],"build_version":"2019-01-10","purchased_purges":2,"victory":false,"max_hp_per_floor":[80,80,80,80,80,80,80,80,80,80,80,80,80,80,80,80,80,80,80,80],"card_choices":[{"not_picked":["Brutality","Berserk"],"picked":"Juggernaut","floor":0},{"not_picked":["Perfected Strike","Flex","Rupture"],"picked":"SKIP","floor":1},{"not_picked":["Sever Soul","Twin Strike","Wild Strike"],"picked":"SKIP","floor":2},{"not_picked":["Twin Strike","Anger"],"picked":"Dark Embrace","floor":4},{"not_picked":["Rampage","Sword Boomerang"],"picked":"True Grit","floor":5},{"not_picked":["Perfected Strike","Dropkick"],"picked":"Rage","floor":7},{"not_picked":["Thunderclap","Perfected Strike"],"picked":"Entrench","floor":12},{"not_picked":["True Grit","Shrug It Off"],"picked":"Corruption","floor":13},{"not_picked":["Exhume","Impervious"],"picked":"Immolate","floor":16},{"not_picked":["Thunderclap+1","Heavy Blade+1","Armaments"],"picked":"SKIP","floor":18}],"player_experience":405074,"relics_obtained":[],"event_choices":[{"cards_removed":["Defend_R"],"damage_healed":0,"gold_gain":0,"player_choice":"Card Removal","damage_taken":7,"max_hp_gain":0,"max_hp_loss":0,"event_name":"Golden Wing","floor":8,"gold_loss":0},{"damage_healed":0,"gold_gain":275,"player_choice":"Desecrate","damage_taken":0,"max_hp_gain":0,"max_hp_loss":0,"event_name":"Golden Shrine","floor":11,"gold_loss":0,"cards_obtained":["Regret"]},{"damage_healed":0,"gold_gain":0,"player_choice":"Read","damage_taken":0,"max_hp_gain":0,"max_hp_loss":0,"event_name":"The Library","floor":19,"gold_loss":0,"cards_obtained":["Feel No Pain"]},{"damage_healed":0,"gold_gain":0,"player_choice":"Fight","damage_taken":0,"max_hp_gain":0,"max_hp_loss":0,"event_name":"Colosseum","floor":20,"gold_loss":0},{"damage_healed":0,"gold_gain":0,"player_choice":"Fought Nobs","damage_taken":0,"max_hp_gain":0,"max_hp_loss":0,"event_name":"Colosseum","floor":20,"gold_loss":0}],"is_beta":true,"boss_relics":[{"not_picked":["Velvet Choker","Philosopher\u0027s Stone","Astrolabe"]}],"items_purged_floors":[3,14],"is_endless":false,"potions_floor_spawned":[2,4,16,18,20],"killed_by":"Colosseum Nobs","ascension_level":0}