{"path_per_floor":["M","?","?","M","T","E","M","E","T","R","M","R","$","M","R","B",null,"M","?","?","$","M","M","M","E","T","E","R","?","E","M","R","B",null,"M","$","?","M","?","R","M","E","T","M","E","M","M","$","R","B"],"character_chosen":"IRONCLAD","items_purchased":["Apotheosis","Madness","Enlightenment","Spot Weakness","Dead Branch","Uppercut","Champion Belt","Frozen Egg 2","Anchor","Bird Faced Urn","Centennial Puzzle","War Paint","Panache","Block Potion","Whirlwind","Fiend Fire"],"gold_per_floor":[144,144,144,189,189,279,324,414,414,414,459,459,161,206,206,506,506,551,466,666,433,478,523,568,658,708,798,798,798,888,933,933,1233,1233,1278,944,944,989,989,989,1034,1124,1124,1169,1559,1604,1649,6,6,6],"floor_reached":51,"campfire_rested":7,"playtime":3349,"current_hp_per_floor":[80,80,80,83,83,58,71,77,77,86,86,86,86,86,86,73,90,88,88,88,88,90,85,75,39,39,64,90,74,80,85,90,90,90,80,80,80,88,88,90,79,65,65,50,41,40,38,38,80,88],"items_purged":[],"gold":6,"score":1302,"play_id":"473fe185-b7f0-40db-a280-da9ce9108e48","local_time":"20180417183228","daily_mods":["Insanity","Midas","Hoarder"],"is_prod":false,"is_daily":true,"chose_seed":false,"is_ascension_mode":false,"campfire_upgraded":0,"timestamp":1523986348,"path_taken":["M","?","?","M","?","E","M","E","T","R","M","R","?","?","R","BOSS","M","?","?","$","M","M","M","E","T","E","R","?","E","M","R","BOSS","M","?","?","?","?","R","M","E","T","M","E","M","?","$","R","BOSS"],"build_version":"2018-04-16","seed_source_timestamp":0,"purchased_purges":0,"victory":true,"master_deck":["Infernal Blade","Twin Strike","Bludgeon","Heavy Blade","Fire Breathing","Pummel","Pommel Strike","Impervious","Perfected Strike","Hemokinesis","Bloodletting","Demon Form","Strike_R","Blood for Blood","Combust","Heavy Blade","Second Wind","Shockwave","Demon Form","Rampage","Clothesline","Twin Strike","Burning Pact","Ghostly Armor","Blood for Blood","Limit Break","Feed","Juggernaut","Demon Form","Searing Blow","Rupture","Pummel","Infernal Blade+1","Reaper","Havoc","Reckless Charge","Shockwave","Shockwave","Infernal Blade","Juggernaut","Headbutt","Berserk","Carnage","Infernal Blade","Strike_R","Fire Breathing","Shockwave","Feel No Pain","Impervious","Impervious","Impervious","Ghostly Armor","Ghostly Armor","Ghostly Armor","Intimidate","Intimidate","Intimidate","Apotheosis","Apotheosis","Apotheosis","Madness","Madness","Madness","Limit Break","Limit Break","Limit Break","Enlightenment","Enlightenment+1","Enlightenment","Spot Weakness","Spot Weakness","Spot Weakness","Inflame","Inflame","Inflame","Offering","Offering","Offering","Pummel+1","Pummel+1","Pummel+1","Uppercut","Uppercut","Uppercut","Offering","Offering","Offering","Fiend Fire","Fiend Fire","Fiend Fire","Whirlwind","Whirlwind","Whirlwind","Panache+1","Panache+1","Panache+1","Whirlwind","Whirlwind","Whirlwind","Fiend Fire","Fiend Fire","Fiend Fire"],"max_hp_per_floor":[80,80,80,83,83,83,86,86,86,86,86,86,86,86,86,90,90,90,90,90,90,90,90,90,90,90,90,90,90,90,90,90,90,90,90,90,90,90,90,90,90,90,90,90,90,90,90,90,90,90],"relics":["Burning Blood","Toolbox","Bag of Marbles","Art of War","Thread and Needle","Black Star","Mummified Hand","Prayer Wheel","Orichalcum","Regal Pillow","Mercury Hourglass","Shuriken","Enchiridion","Happy Flower","Vajra","Velvet Choker","Dead Branch","The Courier","Ornamental Fan","Ancient Tea Set","Old Coin","Gambling Chip","Champion Belt","Frozen Egg 2","Anchor","Bird Faced Urn","Centennial Puzzle","War Paint"],"card_choices":[{"not_picked":["Clash","True Grit"],"picked":"Intimidate","floor":7},{"not_picked":["Impervious","Juggernaut"],"picked":"Limit Break","floor":16},{"not_picked":["Headbutt","True Grit"],"picked":"Inflame","floor":22},{"not_picked":["Dual Wield","Juggernaut"],"picked":"Offering","floor":25},{"not_picked":["Armaments","Spot Weakness"],"picked":"Pummel","floor":30},{"not_picked":["Cleave","Entrench"],"picked":"Fiend Fire","floor":42},{"not_picked":["Carnage","Clash"],"picked":"Whirlwind","floor":43}],"player_experience":60514,"potions_floor_usage":[11,25,27,30,30,33,50],"damage_taken":[{"damage":0,"enemies":"2 Louse","floor":1,"turns":2},{"damage":3,"enemies":"Cultist","floor":4,"turns":2},{"damage":31,"enemies":"Gremlin Nob","floor":6,"turns":4},{"damage":0,"enemies":"Small Slimes","floor":7,"turns":2},{"damage":0,"enemies":"Lagavulin","floor":8,"turns":3},{"damage":4,"enemies":"Gremlin Gang","floor":11,"turns":2},{"damage":0,"enemies":"2 Fungi Beasts","floor":14,"turns":1},{"damage":23,"enemies":"The Guardian","floor":16,"turns":8},{"damage":8,"enemies":"Spheric Guardian","floor":18,"turns":6},{"damage":0,"enemies":"Chosen","floor":22,"turns":3},{"damage":11,"enemies":"Centurion and Healer","floor":23,"turns":6},{"damage":16,"enemies":"Cultist and Chosen","floor":24,"turns":4},{"damage":42,"enemies":"Slavers","floor":25,"turns":5},{"damage":27,"enemies":"Gremlin Leader","floor":27,"turns":6},{"damage":0,"enemies":"Book of Stabbing","floor":30,"turns":3},{"damage":4,"enemies":"Snake Plant","floor":31,"turns":3},{"damage":5,"enemies":"Champ","floor":33,"turns":5},{"damage":16,"enemies":"3 Shapes","floor":35,"turns":3},{"damage":1,"enemies":"Orb Walker","floor":38,"turns":2},{"damage":17,"enemies":"3 Darklings","floor":41,"turns":3},{"damage":20,"enemies":"Nemesis","floor":42,"turns":3},{"damage":21,"enemies":"4 Shapes","floor":44,"turns":2},{"damage":15,"enemies":"Giant Head","floor":45,"turns":5},{"damage":7,"enemies":"Maw","floor":46,"turns":4},{"damage":8,"enemies":"Flame Bruiser 2 Orb","floor":47,"turns":2},{"damage":4,"enemies":"Time Eater","floor":50,"turns":3}],"event_choices":[{"event_name":"Match and Keep!","player_choice":"1 cards matched","floor":2,"damage_taken":0},{"event_name":"Transmorgrifier","player_choice":"Transform","floor":3,"damage_taken":0},{"event_name":"Addict","player_choice":"Obtained Relic","floor":19,"damage_taken":0},{"event_name":"The Joust","player_choice":"Bet on Owner","floor":20,"damage_taken":0},{"event_name":"Cursed Tome","player_choice":"Obtained Book","floor":29,"damage_taken":0},{"event_name":"Duplicator","player_choice":"One dupe","floor":39,"damage_taken":0}],"boss_relics":[{"not_picked":["Eternal Feather","Black Blood"],"picked":"Black Star"},{"not_picked":["Astrolabe","Orrery"],"picked":"Velvet Choker"}],"potions_floor_spawned":[1,8,14,23,27,31,35,46],"seed_played":"5806895975017709107","ascension_level":0,"is_trial":false}