{"gold_per_floor":[363,363,363,363,381,412,430,430],"floor_reached":8,"playtime":213,"items_purged":[],"score":95,"play_id":"83dad6ad-9dff-47e2-80e6-280eba89d709","local_time":"20190213060759","is_ascension_mode":true,"campfire_choices":[],"neow_cost":"TEN_PERCENT_HP_LOSS","seed_source_timestamp":551962252813409,"circlet_count":0,"master_deck":["AscendersBane","Strike_R","Strike_R","Strike_R","Strike_R","Defend_R","Defend_R","Defend_R","Bash","Evolve","Pommel Strike","Demon Form","Sword Boomerang"],"relics":["Burning Blood","Charon\u0027s Ashes"],"potions_floor_usage":[6,6],"damage_taken":[{"damage":6,"enemies":"Cultist","floor":1,"turns":4},{"damage":9,"enemies":"2 Louse","floor":5,"turns":3},{"damage":40,"enemies":"Lagavulin","floor":6,"turns":5},{"damage":12,"enemies":"Jaw Worm","floor":7,"turns":3},{"damage":31,"enemies":"Gremlin Gang","floor":8,"turns":2}],"seed_played":"4046466977661838778","potions_obtained":[{"floor":1,"key":"Strength Potion"},{"floor":5,"key":"BloodPotion"}],"is_trial":false,"path_per_floor":["M","?","?","?","M","E","M","M"],"character_chosen":"IRONCLAD","items_purchased":[],"campfire_rested":0,"item_purchase_floors":[],"current_hp_per_floor":[68,61,66,66,63,36,30,0],"gold":430,"neow_bonus":"TWO_FIFTY_GOLD","is_prod":false,"is_daily":false,"chose_seed":false,"campfire_upgraded":0,"win_rate":0,"timestamp":1550038079,"path_taken":["M","?","?","?","M","E","M","?"],"build_version":"2019-02-06","purchased_purges":0,"victory":false,"max_hp_per_floor":[68,68,73,73,73,73,73,73],"card_choices":[{"not_picked":["Thunderclap","Wild Strike","Reckless Charge"],"picked":"SKIP","floor":1},{"not_picked":["Twin Strike","Heavy Blade"],"picked":"Pommel Strike","floor":5},{"not_picked":["Headbutt","Combust"],"picked":"Demon Form","floor":6},{"not_picked":["Entrench","Body Slam"],"picked":"Sword Boomerang","floor":7}],"player_experience":602517,"relics_obtained":[{"floor":6,"key":"Charon\u0027s Ashes"}],"event_choices":[{"cards_removed":["Strike_R"],"damage_healed":0,"gold_gain":0,"player_choice":"Card Removal","damage_taken":7,"max_hp_gain":0,"max_hp_loss":0,"event_name":"Golden Wing","floor":2,"gold_loss":0},{"damage_healed":0,"gold_gain":0,"player_choice":"Donut","damage_taken":0,"max_hp_gain":5,"max_hp_loss":0,"event_name":"Big Fish","floor":3,"gold_loss":0},{"damage_healed":0,"gold_gain":0,"cards_transformed":["Defend_R"],"player_choice":"Change","damage_taken":0,"max_hp_gain":0,"max_hp_loss":0,"event_name":"Living Wall","floor":4,"gold_loss":0,"cards_obtained":["Evolve"]}],"is_beta":true,"boss_relics":[],"items_purged_floors":[],"is_endless":false,"potions_floor_spawned":[1,5],"killed_by":"Gremlin Gang","ascension_level":14}