{"gold_per_floor":[109,119,194,194,194,194,229,229,253,267,267,282,19,38,38,139,139,152,168,168,168,194,206,218,246,258,282,307,335,347,387,399,511,523,551,334,334,354,374,374,374,413,413,413,413,413,413,426,426,426],"floor_reached":50,"playtime":2371,"items_purged":["Regret","Strike_B"],"score":647,"play_id":"89b9b86c-06ea-42f3-b39a-47de3acaf0c1","local_time":"20190118063500","is_ascension_mode":true,"campfire_choices":[{"data":"Sunder","floor":6.0,"key":"SMITH"},{"data":"Hyperbeam","floor":8.0,"key":"SMITH"},{"data":"Beam Cell","floor":11.0,"key":"SMITH"},{"data":"Defragment","floor":15.0,"key":"SMITH"},{"floor":23.0,"key":"REST"},{"floor":32.0,"key":"REST"},{"data":"Enlightenment","floor":40.0,"key":"SMITH"},{"data":"Sunder","floor":44.0,"key":"SMITH"},{"floor":49.0,"key":"REST"}],"neow_cost":"NONE","seed_source_timestamp":0,"circlet_count":0,"master_deck":["Strike_B+1","Strike_B+1","Defend_B+1","Defend_B+1","Defend_B+1","Defend_B+1","Zap+1","Dualcast+1","Impatience+1","Sunder+1","Beam Cell+1","Hyperbeam+1","Chill+1","Magnetism+1","Defragment+1","Core Surge+1","Fusion+1","Self Repair+1","Creative AI+1","Double Energy+1","Defragment+1","Seek+1","Enlightenment+1","Sunder+1","Chill+1","Madness+1","Madness+1","Finesse+1","Finesse+1","Parasite","Chill+1"],"special_seed":0,"relics":["FrozenCore","Matryoshka","DataDisk","Bronze Scales","Potion Belt","Strawberry","MawBank","Shuriken","Blue Candle","Red Mask","White Beast Statue","War Paint","Mark of the Bloom"],"potions_floor_usage":[50,50,50,50],"damage_taken":[{"damage":7.0,"enemies":"Jaw Worm","floor":1.0,"turns":3.0},{"damage":0.0,"enemies":"2 Louse","floor":2.0,"turns":2.0},{"damage":36.0,"enemies":"Gremlin Nob","floor":7.0,"turns":4.0},{"damage":0.0,"enemies":"Small Slimes","floor":10.0,"turns":2.0},{"damage":0.0,"enemies":"Gremlin Gang","floor":12.0,"turns":1.0},{"damage":0.0,"enemies":"Large Slime","floor":14.0,"turns":2.0},{"damage":16.0,"enemies":"The Guardian","floor":16.0,"turns":10.0},{"damage":2.0,"enemies":"3 Byrds","floor":18.0,"turns":4.0},{"damage":22.0,"enemies":"2 Thieves","floor":19.0,"turns":4.0},{"damage":4.0,"enemies":"Chosen and Byrds","floor":22.0,"turns":5.0},{"damage":21.0,"enemies":"Sentry and Sphere","floor":25.0,"turns":6.0},{"damage":7.0,"enemies":"Snecko","floor":27.0,"turns":7.0},{"damage":8.0,"enemies":"Centurion and Healer","floor":28.0,"turns":10.0},{"damage":14.0,"enemies":"Snake Plant","floor":29.0,"turns":5.0},{"damage":7.0,"enemies":"Masked Bandits","floor":31.0,"turns":3.0},{"damage":39.0,"enemies":"Collector","floor":33.0,"turns":11.0},{"damage":6.0,"enemies":"3 Shapes","floor":35.0,"turns":6.0},{"damage":4.0,"enemies":"Orb Walker","floor":38.0,"turns":5.0},{"damage":17.0,"enemies":"Spire Growth","floor":39.0,"turns":6.0},{"damage":14.0,"enemies":"Sphere and 2 Shapes","floor":42.0,"turns":6.0},{"damage":1.0,"enemies":"Writhing Mass","floor":48.0,"turns":5.0},{"damage":53,"enemies":"Awakened One","floor":50,"turns":12}],"seed_played":"-2639024597028885232","potions_obtained":[{"floor":2.0,"key":"SkillPotion"},{"floor":10.0,"key":"Fire Potion"},{"floor":14.0,"key":"LiquidBronze"},{"floor":16.0,"key":"FearPotion"},{"floor":18.0,"key":"EssenceOfSteel"},{"floor":25.0,"key":"FocusPotion"},{"floor":29.0,"key":"Strength Potion"},{"floor":33.0,"key":"Block Potion"},{"floor":35.0,"key":"SteroidPotion"},{"floor":38.0,"key":"Dexterity Potion"},{"floor":39.0,"key":"SteroidPotion"},{"floor":42.0,"key":"FairyPotion"},{"floor":48.0,"key":"PowerPotion"}],"is_trial":false,"path_per_floor":["M","M","?","?","?","R","E","R","T","M","R","M","$","M","R","B",null,"M","M","?","T","M","R","?","M","T","M","M","M","$","?","R","B",null,"M","$","?","M","M","R","?","M","T","R","?","?","?","M","R","B"],"character_chosen":"DEFECT","items_purchased":["Magnetism","Enlightenment","Sunder"],"campfire_rested":3,"item_purchase_floors":[13,36,36],"current_hp_per_floor":[61,61,50,50,50,50,14,14,21,21,21,21,21,21,21,5,63,61,39,23,23,19,45,45,24,24,27,29,25,25,28,54,25,72,76,76,76,82,75,75,64,60,60,60,50,50,50,49,49,0],"gold":426,"neow_bonus":"RANDOM_COLORLESS","is_prod":false,"is_daily":false,"chose_seed":false,"campfire_upgraded":6,"win_rate":0,"timestamp":1547793300,"path_taken":["M","M","?","?","?","R","E","R","T","M","R","M","$","M","R","BOSS","M","?","?","?","M","R","?","M","T","M","?","M","$","?","R","BOSS","M","$","?","M","M","R","?","M","T","R","?","?","?","?","R","BOSS"],"build_version":"2019-01-16","purchased_purges":2,"victory":false,"max_hp_per_floor":[75,75,75,75,75,75,75,75,82,82,82,82,82,82,82,82,82,82,82,87,87,87,87,87,87,87,87,87,87,87,87,87,87,87,87,87,87,87,87,87,87,87,87,87,87,87,87,87,87,87],"card_choices":[{"not_picked":["Sweeping Beam","Barrage"],"picked":"Sunder","floor":1.0},{"not_picked":["Leap","Ball Lightning"],"picked":"Beam Cell","floor":2.0},{"not_picked":["Conserve Battery","Rebound"],"picked":"Hyperbeam","floor":7.0},{"not_picked":["Rebound","Beam Cell","Recycle"],"picked":"SKIP","floor":10.0},{"not_picked":["Leap","Coolheaded"],"picked":"Chill","floor":12.0},{"not_picked":["Ball Lightning","Hologram"],"picked":"Defragment","floor":14.0},{"not_picked":["Machine Learning","Multi-Cast"],"picked":"Core Surge","floor":16.0},{"not_picked":["FTL","Coolheaded"],"picked":"Fusion","floor":18.0},{"not_picked":["Reprogram","Rebound+1","Fusion"],"picked":"SKIP","floor":19.0},{"not_picked":["Steam","Electrodynamics","Leap"],"picked":"SKIP","floor":22.0},{"not_picked":["Coolheaded","BootSequence"],"picked":"Self Repair+1","floor":25.0},{"not_picked":["Stack","Go for the Eyes"],"picked":"Creative AI","floor":27.0},{"not_picked":["Gash","Beam Cell"],"picked":"Double Energy","floor":28.0},{"not_picked":["Go for the Eyes","Leap","Coolheaded+1"],"picked":"SKIP","floor":29.0},{"not_picked":["Conserve Battery","Rebound"],"picked":"Defragment","floor":31.0},{"not_picked":["Reboot","Thunder Strike"],"picked":"Seek","floor":33.0},{"not_picked":["Streamline","Coolheaded+1","Rebound"],"picked":"SKIP","floor":35.0},{"not_picked":["Sweeping Beam+1","Capacitor+1"],"picked":"Chill+1","floor":38.0},{"not_picked":["Rip and Tear","Redo","Streamline"],"picked":"SKIP","floor":39.0},{"not_picked":["Go for the Eyes+1","Cold Snap+1","Redo"],"picked":"SKIP","floor":42.0},{"not_picked":["Panacea","Purity"],"picked":"Flash of Steel","floor":45.0},{"not_picked":["The Bomb","Swift Strike"],"picked":"Finesse","floor":45.0},{"not_picked":["Dark Shackles","Bandage Up"],"picked":"Finesse","floor":45.0},{"not_picked":["Double Energy+1","Redo"],"picked":"Chill+1","floor":48.0}],"player_experience":429750,"relics_obtained":[{"floor":7.0,"key":"Bronze Scales"},{"floor":9.0,"key":"Potion Belt"},{"floor":9.0,"key":"Strawberry"},{"floor":21.0,"key":"MawBank"},{"floor":21.0,"key":"Shuriken"},{"floor":26.0,"key":"Blue Candle"},{"floor":31.0,"key":"Red Mask"},{"floor":43.0,"key":"War Paint"}],"event_choices":[{"damage_healed":0.0,"max_hp_gain":0.0,"max_hp_loss":0.0,"gold_gain":75.0,"event_name":"World of Goop","player_choice":"Gather Gold","floor":3.0,"gold_loss":0.0,"damage_taken":11.0},{"damage_healed":0.0,"max_hp_gain":0.0,"max_hp_loss":0.0,"gold_gain":0.0,"event_name":"Big Fish","player_choice":"Box","floor":4.0,"gold_loss":0.0,"damage_taken":0.0,"relics_obtained":["Matryoshka"],"cards_obtained":["Regret"]},{"damage_healed":0.0,"max_hp_gain":0.0,"max_hp_loss":0.0,"gold_gain":0.0,"event_name":"WeMeetAgain","player_choice":"Gave Potion","floor":5.0,"gold_loss":0.0,"damage_taken":0.0,"relics_obtained":["DataDisk"]},{"damage_healed":0.0,"max_hp_gain":5.0,"max_hp_loss":0.0,"gold_gain":0.0,"event_name":"Forgotten Altar","player_choice":"Shed Blood","floor":20.0,"gold_loss":0.0,"damage_taken":21.0},{"cards_removed":["Strike_B"],"damage_healed":0.0,"max_hp_gain":0.0,"max_hp_loss":0.0,"gold_gain":0.0,"event_name":"Wheel of Change","player_choice":"Card Removal","floor":24.0,"gold_loss":0.0,"damage_taken":0.0},{"damage_healed":0.0,"max_hp_gain":0.0,"max_hp_loss":0.0,"gold_gain":0.0,"event_name":"Masked Bandits","player_choice":"Fought Bandits","floor":31.0,"gold_loss":0.0,"damage_taken":0.0},{"damage_healed":0.0,"max_hp_gain":0.0,"max_hp_loss":0.0,"gold_gain":0.0,"event_name":"Mysterious Sphere","player_choice":"Ignored","floor":37.0,"gold_loss":0.0,"damage_taken":0.0},{"damage_healed":0.0,"max_hp_gain":0.0,"max_hp_loss":0.0,"gold_gain":0.0,"event_name":"Winding Halls","player_choice":"Embrace Madness","floor":41.0,"gold_loss":0.0,"damage_taken":11.0,"cards_obtained":["Madness","Madness"]},{"damage_healed":0.0,"max_hp_gain":0.0,"max_hp_loss":0.0,"gold_gain":0.0,"event_name":"SensoryStone","player_choice":"Memory 3","floor":45.0,"gold_loss":0.0,"damage_taken":10.0},{"cards_removed":["Flash of Steel"],"damage_healed":0.0,"max_hp_gain":0.0,"max_hp_loss":0.0,"gold_gain":0.0,"event_name":"Falling","player_choice":"Removed Attack","floor":46.0,"gold_loss":0.0,"damage_taken":0.0},{"damage_healed":0.0,"max_hp_gain":0.0,"max_hp_loss":0.0,"gold_gain":0.0,"event_name":"MindBloom","player_choice":"Upgrade","floor":47.0,"gold_loss":0.0,"damage_taken":0.0,"cards_upgraded":["Strike_B","Strike_B","Defend_B","Defend_B","Defend_B","Defend_B","Zap","Impatience","Magnetism","Core Surge","Fusion","Creative AI","Double Energy","Defragment","Seek","Madness","Madness","Finesse","Finesse"],"relics_obtained":["Mark of the Bloom"]}],"is_beta":true,"boss_relics":[{"not_picked":["Sozu","Black Star"],"picked":"FrozenCore"},{"not_picked":["Snecko Eye","Empty Cage"],"picked":"White Beast Statue"}],"items_purged_floors":[13,36],"is_endless":false,"potions_floor_spawned":[2,10,14,16,18,25,29,33,35,38,39,42,48],"killed_by":"Awakened One","ascension_level":8}