{"gold_per_floor":[114,114,114,114,12,50,88,88,113,151,189,208,133,152,152,277,277,296,296,334,372,54,92,130,155,230,268,306,344,344,126,126,251,251,270,395,395,395,345,345,383,433,520,570,601,613,663,713,725,737],"floor_reached":51,"playtime":2119,"items_purged":["Strike_R","Strike_R","Pain"],"score":1497,"play_id":"f10ea51f-136b-4e89-806f-142c3d1be83d","local_time":"20190129052721","daily_mods":["Allstar","Flight","DeadlyEvents"],"is_ascension_mode":false,"campfire_choices":[{"data":"Enlightenment","floor":8,"key":"SMITH"},{"data":"Metamorphosis","floor":15,"key":"SMITH"},{"data":"Corruption","floor":32,"key":"SMITH"},{"floor":40,"key":"DIG"},{"floor":46,"key":"DIG"},{"floor":49,"key":"DIG"}],"neow_cost":"","seed_source_timestamp":0,"circlet_count":0,"master_deck":["Defend_R","Defend_R","Defend_R","Bash","Finesse","Madness","Master of Strategy","Enlightenment+1","Metamorphosis+1","Corruption+1","Feel No Pain","Dual Wield","Disarm","Infernal Blade","Seeing Red","Warcry","Flex","Flex","Warcry","Body Slam+1","Master of Strategy","Intimidate","Anger","Flex+1","Flex","Rage","Swift Strike","Barricade","Havoc+1","Anger+1","Infernal Blade","Anger+1"],"special_seed":17925,"relics":["Burning Blood","Golden Idol","Oddly Smooth Stone","Turnip","Boot","Letter Opener","Unceasing Top","Orrery","Pen Nib","Centennial Puzzle","Bottled Tornado","Mummified Hand","Vajra","Smiling Mask","Pantograph","Bag of Preparation","Regal Pillow","Whetstone","Pear","Empty Cage","Shovel","WarpedTongs","Ancient Tea Set","MawBank","Bag of Marbles","Singing Bowl","Meat on the Bone","Omamori","Kunai","Potion Belt","Shuriken"],"potions_floor_usage":[10,11,20,29,33,50],"damage_taken":[{"damage":11,"enemies":"Jaw Worm","floor":1,"turns":3},{"damage":0,"enemies":"Lagavulin","floor":6,"turns":4},{"damage":7,"enemies":"Gremlin Nob","floor":7,"turns":4},{"damage":15,"enemies":"3 Sentries","floor":10,"turns":6},{"damage":0,"enemies":"Gremlin Nob","floor":11,"turns":2},{"damage":0,"enemies":"Small Slimes","floor":12,"turns":5},{"damage":5,"enemies":"2 Louse","floor":14,"turns":3},{"damage":29,"enemies":"Hexaghost","floor":16,"turns":8},{"damage":19,"enemies":"Shell Parasite","floor":18,"turns":4},{"damage":7,"enemies":"Book of Stabbing","floor":20,"turns":5},{"damage":0,"enemies":"Gremlin Leader","floor":21,"turns":2},{"damage":25,"enemies":"Slavers","floor":23,"turns":2},{"damage":2,"enemies":"Book of Stabbing","floor":24,"turns":2},{"damage":0,"enemies":"Gremlin Leader","floor":27,"turns":3},{"damage":0,"enemies":"Book of Stabbing","floor":28,"turns":2},{"damage":3,"enemies":"Gremlin Leader","floor":29,"turns":1},{"damage":3,"enemies":"Collector","floor":33,"turns":1},{"damage":2,"enemies":"3 Shapes","floor":35,"turns":3},{"damage":0,"enemies":"Mind Bloom Boss Battle","floor":36,"turns":2},{"damage":3,"enemies":"Nemesis","floor":41,"turns":1},{"damage":0,"enemies":"Giant Head","floor":42,"turns":2},{"damage":0,"enemies":"Nemesis","floor":44,"turns":3},{"damage":0,"enemies":"3 Darklings","floor":45,"turns":1},{"damage":0,"enemies":"Giant Head","floor":47,"turns":2},{"damage":0,"enemies":"Nemesis","floor":48,"turns":3},{"damage":0,"enemies":"Awakened One","floor":50,"turns":2}],"seed_played":"-7783971571703722258","potions_obtained":[{"floor":1,"key":"SpeedPotion"},{"floor":6,"key":"Ancient Potion"},{"floor":10,"key":"GamblersBrew"},{"floor":16,"key":"Block Potion"},{"floor":23,"key":"Regen Potion"},{"floor":24,"key":"SkillPotion"},{"floor":29,"key":"Energy Potion"},{"floor":33,"key":"LiquidBronze"},{"floor":44,"key":"Swift Potion"}],"is_trial":false,"path_per_floor":["M","?","?","?","$","E","E","R","T","E","E","M","$","M","R","B",null,"M","?","E","E","$","E","E","T","T","E","E","E","T","$","R","B",null,"M","?","?","?","$","R","E","E","T","E","M","R","E","E","R","B",null],"character_chosen":"IRONCLAD","items_purchased":["Feel No Pain","Dual Wield","Bottled Tornado","Intimidate","Rage","Swift Strike"],"campfire_rested":0,"item_purchase_floors":[5,5,22,22,31,31],"current_hp_per_floor":[75,74,67,67,67,73,72,72,72,63,69,74,74,74,74,51,74,61,61,60,66,66,47,51,51,51,57,63,66,76,76,76,84,84,84,84,80,80,80,80,80,80,80,82,84,84,86,86,86,86],"gold":749,"neow_bonus":"","is_prod":false,"is_daily":true,"chose_seed":false,"campfire_upgraded":3,"win_rate":0,"timestamp":1548739641,"path_taken":["M","?","?","?","$","E","E","R","T","?","?","?","?","?","R","BOSS","M","?","?","?","$","E","E","?","T","?","?","E","?","$","R","BOSS","M","?","?","?","$","R","E","E","T","?","?","R","E","?","R","BOSS"],"build_version":"2019-01-23","purchased_purges":3,"victory":true,"max_hp_per_floor":[80,74,74,74,74,74,74,74,74,74,74,74,74,74,74,74,74,74,74,74,74,74,74,74,74,74,74,74,74,84,84,84,84,84,84,84,80,80,80,80,80,80,80,82,84,84,86,86,86,86],"card_choices":[{"not_picked":["Uppercut","Sentinel"],"picked":"Corruption","floor":1},{"not_picked":["Headbutt","Perfected Strike","Body Slam"],"picked":"SKIP","floor":6},{"not_picked":["Whirlwind","Carnage"],"picked":"Disarm","floor":7},{"not_picked":["Clash","Rampage","Iron Wave"],"picked":"SKIP","floor":10},{"not_picked":["Iron Wave","Armaments"],"picked":"Infernal Blade","floor":11},{"not_picked":["Exhume","Clash"],"picked":"Seeing Red","floor":12},{"not_picked":["Rupture","Cleave"],"picked":"Warcry","floor":14},{"not_picked":["Fire Breathing","Clothesline"],"picked":"Flex","floor":17},{"not_picked":["Rampage","Searing Blow"],"picked":"Flex","floor":17},{"not_picked":["Cleave","Sword Boomerang"],"picked":"Warcry","floor":17},{"not_picked":["Flame Barrier","Shrug It Off"],"picked":"Body Slam","floor":18},{"not_picked":["Heavy Blade","Perfected Strike","Twin Strike"],"picked":"SKIP","floor":20},{"not_picked":["Inflame","Blood for Blood","Double Tap"],"picked":"SKIP","floor":21},{"not_picked":["Bloodletting","Fire Breathing"],"picked":"Anger","floor":23},{"not_picked":["Pommel Strike+1","Wild Strike","Perfected Strike+1"],"picked":"SKIP","floor":24},{"not_picked":["Twin Strike+1","Cleave"],"picked":"Flex+1","floor":27},{"not_picked":["Pommel Strike+1","Hemokinesis","Exhume"],"picked":"SKIP","floor":28},{"not_picked":["Clash+1","Sword Boomerang+1"],"picked":"Flex","floor":29},{"not_picked":["Berserk","Dark Embrace"],"picked":"Barricade","floor":33},{"not_picked":["Second Wind","Sword Boomerang+1"],"picked":"Havoc+1","floor":35},{"not_picked":["Shockwave+1","Rampage+1"],"picked":"Anger+1","floor":41},{"not_picked":["Reckless Charge","Cleave+1"],"picked":"Infernal Blade","floor":42},{"not_picked":["Blood for Blood+1","Iron Wave+1","Pommel Strike+1"],"picked":"Singing Bowl","floor":44},{"not_picked":["Inflame+1","Dark Embrace","Pommel Strike"],"picked":"Singing Bowl","floor":45},{"not_picked":["Feed","Blood for Blood+1","Feel No Pain"],"picked":"Singing Bowl","floor":47},{"not_picked":["Cleave","Warcry+1"],"picked":"Anger+1","floor":48}],"player_experience":516051,"relics_obtained":[{"floor":6,"key":"Oddly Smooth Stone"},{"floor":7,"key":"Turnip"},{"floor":9,"key":"Boot"},{"floor":10,"key":"Letter Opener"},{"floor":11,"key":"Unceasing Top"},{"floor":20,"key":"Pen Nib"},{"floor":21,"key":"Centennial Puzzle"},{"floor":23,"key":"Mummified Hand"},{"floor":24,"key":"Vajra"},{"floor":25,"key":"Smiling Mask"},{"floor":26,"key":"Pantograph"},{"floor":27,"key":"Bag of Preparation"},{"floor":28,"key":"Regal Pillow"},{"floor":29,"key":"Whetstone"},{"floor":30,"key":"Pear"},{"floor":36,"key":"Shovel"},{"floor":40,"key":"Ancient Tea Set"},{"floor":41,"key":"MawBank"},{"floor":42,"key":"Bag of Marbles"},{"floor":43,"key":"Singing Bowl"},{"floor":44,"key":"Meat on the Bone"},{"floor":46,"key":"Omamori"},{"floor":47,"key":"Kunai"},{"floor":48,"key":"Potion Belt"},{"floor":49,"key":"Shuriken"}],"event_choices":[{"damage_healed":0,"gold_gain":0,"player_choice":"Lose Max HP","damage_taken":0,"relics_obtained":["Golden Idol"],"max_hp_gain":0,"max_hp_loss":6,"event_name":"Golden Idol","floor":2,"gold_loss":0},{"cards_removed":["Strike_R"],"damage_healed":0,"gold_gain":0,"player_choice":"Card Removal","damage_taken":7,"max_hp_gain":0,"max_hp_loss":0,"event_name":"Golden Wing","floor":3,"gold_loss":0},{"cards_removed":["Strike_R"],"damage_healed":0,"gold_gain":0,"player_choice":"Offered Basic","damage_taken":0,"max_hp_gain":0,"max_hp_loss":0,"event_name":"Bonfire Elementals","floor":4,"gold_loss":0},{"damage_healed":0,"gold_gain":0,"player_choice":"Copied","damage_taken":0,"max_hp_gain":0,"max_hp_loss":0,"event_name":"Duplicator","floor":19,"gold_loss":0,"cards_obtained":["Master of Strategy"]},{"damage_healed":0,"gold_gain":0,"player_choice":"Fight","damage_taken":0,"max_hp_gain":0,"max_hp_loss":0,"event_name":"MindBloom","floor":36,"gold_loss":0},{"damage_healed":0,"gold_gain":0,"player_choice":"Max HP","damage_taken":0,"max_hp_gain":0,"max_hp_loss":4,"event_name":"Winding Halls","floor":37,"gold_loss":0},{"damage_healed":0,"gold_gain":0,"player_choice":"Rummage","damage_taken":0,"relics_obtained":["WarpedTongs"],"max_hp_gain":0,"max_hp_loss":0,"event_name":"Accursed Blacksmith","floor":38,"gold_loss":0,"cards_obtained":["Pain"]}],"is_beta":true,"boss_relics":[{"not_picked":["Busted Crown","Mark of Pain"],"picked":"Orrery"},{"not_picked":["Lizard Tail","Tiny House"],"picked":"Empty Cage"}],"items_purged_floors":[13,31,39],"is_endless":false,"potions_floor_spawned":[1,6,10,16,23,24,27,29,33,35,36,44,47],"ascension_level":0}