{"path_per_floor":["M","M","$","?","M","R","M","R","T","$","?","R","M","M","R","B",null,"M","M","?","$","M","R","M","R","T","M"],"character_chosen":"DEFECT","items_purchased":["Melter","Madness","Secret Technique"],"gold_per_floor":[118,136,98,98,115,115,131,131,155,61,61,61,73,83,83,183,213,233,252,352,75,95,95,113,113,113,130,130],"floor_reached":28,"campfire_rested":0,"playtime":1023,"current_hp_per_floor":[75,73,73,70,68,68,62,62,62,62,67,67,54,52,52,20,85,54,47,47,47,30,30,20,20,20,10,0],"items_purged":["Strike_B"],"gold":130,"score":254,"play_id":"c1197c11-cdb9-4266-b3cb-097e2971bc4b","local_time":"20180508204154","is_prod":false,"is_daily":false,"chose_seed":false,"is_ascension_mode":true,"campfire_upgraded":6,"timestamp":1525837314,"path_taken":["M","M","$","?","M","R","M","R","T","$","?","R","?","M","R","BOSS","M","M","?","$","M","R","M","R","T","M","M"],"build_version":"2018-05-07","seed_source_timestamp":132594023815897,"purchased_purges":2,"victory":false,"master_deck":["Strike_B","Strike_B","Strike_B","Defend_B+1","Defend_B","Defend_B+1","Defend_B+1","Zap+1","Dualcast","Thunder Strike","Self Repair","Melter+1","Madness+1","Static Discharge+1","Rainbow+1","Seek","Secret Technique","Recycle+1","Static Discharge"],"max_hp_per_floor":[75,75,75,75,75,75,75,75,75,75,80,80,80,80,80,80,85,85,85,85,85,85,85,85,85,85,85,85],"relics":["Cracked Core","War Paint","Regal Pillow","Tiny House","Dream Catcher"],"card_choices":[{"not_picked":["Turbo","Chaos"],"picked":"Self Repair","floor":2},{"not_picked":["Darkness","Impulse"],"picked":"Static Discharge","floor":13},{"not_picked":["Skim","Double Energy"],"picked":"Rainbow","floor":14},{"not_picked":["All For One","Amplify"],"picked":"Seek","floor":16},{"not_picked":["Auto Shields","Go for the Eyes"],"picked":"Recycle","floor":24},{"not_picked":["Capacitor","Skim"],"picked":"Static Discharge","floor":27}],"player_experience":185755,"potions_floor_usage":[5,13,16,18,19,24,27],"damage_taken":[{"damage":0,"enemies":"2 Louse","floor":1,"turns":2},{"damage":2,"enemies":"Jaw Worm","floor":2,"turns":3},{"damage":5,"enemies":"Small Slimes","floor":5,"turns":2},{"damage":6,"enemies":"2 Fungi Beasts","floor":7,"turns":3},{"damage":20,"enemies":"Exordium Wildlife","floor":13,"turns":4},{"damage":9,"enemies":"Exordium Thugs","floor":14,"turns":4},{"damage":39,"enemies":"Slime Boss","floor":16,"turns":7},{"damage":38,"enemies":"3 Byrds","floor":18,"turns":4},{"damage":14,"enemies":"Shell Parasite","floor":19,"turns":6},{"damage":24,"enemies":"Snecko","floor":22,"turns":5},{"damage":17,"enemies":"Centurion and Healer","floor":24,"turns":4},{"damage":17,"enemies":"Snake Plant","floor":27,"turns":4},{"damage":10,"enemies":"3 Cultists","floor":28,"turns":2}],"event_choices":[{"event_name":"Scrap Ooze","player_choice":"success","floor":4,"damage_taken":3},{"event_name":"Big Fish","player_choice":"Donut","floor":11,"damage_taken":0},{"event_name":"Golden Shrine","player_choice":"Pray","floor":20,"damage_taken":0}],"boss_relics":[{"not_picked":["Runic Pyramid","Ectoplasm"],"picked":"Tiny House"}],"potions_floor_spawned":[2,7,13,18,22,24],"seed_played":"-7519692004759952874","killed_by":"3 Cultists","ascension_level":4,"is_trial":false}