{"gold_per_floor":[116,116,134,145,23,23,56,68,68,68,98,98],"floor_reached":12,"playtime":428,"items_purged":["Defend_B"],"score":145,"play_id":"f84adf8e-9685-462f-8b1e-dd63ae8b1fe7","local_time":"20190213052836","is_ascension_mode":true,"campfire_choices":[{"data":"Hologram","floor":6,"key":"SMITH"},{"floor":10,"key":"REST"}],"neow_cost":"TEN_PERCENT_HP_LOSS","seed_source_timestamp":549382270673580,"circlet_count":0,"master_deck":["AscendersBane","Strike_B","Strike_B","Strike_B","Strike_B","Defend_B","Defend_B","Defend_B","Zap","Dualcast","Gash","Rebound","FTL","Hologram+1","FTL+1","Self Repair","Machine Learning"],"relics":["Cracked Core","Du-Vu Doll","Molten Egg 2","Blue Candle","Meat on the Bone"],"potions_floor_usage":[7],"damage_taken":[{"damage":5,"enemies":"2 Louse","floor":1,"turns":2},{"damage":1,"enemies":"Cultist","floor":3,"turns":3},{"damage":7,"enemies":"Jaw Worm","floor":4,"turns":3},{"damage":30,"enemies":"Lagavulin","floor":7,"turns":5},{"damage":18,"enemies":"Exordium Thugs","floor":8,"turns":4},{"damage":25,"enemies":"3 Sentries","floor":11,"turns":6},{"damage":30,"enemies":"3 Sentries","floor":12,"turns":6}],"seed_played":"238956619905273016","potions_obtained":[{"floor":1,"key":"Regen Potion"}],"is_trial":false,"path_per_floor":["M","?","M","M","$","R","E","M","T","R","E","?"],"character_chosen":"DEFECT","items_purchased":["Hologram"],"campfire_rested":1,"item_purchase_floors":[5],"current_hp_per_floor":[63,63,62,55,55,55,37,19,19,39,21,0],"gold":98,"neow_bonus":"ONE_RARE_RELIC","is_prod":false,"is_daily":false,"chose_seed":false,"campfire_upgraded":1,"win_rate":0,"timestamp":1550035716,"path_taken":["M","?","M","M","$","R","E","?","T","R","E","?"],"build_version":"2019-02-06","purchased_purges":1,"victory":false,"max_hp_per_floor":[68,68,68,68,68,68,68,68,68,68,68,68],"card_choices":[{"not_picked":["Reinforced Body","Genetic Algorithm"],"picked":"Gash","floor":1},{"not_picked":["Recycle","Beam Cell"],"picked":"Rebound","floor":3},{"not_picked":["Barrage","Capacitor"],"picked":"FTL","floor":4},{"not_picked":["Sweeping Beam","Redo"],"picked":"FTL","floor":7},{"not_picked":["Conserve Battery","Streamline+1"],"picked":"Self Repair","floor":8},{"not_picked":["Lockon+1","Redo"],"picked":"Machine Learning","floor":11}],"player_experience":600175,"relics_obtained":[{"floor":7,"key":"Molten Egg 2"},{"floor":9,"key":"Blue Candle"},{"floor":11,"key":"Meat on the Bone"}],"event_choices":[{"damage_healed":0,"gold_gain":0,"player_choice":"0 cards matched","damage_taken":0,"max_hp_gain":0,"max_hp_loss":0,"event_name":"Match and Keep!","floor":2,"gold_loss":0,"cards_obtained":[]},{"damage_healed":0,"gold_gain":0,"player_choice":"Searched \u00271\u0027 times","damage_taken":0,"max_hp_gain":0,"max_hp_loss":0,"event_name":"Dead Adventurer","floor":12,"gold_loss":0}],"is_beta":true,"boss_relics":[],"items_purged_floors":[5],"is_endless":false,"potions_floor_spawned":[1],"killed_by":"3 Sentries","ascension_level":13}