{"gold_per_floor":[110,35,46,66,86,115,115,130,130,130,163,175,192,192,192,266,266,286,298,213,226,242,242,260,260,260,289,289,67,67,26,26,100,100,117,117,128,21,31,31,31,31],"floor_reached":42,"playtime":1595,"items_purged":[],"score":860,"play_id":"58f5a73f-0cb2-4917-bc94-d17a24f2bdc1","local_time":"20190205192828","is_ascension_mode":true,"campfire_choices":[{"data":"Armaments","floor":7.0,"key":"SMITH"},{"data":"Perfected Strike","floor":15.0,"key":"SMITH"},{"data":"True Grit","floor":23,"key":"SMITH"},{"data":"Bash","floor":25,"key":"SMITH"},{"data":"Clothesline","floor":30,"key":"SMITH"},{"data":"Limit Break","floor":32,"key":"SMITH"},{"data":"Bludgeon","floor":40,"key":"SMITH"}],"neow_cost":"NONE","seed_source_timestamp":48176487420259,"circlet_count":0,"master_deck":["AscendersBane","Strike_R","Strike_R","Strike_R","Defend_R","Defend_R","Defend_R","Bash+1","Heavy Blade","Armaments+1","Heavy Blade","Entrench","Inflame","Pommel Strike","Headbutt","Carnage","Perfected Strike+1","Limit Break+1","True Grit+1","Shrug It Off","Shrug It Off","Wild Strike+1","Clothesline+1","Blood for Blood","Second Wind","Bludgeon+1","Armaments+1","Shrug It Off+1","Bandage Up","Heavy Blade"],"special_seed":0,"relics":["Snecko Eye","Ginger","Regal Pillow","Juzu Bracelet","Coffee Dripper","Self Forming Clay","Frozen Egg 2","Strawberry","Medical Kit","Sozu"],"potions_floor_usage":[18,24,39,39],"damage_taken":[{"damage":4.0,"enemies":"2 Louse","floor":1.0,"turns":4.0},{"damage":0.0,"enemies":"Small Slimes","floor":3.0,"turns":3.0},{"damage":0.0,"enemies":"Cultist","floor":4.0,"turns":3.0},{"damage":0.0,"enemies":"Large Slime","floor":5.0,"turns":4.0},{"damage":6.0,"enemies":"3 Sentries","floor":6.0,"turns":9.0},{"damage":8.0,"enemies":"Exordium Thugs","floor":8.0,"turns":4.0},{"damage":5.0,"enemies":"Lagavulin","floor":11.0,"turns":5.0},{"damage":0.0,"enemies":"Gremlin Gang","floor":12.0,"turns":2.0},{"damage":0.0,"enemies":"Looter","floor":13.0,"turns":1.0},{"damage":14.0,"enemies":"The Guardian","floor":16.0,"turns":6.0},{"damage":16,"enemies":"Shell Parasite","floor":18,"turns":6},{"damage":0,"enemies":"Chosen","floor":19,"turns":2},{"damage":3,"enemies":"Snecko","floor":21,"turns":3},{"damage":5,"enemies":"Centurion and Healer","floor":22,"turns":6},{"damage":6,"enemies":"3 Cultists","floor":24,"turns":4},{"damage":7,"enemies":"Gremlin Leader","floor":27,"turns":9},{"damage":32,"enemies":"Champ","floor":33,"turns":9},{"damage":13,"enemies":"3 Darklings","floor":35,"turns":5},{"damage":1,"enemies":"Orb Walker","floor":37,"turns":2},{"damage":49,"enemies":"Transient","floor":39,"turns":6},{"damage":29,"enemies":"Nemesis","floor":42,"turns":5}],"seed_played":"-1899336979734369776","potions_obtained":[{"floor":4.0,"key":"PowerPotion"},{"floor":5.0,"key":"BloodPotion"},{"floor":11.0,"key":"Explosive Potion"},{"floor":16.0,"key":"SkillPotion"},{"floor":22,"key":"SteroidPotion"},{"floor":27,"key":"SpeedPotion"},{"floor":33,"key":"Regen Potion"}],"is_trial":false,"path_per_floor":["M","?","M","M","M","E","R","M","T","?","E","M","M","?","R","B",null,"M","M","?","M","M","R","M","R","T","E","?","$","R","$","R","B",null,"M","?","M","$","M","R","$","E"],"character_chosen":"IRONCLAD","items_purchased":["Medical Kit","Second Wind","Bandage Up"],"campfire_rested":0,"item_purchase_floors":[29,31,38],"current_hp_per_floor":[64,64,64,64,64,58,58,50,50,55,58,58,58,58,58,44,71,55,55,55,52,47,47,41,41,41,41,41,41,41,41,41,9,68,55,55,54,54,20,20,20,0],"gold":31,"neow_bonus":"BOSS_RELIC","is_prod":false,"is_daily":false,"chose_seed":false,"campfire_upgraded":7,"win_rate":0,"timestamp":1549423708,"path_taken":["M","?","M","M","M","E","R","M","T","?","E","M","M","?","R","BOSS","M","M","?","M","M","R","M","R","T","E","?","$","R","?","R","BOSS","M","?","M","$","M","R","$","E"],"build_version":"2019-01-23","purchased_purges":0,"victory":false,"max_hp_per_floor":[75,75,75,75,75,75,75,75,75,80,80,80,80,80,80,80,80,80,80,80,80,80,80,80,80,80,87,87,87,87,87,87,87,87,87,87,87,87,87,87,87,87],"card_choices":[{"not_picked":["Sword Boomerang","Infernal Blade"],"picked":"Heavy Blade","floor":1.0},{"not_picked":["Wild Strike","Metallicize"],"picked":"Armaments","floor":3.0},{"not_picked":["Sword Boomerang","Armaments"],"picked":"Heavy Blade","floor":4.0},{"not_picked":["Evolve","Infernal Blade"],"picked":"Entrench","floor":5.0},{"not_picked":["Body Slam","Armaments"],"picked":"Inflame","floor":6.0},{"not_picked":["Warcry","Cleave"],"picked":"Pommel Strike","floor":8.0},{"not_picked":["Cleave","Rage"],"picked":"Headbutt","floor":11.0},{"not_picked":["Iron Wave","Brutality"],"picked":"Carnage","floor":12.0},{"not_picked":["Searing Blow","Burning Pact"],"picked":"Perfected Strike","floor":13.0},{"not_picked":["Exhume","Juggernaut"],"picked":"Limit Break","floor":16.0},{"not_picked":["Thunderclap","Reckless Charge","Anger"],"picked":"SKIP","floor":18},{"not_picked":["Cleave","Body Slam"],"picked":"True Grit","floor":19},{"not_picked":["Warcry","Sword Boomerang"],"picked":"Shrug It Off","floor":21},{"not_picked":["Pommel Strike","Thunderclap+1"],"picked":"Shrug It Off","floor":22},{"not_picked":["Sword Boomerang","Seeing Red"],"picked":"Wild Strike+1","floor":24},{"not_picked":["Brutality+1","Combust+1"],"picked":"Clothesline","floor":27},{"not_picked":["Berserk+1","Dark Embrace+1"],"picked":"Bludgeon","floor":33},{"not_picked":["Pummel","Rage+1"],"picked":"Armaments+1","floor":35},{"not_picked":["Battle Trance","Havoc"],"picked":"Shrug It Off+1","floor":37},{"not_picked":["Wild Strike+1","Iron Wave"],"picked":"Heavy Blade","floor":39}],"player_experience":1135032,"relics_obtained":[{"floor":6.0,"key":"Ginger"},{"floor":9.0,"key":"Regal Pillow"},{"floor":11.0,"key":"Juzu Bracelet"},{"floor":26,"key":"Frozen Egg 2"},{"floor":27,"key":"Strawberry"}],"event_choices":[{"cards_removed":["Strike_R"],"damage_healed":0.0,"max_hp_gain":0.0,"max_hp_loss":0.0,"gold_gain":0.0,"event_name":"The Cleric","player_choice":"Card Removal","floor":2.0,"gold_loss":75.0,"damage_taken":0.0},{"damage_healed":0.0,"max_hp_gain":5.0,"max_hp_loss":0.0,"gold_gain":0.0,"event_name":"Big Fish","player_choice":"Donut","floor":10.0,"gold_loss":0.0,"damage_taken":0.0},{"cards_removed":["Strike_R"],"damage_healed":0.0,"max_hp_gain":0.0,"max_hp_loss":0.0,"gold_gain":0.0,"event_name":"Bonfire Elementals","player_choice":"Offered Basic","floor":14.0,"gold_loss":0.0,"damage_taken":0.0},{"damage_healed":0,"gold_gain":0,"player_choice":"Obtained Relic","damage_taken":0,"relics_obtained":["Self Forming Clay"],"max_hp_gain":0,"max_hp_loss":0,"event_name":"Addict","floor":20,"gold_loss":85},{"damage_healed":0,"gold_gain":0,"cards_transformed":["Defend_R"],"player_choice":"Transformed","damage_taken":0,"max_hp_gain":0,"max_hp_loss":0,"event_name":"Transmorgrifier","floor":28,"gold_loss":0,"cards_obtained":["Blood for Blood"]},{"damage_healed":0,"gold_gain":0,"player_choice":"Ignored","damage_taken":0,"max_hp_gain":0,"max_hp_loss":0,"event_name":"Tomb of Lord Red Mask","floor":36,"gold_loss":0}],"is_beta":true,"boss_relics":[{"not_picked":["Pandora\u0027s Box","Astrolabe"],"picked":"Coffee Dripper"},{"not_picked":["Tiny House","Runic Dome"],"picked":"Sozu"}],"items_purged_floors":[],"is_endless":false,"potions_floor_spawned":[4,5,11,16,22,27,33,35,37,39],"killed_by":"Nemesis","ascension_level":20}