{"path_per_floor":["M","?","M","M","M","R","E","M","T","$","M","?","R","$","R","B",null,"M","$","?","?","M","R","E","M","T"],"character_chosen":"DEFECT","items_purchased":["Question Card","Loop"],"gold_per_floor":[20,270,285,295,311,311,340,355,355,36,49,49,49,49,49,146,146,156,19,19,19,34,34,65,77,77,77],"floor_reached":27,"campfire_rested":2,"playtime":2996,"item_purchase_floors":[10,19],"current_hp_per_floor":[75,75,69,60,48,48,24,22,22,22,16,1,23,23,45,43,75,72,72,72,72,56,56,9,16,16,0],"items_purged":["Regret","Redo"],"gold":77,"score":268,"play_id":"060af836-3a8c-489f-a777-64f7d5572c42","local_time":"20180527162916","is_prod":false,"is_daily":false,"chose_seed":false,"is_ascension_mode":true,"campfire_upgraded":2,"win_rate":0,"timestamp":1527434956,"campfire_choices":[{"data":"Hologram","floor":6,"key":"SMITH"},{"floor":13,"key":"REST"},{"floor":15,"key":"REST"},{"data":"Rainbow","floor":23,"key":"SMITH"}],"path_taken":["M","?","?","M","M","R","E","M","T","$","M","?","R","?","R","BOSS","M","$","?","?","M","R","E","M","T","?"],"build_version":"2018-05-25","seed_source_timestamp":1228419639986583,"purchased_purges":2,"victory":false,"master_deck":["Zap","Dualcast","Cold Snap","Melter+1","Rebound","Hologram+1","Blizzard","Coolheaded","Go for the Eyes","Redo+1","Rainbow+1","Redo","Scrape","Compile Driver","Static Discharge","Cold Snap","Leap+1","Loop","Fusion","Beam Cell","Gash"],"max_hp_per_floor":[75,75,75,75,75,75,75,75,75,75,75,75,75,75,75,75,75,75,75,75,75,75,75,75,75,75,75],"relics":["Dodecahedron","Symbiotic Virus","Question Card","Pandora\u0027s Box","Nloth\u0027s Gift","Meat on the Bone","Toolbox"],"card_choices":[{"not_picked":["Beam Cell","Compile Driver"],"picked":"Rebound","floor":1},{"not_picked":["Steam","Scrape"],"picked":"Hologram","floor":3},{"not_picked":["Reinforced Body","Aggregate"],"picked":"Blizzard","floor":4},{"not_picked":["Rip and Tear","Compile Driver"],"picked":"Coolheaded","floor":5},{"not_picked":["Turbo","Coolheaded"],"picked":"Go for the Eyes","floor":7},{"not_picked":["Meteor Strike","Turbo"],"picked":"Redo","floor":8},{"not_picked":["Turbo","Stack","Rebound","Sweeping Beam"],"picked":"SKIP","floor":11},{"not_picked":["Reboot","All For One","Multi-Cast"],"picked":"Rainbow","floor":16},{"not_picked":["Ball Lightning","Lockon","Aggregate+1"],"picked":"Leap+1","floor":18},{"not_picked":["FTL+1","Storm","White Noise"],"picked":"Fusion","floor":22},{"not_picked":["Heatsinks+1","Leap","Go for the Eyes+1"],"picked":"Beam Cell","floor":24},{"not_picked":["Creative AI","Steam","Redo"],"picked":"Gash","floor":25}],"player_experience":198281,"potions_floor_usage":[8,24,25,27],"damage_taken":[{"damage":0,"enemies":"Small Slimes","floor":1,"turns":2},{"damage":6,"enemies":"Cultist","floor":3,"turns":3},{"damage":9,"enemies":"2 Louse","floor":4,"turns":3},{"damage":12,"enemies":"Red Slaver","floor":5,"turns":3},{"damage":24,"enemies":"3 Sentries","floor":7,"turns":7},{"damage":2,"enemies":"Exordium Wildlife","floor":8,"turns":3},{"damage":6,"enemies":"Looter","floor":11,"turns":3},{"damage":2,"enemies":"Slime Boss","floor":16,"turns":10},{"damage":3,"enemies":"Chosen","floor":18,"turns":3},{"damage":16,"enemies":"Spheric Guardian","floor":22,"turns":4},{"damage":47,"enemies":"Gremlin Leader","floor":24,"turns":9},{"damage":21,"enemies":"Snecko","floor":25,"turns":5},{"damage":17,"enemies":"Snake Plant","floor":27,"turns":2}],"relics_obtained":[{"floor":7,"key":"Dodecahedron"},{"floor":9,"key":"Symbiotic Virus"},{"floor":24,"key":"Meat on the Bone"},{"floor":26,"key":"Toolbox"}],"event_choices":[{"event_name":"Golden Shrine","player_choice":"Desecrate","floor":2,"damage_taken":0},{"event_name":"Shining Light","player_choice":"Entered Light","floor":12,"damage_taken":0},{"event_name":"N\u0027loth","player_choice":"Traded a Cracked Core","floor":20,"damage_taken":0},{"event_name":"Beggar","player_choice":"Ignored","floor":21,"damage_taken":0}],"boss_relics":[{"not_picked":["Sozu","Velvet Choker"],"picked":"Pandora\u0027s Box"}],"items_purged_floors":[10,19],"potions_floor_spawned":[5,7,11,16,22,25],"seed_played":"-3168299892610599013","killed_by":"Snake Plant","ascension_level":3,"potions_obtained":[{"floor":5,"key":"SkillPotion"},{"floor":7,"key":"LiquidBronze"},{"floor":11,"key":"FairyPotion"},{"floor":16,"key":"EssenceOfSteel"},{"floor":25,"key":"AttackPotion"}],"is_trial":false}