{"gold_per_floor":[111,192,142,67,142,417,429,239,239,266,266,280,298,331,331,404,404,414,432,432,432,117,117,143,0,0,0,18,30,30],"floor_reached":30,"playtime":977,"items_purged":["Defend_R","Regret"],"score":478,"play_id":"034e8c84-e8fe-4572-aa31-b0b580dab96e","local_time":"20190205061141","is_ascension_mode":true,"campfire_choices":[{"data":"Blind","floor":11,"key":"SMITH"},{"data":"Infernal Blade","floor":15,"key":"SMITH"},{"data":"True Grit","floor":23,"key":"SMITH"},{"floor":27,"key":"REST"}],"neow_cost":"NONE","seed_source_timestamp":313082211941822,"circlet_count":0,"master_deck":["AscendersBane","Strike_R","Strike_R","Strike_R","Strike_R","Defend_R","Defend_R","Defend_R","Bash","Disarm","Clothesline","Blind+1","Flame Barrier","Thunderclap","Iron Wave","Infernal Blade+1","Demon Form","Wild Strike","True Grit+1","RitualDagger","Offering","Corruption","Impervious","Fire Breathing"],"relics":["Burning Blood","NeowsBlessing","Pantograph","Mercury Hourglass","Ornamental Fan","Darkstone Periapt","Mark of Pain","Mummified Hand","Lantern","Molten Egg 2"],"potions_floor_usage":[16,16,24],"damage_taken":[{"damage":0,"enemies":"Cultist","floor":1,"turns":1},{"damage":0,"enemies":"Small Slimes","floor":7,"turns":1},{"damage":0,"enemies":"Gremlin Nob","floor":10,"turns":1},{"damage":0,"enemies":"2 Louse","floor":12,"turns":2},{"damage":2,"enemies":"2 Fungi Beasts","floor":13,"turns":4},{"damage":19,"enemies":"3 Sentries","floor":14,"turns":8},{"damage":30,"enemies":"Slime Boss","floor":16,"turns":11},{"damage":10,"enemies":"3 Byrds","floor":18,"turns":4},{"damage":0,"enemies":"Chosen","floor":19,"turns":4},{"damage":57,"enemies":"Gremlin Leader","floor":24,"turns":7},{"damage":17,"enemies":"Centurion and Healer","floor":28,"turns":7},{"damage":23,"enemies":"Snecko","floor":29,"turns":7},{"damage":11,"enemies":"Snake Plant","floor":30,"turns":2}],"seed_played":"94175789852159797","potions_obtained":[{"floor":12,"key":"Fire Potion"},{"floor":13,"key":"PowerPotion"},{"floor":19,"key":"Strength Potion"}],"is_trial":false,"path_per_floor":["M","T","?","$","?","?","M","$","T","E","R","M","M","E","R","B",null,"M","M","?","?","$","R","E","?","T","R","M","M","M"],"character_chosen":"IRONCLAD","items_purchased":["Blind","Mummified Hand","Corruption"],"campfire_rested":1,"item_purchase_floors":[8,22,22],"current_hp_per_floor":[74,74,74,74,63,63,69,69,69,75,75,75,75,62,62,51,69,65,71,65,65,65,65,14,14,14,36,25,8,0],"gold":30,"neow_bonus":"THREE_ENEMY_KILL","is_prod":false,"is_daily":false,"chose_seed":false,"campfire_upgraded":3,"win_rate":0,"timestamp":1549347101,"path_taken":["M","?","?","$","?","?","M","$","T","E","R","M","?","E","R","BOSS","M","M","?","?","?","R","E","?","T","R","M","M","?"],"build_version":"2019-01-23","purchased_purges":2,"victory":false,"max_hp_per_floor":[75,75,75,75,75,75,75,75,75,75,75,75,75,75,75,75,75,75,75,75,75,75,75,75,75,75,75,75,75,75],"card_choices":[{"not_picked":["Clothesline","Armaments"],"picked":"Disarm","floor":1},{"not_picked":["Shrug It Off","Anger"],"picked":"Clothesline","floor":7},{"not_picked":["Pommel Strike","Wild Strike"],"picked":"Flame Barrier","floor":10},{"not_picked":["Shrug It Off","Dropkick"],"picked":"Thunderclap","floor":12},{"not_picked":["Entrench","Thunderclap"],"picked":"Iron Wave","floor":13},{"not_picked":["Clash","Perfected Strike"],"picked":"Infernal Blade","floor":14},{"not_picked":["Double Tap","Feed"],"picked":"Demon Form","floor":16},{"not_picked":["Flex","Havoc+1"],"picked":"Wild Strike","floor":18},{"not_picked":["Uppercut","Clothesline+1"],"picked":"True Grit","floor":19},{"not_picked":["Heavy Blade","Seeing Red"],"picked":"Impervious","floor":24},{"not_picked":["Warcry","Thunderclap+1"],"picked":"Fire Breathing","floor":28},{"not_picked":["Armaments","Wild Strike+1","Warcry"],"picked":"SKIP","floor":29}],"player_experience":561474,"relics_obtained":[{"floor":2,"key":"Pantograph"},{"floor":9,"key":"Mercury Hourglass"},{"floor":10,"key":"Ornamental Fan"},{"floor":14,"key":"Darkstone Periapt"},{"floor":24,"key":"Lantern"},{"floor":26,"key":"Molten Egg 2"}],"event_choices":[{"cards_removed":["Strike_R"],"damage_healed":0,"gold_gain":0,"player_choice":"Card Removal","damage_taken":0,"max_hp_gain":0,"max_hp_loss":0,"event_name":"The Cleric","floor":3,"gold_loss":50},{"damage_healed":0,"gold_gain":75,"player_choice":"Gather Gold","damage_taken":11,"max_hp_gain":0,"max_hp_loss":0,"event_name":"World of Goop","floor":5,"gold_loss":0},{"damage_healed":0,"gold_gain":275,"player_choice":"Desecrate","damage_taken":0,"max_hp_gain":0,"max_hp_loss":0,"event_name":"Golden Shrine","floor":6,"gold_loss":0,"cards_obtained":["Regret"]},{"damage_healed":0,"gold_gain":0,"player_choice":"Joined the Cult","damage_taken":6,"max_hp_gain":0,"max_hp_loss":0,"event_name":"Nest","floor":20,"gold_loss":0,"cards_obtained":["RitualDagger"]},{"damage_healed":0,"gold_gain":0,"player_choice":"Read","damage_taken":0,"max_hp_gain":0,"max_hp_loss":0,"event_name":"The Library","floor":21,"gold_loss":0,"cards_obtained":["Offering"]},{"damage_healed":0,"gold_gain":0,"player_choice":"Paid Fearfully","damage_taken":0,"max_hp_gain":0,"max_hp_loss":0,"event_name":"Masked Bandits","floor":25,"gold_loss":143}],"is_beta":true,"boss_relics":[{"not_picked":["Coffee Dripper","Runic Cube"],"picked":"Mark of Pain"}],"items_purged_floors":[4,8],"is_endless":false,"potions_floor_spawned":[12,13,14,19],"killed_by":"Snake Plant","ascension_level":14}