{"gold_per_floor":[116,66,241,86,86,120,120,135,135,193,205,205,280,280,280,280],"floor_reached":16,"playtime":729,"items_purged":["Doubt"],"score":122,"play_id":"cbc6580f-a53a-4531-b3b4-550497052611","local_time":"20190203024023","is_ascension_mode":true,"campfire_choices":[{"floor":7,"key":"REST"},{"floor":15,"key":"REST"}],"neow_cost":"NONE","seed_source_timestamp":1691706736906,"circlet_count":0,"master_deck":["Defend_G","Defend_G","Defend_G","Defend_G","Defend_G","Strike_G","Strike_G","Strike_G","Strike_G","Survivor","Neutralize","Accuracy","Accuracy","Dash+1"],"relics":["Ring of the Snake","Potion Belt","PreservedInsect","Juzu Bracelet","Ornamental Fan","Tiny Chest"],"potions_floor_usage":[16,16],"damage_taken":[{"damage":4,"enemies":"Small Slimes","floor":1,"turns":4},{"damage":50,"enemies":"Lagavulin","floor":6,"turns":9},{"damage":2,"enemies":"Jaw Worm","floor":8,"turns":8},{"damage":3,"enemies":"3 Sentries","floor":10,"turns":11},{"damage":0,"enemies":"2 Louse","floor":11,"turns":3},{"damage":32,"enemies":"The Guardian","floor":16,"turns":19}],"seed_played":"2802617724704147500","potions_obtained":[{"floor":6,"key":"Fire Potion"},{"floor":8,"key":"SpeedPotion"}],"is_trial":false,"path_per_floor":["M","?","?","$","?","E","R","M","T","E","M","?","?","?","R","B"],"character_chosen":"THE_SILENT","items_purchased":["Accuracy"],"campfire_rested":2,"item_purchase_floors":[4],"current_hp_per_floor":[66,66,66,66,63,13,34,32,32,29,29,22,11,11,32,0],"gold":280,"neow_bonus":"RANDOM_COMMON_RELIC","is_prod":false,"is_daily":false,"chose_seed":false,"campfire_upgraded":0,"win_rate":0,"timestamp":1549158023,"path_taken":["M","?","?","?","?","E","R","M","T","E","M","?","?","?","R","BOSS"],"build_version":"2019-01-23","purchased_purges":1,"victory":false,"max_hp_per_floor":[70,70,70,70,70,70,70,70,70,70,70,70,70,70,70,70],"card_choices":[{"not_picked":["Dagger Throw","Blade Dance"],"picked":"Accuracy","floor":1},{"not_picked":["Dodge and Roll","Burst","PiercingWail"],"picked":"SKIP","floor":6},{"not_picked":["Sucker Punch","Outmaneuver"],"picked":"Dash","floor":8},{"not_picked":["Concentrate","Underhanded Strike","Flechettes"],"picked":"SKIP","floor":10},{"not_picked":["Quick Slash","Skewer","Flying Knee"],"picked":"SKIP","floor":11}],"player_experience":202340,"relics_obtained":[{"floor":6,"key":"Juzu Bracelet"},{"floor":9,"key":"Ornamental Fan"},{"floor":10,"key":"Tiny Chest"}],"event_choices":[{"cards_removed":["Strike_G"],"damage_healed":0,"gold_gain":0,"player_choice":"Card Removal","damage_taken":0,"max_hp_gain":0,"max_hp_loss":0,"event_name":"The Cleric","floor":2,"gold_loss":50},{"damage_healed":0,"gold_gain":175,"player_choice":"AGREE","damage_taken":0,"max_hp_gain":0,"max_hp_loss":0,"event_name":"Liars Game","floor":3,"gold_loss":0,"cards_obtained":["Doubt"]},{"damage_healed":0,"gold_gain":0,"player_choice":"Success","damage_taken":3,"relics_obtained":["PreservedInsect"],"max_hp_gain":0,"max_hp_loss":0,"event_name":"Scrap Ooze","floor":5,"gold_loss":0},{"damage_healed":0,"gold_gain":0,"player_choice":"Damaged","damage_taken":7,"max_hp_gain":0,"max_hp_loss":0,"event_name":"Wheel of Change","floor":12,"gold_loss":0},{"damage_healed":0,"gold_gain":75,"player_choice":"Gather Gold","damage_taken":11,"max_hp_gain":0,"max_hp_loss":0,"event_name":"World of Goop","floor":13,"gold_loss":0},{"damage_healed":0,"gold_gain":0,"player_choice":"Grow","damage_taken":0,"max_hp_gain":0,"max_hp_loss":0,"event_name":"Living Wall","floor":14,"gold_loss":0,"cards_upgraded":["Dash"]}],"is_beta":false,"boss_relics":[],"items_purged_floors":[4],"is_endless":false,"potions_floor_spawned":[6,8],"killed_by":"The Guardian","ascension_level":3}