{"gold_per_floor":[119,119,119,138,138,181,181,222,276,292,4,24,48,69,69,188,188,183,183,196,196,121,121,142,142,142,142,42,42,61,81,81,212,212,227,21,21,37,37,37,70,70,95,121,136,149,149,0,0,0],"floor_reached":51,"playtime":2260,"items_purged":["Defend_G","Writhe","Strike_G"],"score":999,"play_id":"35d99399-794e-45b8-b9dc-d04477734738","local_time":"20190116052554","is_ascension_mode":true,"campfire_choices":[{"data":"Neutralize","floor":7,"key":"SMITH"},{"floor":15,"key":"REST"},{"floor":23,"key":"REST"},{"floor":27,"key":"REST"},{"data":"Malaise","floor":32,"key":"SMITH"},{"data":"Burst","floor":40,"key":"SMITH"},{"floor":42,"key":"REST"},{"floor":49,"key":"REST"}],"neow_cost":"NONE","seed_source_timestamp":477926107525464,"circlet_count":0,"master_deck":["Defend_G+1","Defend_G+1","Defend_G+1","Strike_G+1","Strike_G+1","Strike_G+1","Survivor+1","Neutralize+1","Bouncing Flask+1","Blur+1","Crippling Poison+1","Backstab+1","PiercingWail+1","Malaise+1","Footwork+1","Flechettes+1","PiercingWail+1","Setup+1","Burst+1","Blind+1","Footwork+1","Leg Sweep+1","Deadly Poison+1","Parasite","Injury","Noxious Fumes+1","Parasite","Adrenaline"],"relics":["Ring of the Snake","NeowsBlessing","Golden Idol","Bag of Preparation","StoneCalendar","Tiny Chest","The Specimen","Runic Pyramid","Turnip","Sundial","Meat on the Bone","Cursed Key","Dream Catcher","Ancient Tea Set","Orichalcum","Mark of the Bloom","Red Mask"],"potions_floor_usage":[8,12,33,33,41,41,50,50,50,50],"damage_taken":[{"damage":0,"enemies":"Small Slimes","floor":1,"turns":1},{"damage":0,"enemies":"2 Louse","floor":4,"turns":1},{"damage":0,"enemies":"Gremlin Nob","floor":6,"turns":1},{"damage":27,"enemies":"3 Sentries","floor":8,"turns":12},{"damage":1,"enemies":"Jaw Worm","floor":10,"turns":3},{"damage":3,"enemies":"2 Fungi Beasts","floor":12,"turns":3},{"damage":1,"enemies":"Blue Slaver","floor":13,"turns":3},{"damage":0,"enemies":"Exordium Wildlife","floor":14,"turns":7},{"damage":26,"enemies":"Slime Boss","floor":16,"turns":7},{"damage":22,"enemies":"2 Thieves","floor":18,"turns":4},{"damage":0,"enemies":"Chosen","floor":20,"turns":5},{"damage":28,"enemies":"3 Cultists","floor":24,"turns":6},{"damage":3,"enemies":"Snake Plant","floor":30,"turns":5},{"damage":12,"enemies":"Centurion and Healer","floor":31,"turns":7},{"damage":36,"enemies":"Automaton","floor":33,"turns":10},{"damage":3,"enemies":"3 Shapes","floor":35,"turns":7},{"damage":9,"enemies":"3 Darklings","floor":38,"turns":6},{"damage":33,"enemies":"Reptomancer","floor":41,"turns":7},{"damage":10,"enemies":"Sphere and 2 Shapes","floor":45,"turns":5},{"damage":0,"enemies":"Writhing Mass","floor":46,"turns":7},{"damage":20,"enemies":"Donu and Deca","floor":50,"turns":8}],"seed_played":"-1164142301762408679","potions_obtained":[{"floor":6,"key":"EssenceOfSteel"},{"floor":8,"key":"LiquidBronze"},{"floor":10,"key":"Dexterity Potion"},{"floor":24,"key":"Dexterity Potion"},{"floor":30,"key":"SteroidPotion"},{"floor":31,"key":"PowerPotion"},{"floor":33,"key":"Energy Potion"},{"floor":38,"key":"AttackPotion"},{"floor":46,"key":"EntropicBrew"}],"is_trial":false,"path_per_floor":["M","?","?","M","?","E","R","E","T","M","$","M","M","M","R","B",null,"M","?","M","?","$","R","M","?","T","R","$","T","M","M","R","B",null,"M","$","?","M","?","R","E","R","T","T","M","M","?","?","R","B",null],"character_chosen":"THE_SILENT","items_purchased":["The Specimen","Blind"],"campfire_rested":5,"item_purchase_floors":[11,36],"current_hp_per_floor":[63,63,56,56,39,39,39,12,12,11,11,8,7,7,28,2,53,31,31,31,31,31,52,24,24,24,45,45,45,42,42,42,18,57,54,54,54,45,45,45,24,43,43,43,45,45,45,45,45,25],"gold":0,"neow_bonus":"THREE_ENEMY_KILL","is_prod":false,"is_daily":false,"chose_seed":false,"campfire_upgraded":3,"win_rate":0,"timestamp":1547616354,"path_taken":["M","?","?","M","?","E","R","E","T","M","?","M","M","M","R","BOSS","M","?","M","?","?","R","M","?","T","R","$","?","?","M","R","BOSS","M","$","?","M","?","R","E","R","T","?","M","?","?","?","R","BOSS"],"build_version":"2019-01-14v2","purchased_purges":3,"victory":true,"max_hp_per_floor":[70,70,70,70,70,70,70,70,70,70,70,70,70,70,70,70,70,70,70,70,70,70,70,70,70,70,70,70,70,70,70,70,70,70,70,70,66,66,66,66,66,66,66,66,66,66,66,66,66,66],"card_choices":[{"not_picked":["Dagger Throw","Infinite Blades"],"picked":"Bouncing Flask","floor":1},{"not_picked":["Slice","Skewer","Acrobatics"],"picked":"SKIP","floor":4},{"not_picked":["Prepared","Bane"],"picked":"Blur","floor":6},{"not_picked":["Outmaneuver","Sucker Punch"],"picked":"Crippling Poison","floor":8},{"not_picked":["Masterful Stab","Bane"],"picked":"Backstab","floor":10},{"not_picked":["Caltrops","Reflex","Bouncing Flask"],"picked":"SKIP","floor":12},{"not_picked":["Poisoned Stab","Prepared"],"picked":"PiercingWail","floor":13},{"not_picked":["Leg Sweep","Sucker Punch"],"picked":"Malaise","floor":14},{"not_picked":["Deflect","Dodge and Roll"],"picked":"Footwork+1","floor":18},{"not_picked":["Dash","Riddle With Holes"],"picked":"Flechettes","floor":20},{"not_picked":["Sucker Punch","Underhanded Strike+1"],"picked":"PiercingWail","floor":24},{"not_picked":["Sucker Punch","Dagger Throw"],"picked":"Setup","floor":30},{"not_picked":["Die Die Die","Dodge and Roll","Skewer+1"],"picked":"SKIP","floor":31},{"not_picked":["Die Die Die","Envenom"],"picked":"Burst","floor":33},{"not_picked":["Acrobatics+1","Leg Sweep","All Out Attack"],"picked":"SKIP","floor":35},{"not_picked":["Slice+1","Masterful Stab+1"],"picked":"Footwork+1","floor":38},{"not_picked":["Flechettes+1","Deflect+1"],"picked":"Leg Sweep","floor":41},{"not_picked":["Choke+1","Slice+1"],"picked":"Deadly Poison","floor":42},{"not_picked":["Reflex","Bouncing Flask"],"picked":"Noxious Fumes+1","floor":45},{"not_picked":["Cloak And Dagger+1","Acrobatics","Leg Sweep+1"],"picked":"SKIP","floor":46},{"not_picked":["Eviscerate+1","PiercingWail"],"picked":"Adrenaline","floor":49}],"player_experience":420400,"relics_obtained":[{"floor":6,"key":"Bag of Preparation"},{"floor":8,"key":"StoneCalendar"},{"floor":9,"key":"Tiny Chest"},{"floor":26,"key":"Sundial"},{"floor":29,"key":"Meat on the Bone"},{"floor":41,"key":"Dream Catcher"},{"floor":43,"key":"Ancient Tea Set"},{"floor":44,"key":"Orichalcum"}],"event_choices":[{"damage_healed":0,"gold_gain":0,"player_choice":"Grow","damage_taken":0,"max_hp_gain":0,"max_hp_loss":0,"event_name":"Living Wall","floor":2,"gold_loss":0,"cards_upgraded":["Bouncing Flask"]},{"cards_removed":["Strike_G"],"damage_healed":0,"gold_gain":0,"player_choice":"Card Removal","damage_taken":7,"max_hp_gain":0,"max_hp_loss":0,"event_name":"Golden Wing","floor":3,"gold_loss":0},{"damage_healed":0,"gold_gain":0,"player_choice":"Take Damage","damage_taken":17,"relics_obtained":["Golden Idol"],"max_hp_gain":0,"max_hp_loss":0,"event_name":"Golden Idol","floor":5,"gold_loss":0},{"damage_healed":0,"gold_gain":0,"player_choice":"Ignored","damage_taken":0,"max_hp_gain":0,"max_hp_loss":0,"event_name":"Ghosts","floor":19,"gold_loss":0},{"damage_healed":0,"gold_gain":0,"player_choice":"Ignored","damage_taken":0,"max_hp_gain":0,"max_hp_loss":0,"event_name":"Cursed Tome","floor":21,"gold_loss":0},{"damage_healed":0,"gold_gain":0,"player_choice":"Opened","damage_taken":0,"relics_obtained":["Turnip"],"max_hp_gain":0,"max_hp_loss":0,"event_name":"The Mausoleum","floor":25,"gold_loss":0,"cards_obtained":["Writhe"]},{"damage_healed":0,"gold_gain":0,"player_choice":"Max HP","damage_taken":0,"max_hp_gain":0,"max_hp_loss":4,"event_name":"Winding Halls","floor":37,"gold_loss":0},{"cards_removed":["Defend_G"],"damage_healed":0,"gold_gain":0,"player_choice":"Removed Skill","damage_taken":0,"max_hp_gain":0,"max_hp_loss":0,"event_name":"Falling","floor":39,"gold_loss":0},{"damage_healed":0,"gold_gain":0,"player_choice":"Upgrade","damage_taken":0,"relics_obtained":["Mark of the Bloom"],"max_hp_gain":0,"max_hp_loss":0,"event_name":"MindBloom","floor":47,"gold_loss":0,"cards_upgraded":["Defend_G","Defend_G","Defend_G","Strike_G","Strike_G","Strike_G","Survivor","Blur","Crippling Poison","Backstab","PiercingWail","Flechettes","PiercingWail","Setup","Blind","Leg Sweep","Deadly Poison"]},{"damage_healed":0,"gold_gain":0,"player_choice":"Paid","damage_taken":0,"relics_obtained":["Red Mask"],"max_hp_gain":0,"max_hp_loss":0,"event_name":"Tomb of Lord Red Mask","floor":48,"gold_loss":149}],"is_beta":true,"boss_relics":[{"not_picked":["Velvet Choker","White Beast Statue"],"picked":"Runic Pyramid"},{"not_picked":["Fusion Hammer","Lizard Tail"],"picked":"Cursed Key"}],"items_purged_floors":[22,28,36],"is_endless":false,"potions_floor_spawned":[6,8,10,24,30,31,33,38,46],"ascension_level":8}