{"gold_per_floor":[119,119,119,27,27,60,60,75,105,105,105,105,149,15,15,145,145,121,41,41,41,0,0,32,32,58,86,86,86,105,121,121,221,221,236,249,249,77,77,77,108,108,108,108,142,156,156,185,185,185],"floor_reached":51,"playtime":2577,"items_purged":["Defend_G","Strike_G","Strike_G"],"score":1245,"play_id":"8b00e877-607f-4c40-bfa5-b1dbbdc62c67","local_time":"20190130211914","is_ascension_mode":true,"campfire_choices":[{"data":"Expertise","floor":7.0,"key":"SMITH"},{"data":"Leg Sweep","floor":10.0,"key":"SMITH"},{"data":"Backflip","floor":12.0,"key":"SMITH"},{"floor":15.0,"key":"REST"},{"data":"Storm of Steel","floor":25.0,"key":"SMITH"},{"floor":29,"key":"REST"},{"floor":32,"key":"REST"},{"data":"Discovery","floor":40,"key":"SMITH"},{"data":"Secret Technique","floor":42,"key":"SMITH"},{"data":"Blade Dance","floor":44,"key":"SMITH"},{"floor":49,"key":"RECALL"}],"neow_cost":"NONE","seed_source_timestamp":0,"circlet_count":0,"master_deck":["AscendersBane","Defend_G+1","Defend_G+1","Defend_G+1","Strike_G+1","Strike_G+1","Strike_G+1","Survivor+1","Neutralize+1","Leg Sweep+1","Backflip+1","Slice+1","Escape Plan+1","Expertise+1","Escape Plan+1","Finesse+1","Footwork+1","Storm of Steel+1","Terror+1","Infinite Blades+1","Well Laid Plans+1","After Image+1","Well Laid Plans+1","Finesse+1","Secret Technique+1","Discovery+1","Accuracy+1","Blade Dance+1","Infinite Blades+1"],"special_seed":0,"relics":["Ring of the Snake","NeowsBlessing","Bloody Idol","Ginger","Darkstone Periapt","Tiny Chest","Shuriken","The Courier","Philosopher\u0027s Stone","Boot","Happy Flower","Bird Faced Urn","FaceOfCleric","Eternal Feather","Molten Egg 2","Orichalcum","Kunai","Omamori","Mark of the Bloom","Bottled Flame"],"potions_floor_usage":[27,30,36,50],"damage_taken":[{"damage":0.0,"enemies":"Small Slimes","floor":1.0,"turns":1.0},{"damage":0.0,"enemies":"3 Sentries","floor":6.0,"turns":1.0},{"damage":0.0,"enemies":"2 Louse","floor":8.0,"turns":1.0},{"damage":37.0,"enemies":"Gremlin Nob","floor":13.0,"turns":6.0},{"damage":22.0,"enemies":"The Guardian","floor":16.0,"turns":17.0},{"damage":0.0,"enemies":"2 Thieves","floor":18.0,"turns":5.0},{"damage":15.0,"enemies":"Book of Stabbing","floor":24.0,"turns":9.0},{"damage":45,"enemies":"Slavers","floor":27,"turns":7},{"damage":0,"enemies":"Chosen","floor":30,"turns":3},{"damage":12,"enemies":"Snecko","floor":31,"turns":6},{"damage":37,"enemies":"Collector","floor":33,"turns":7},{"damage":0,"enemies":"Orb Walker","floor":35,"turns":4},{"damage":0,"enemies":"3 Shapes","floor":36,"turns":7},{"damage":10,"enemies":"Reptomancer","floor":41,"turns":6},{"damage":3,"enemies":"Giant Head","floor":45,"turns":6},{"damage":0,"enemies":"Writhing Mass","floor":46,"turns":4},{"damage":0,"enemies":"Reptomancer","floor":48,"turns":4},{"damage":33,"enemies":"Donu and Deca","floor":50,"turns":7}],"seed_played":"4075460159639065882","potions_obtained":[{"floor":1.0,"key":"Ancient Potion"},{"floor":16.0,"key":"Dexterity Potion"},{"floor":24.0,"key":"Ancient Potion"},{"floor":31,"key":"SteroidPotion"},{"floor":33,"key":"Block Potion"},{"floor":41,"key":"FearPotion"}],"is_trial":false,"path_per_floor":["M","?","?","$","?","E","R","M","T","R","T","R","E","$","R","B",null,"M","$","?","?","?","$","E","R","T","E","?","R","M","M","R","B",null,"M","M","?","$","T","R","E","R","T","R","E","M","?","E","R","B",null],"character_chosen":"THE_SILENT","items_purchased":["Slice","Escape Plan","Finesse","Accuracy","Blade Dance"],"campfire_rested":3,"item_purchase_floors":[4,4,14,38,38],"current_hp_per_floor":[63,63,63,63,51,51,51,51,51,51,51,51,14,14,33,11,52,52,52,52,52,52,52,42,42,47,7,7,26,34,32,52,27,58,69,70,60,60,60,70,71,71,71,71,72,73,73,73,73,40],"gold":185,"neow_bonus":"THREE_ENEMY_KILL","is_prod":false,"is_daily":false,"chose_seed":false,"campfire_upgraded":7,"win_rate":0,"timestamp":1548883154,"path_taken":["M","?","?","$","?","E","R","M","T","R","?","R","E","?","R","BOSS","M","$","?","?","?","$","E","R","T","E","?","R","?","M","R","BOSS","M","M","?","$","?","R","E","R","T","R","E","M","?","E","R","BOSS"],"build_version":"2019-01-23","purchased_purges":3,"victory":true,"max_hp_per_floor":[70,65,65,65,65,65,65,65,65,65,65,65,65,65,65,65,65,65,65,65,65,65,65,65,65,65,65,65,65,66,67,67,68,68,69,70,70,70,70,70,71,71,71,71,72,73,73,74,74,75],"card_choices":[{"not_picked":["Blade Dance","Dagger Throw"],"picked":"Leg Sweep","floor":1.0},{"not_picked":["Sucker Punch","All Out Attack"],"picked":"Expertise","floor":6.0},{"not_picked":["Quick Slash","Catalyst","Acrobatics"],"picked":"SKIP","floor":8.0},{"not_picked":["Venomology","Sucker Punch"],"picked":"Escape Plan","floor":13.0},{"not_picked":["Tactician","Cloak And Dagger"],"picked":"Footwork","floor":18.0},{"not_picked":["Quick Slash","Tactician+1"],"picked":"Storm of Steel","floor":24.0},{"not_picked":["Outmaneuver","Backflip+1"],"picked":"Terror","floor":27},{"not_picked":["Flying Knee","Blade Dance"],"picked":"Infinite Blades+1","floor":30},{"not_picked":["Cloak And Dagger","Quick Slash"],"picked":"Well Laid Plans","floor":31},{"not_picked":["Wraith Form v2","Night Terror"],"picked":"After Image","floor":33},{"not_picked":["Eviscerate","Bane","Slice"],"picked":"SKIP","floor":35},{"not_picked":["Deflect","Dagger Throw+1"],"picked":"Well Laid Plans+1","floor":36},{"not_picked":["Forethought","Enlightenment"],"picked":"Finesse","floor":37},{"not_picked":["Thinking Ahead","Mayhem"],"picked":"Secret Technique","floor":37},{"not_picked":["Trip","Bandage Up"],"picked":"Discovery","floor":37},{"not_picked":["Leg Sweep+1","Caltrops","Flying Knee+1"],"picked":"SKIP","floor":41},{"not_picked":["Escape Plan","Deflect+1"],"picked":"Infinite Blades+1","floor":45},{"not_picked":["Flying Knee+1","Distraction","Acrobatics"],"picked":"SKIP","floor":46},{"not_picked":["Tactician","Corpse Explosion","Distraction"],"picked":"SKIP","floor":48}],"player_experience":528085,"relics_obtained":[{"floor":6.0,"key":"Darkstone Periapt"},{"floor":9.0,"key":"Tiny Chest"},{"floor":11.0,"key":"Shuriken"},{"floor":13.0,"key":"The Courier"},{"floor":24.0,"key":"Boot"},{"floor":26.0,"key":"Happy Flower"},{"floor":27,"key":"Bird Faced Urn"},{"floor":39,"key":"Molten Egg 2"},{"floor":41,"key":"Orichalcum"},{"floor":43,"key":"Kunai"},{"floor":45,"key":"Omamori"},{"floor":48,"key":"Bottled Flame"}],"event_choices":[{"damage_healed":0.0,"max_hp_gain":0.0,"max_hp_loss":5.0,"gold_gain":0.0,"event_name":"Golden Idol","player_choice":"Lose Max HP","floor":2.0,"gold_loss":0.0,"damage_taken":0.0,"relics_obtained":["Golden Idol"]},{"damage_healed":0.0,"max_hp_gain":0.0,"max_hp_loss":0.0,"gold_gain":0.0,"cards_transformed":["Defend_G"],"event_name":"Living Wall","player_choice":"Change","floor":3.0,"gold_loss":0.0,"damage_taken":0.0,"cards_obtained":["Backflip"]},{"damage_healed":0.0,"max_hp_gain":0.0,"max_hp_loss":0.0,"gold_gain":0.0,"event_name":"Scrap Ooze","player_choice":"Success","floor":5.0,"gold_loss":0.0,"damage_taken":12.0,"relics_obtained":["Ginger"]},{"damage_healed":0.0,"max_hp_gain":0.0,"max_hp_loss":0.0,"gold_gain":0.0,"event_name":"Forgotten Altar","player_choice":"Gave Idol","floor":20.0,"relics_lost":["Golden Idol"],"gold_loss":0.0,"damage_taken":0.0,"relics_obtained":["Bloody Idol"]},{"damage_healed":0.0,"max_hp_gain":0.0,"max_hp_loss":0.0,"gold_gain":0.0,"event_name":"Vampires","player_choice":"Ignored","floor":21.0,"gold_loss":0.0,"damage_taken":0.0},{"damage_healed":0.0,"max_hp_gain":0.0,"max_hp_loss":0.0,"gold_gain":0.0,"event_name":"Masked Bandits","player_choice":"Paid Fearfully","floor":22.0,"gold_loss":41.0,"damage_taken":0.0},{"damage_healed":0,"gold_gain":0,"player_choice":"Trade","damage_taken":0,"relics_obtained":["FaceOfCleric"],"max_hp_gain":0,"max_hp_loss":0,"event_name":"FaceTrader","floor":28,"gold_loss":0},{"damage_healed":0,"gold_gain":0,"player_choice":"Memory 3","damage_taken":10,"max_hp_gain":0,"max_hp_loss":0,"event_name":"SensoryStone","floor":37,"gold_loss":0},{"damage_healed":0,"gold_gain":0,"player_choice":"Upgrade","damage_taken":0,"relics_obtained":["Mark of the Bloom"],"max_hp_gain":0,"max_hp_loss":0,"event_name":"MindBloom","floor":47,"gold_loss":0,"cards_upgraded":["Defend_G","Defend_G","Defend_G","Strike_G","Strike_G","Strike_G","Survivor","Neutralize","Slice","Escape Plan","Escape Plan","Finesse","Footwork","Terror","Well Laid Plans","After Image","Finesse","Accuracy"]}],"is_beta":true,"boss_relics":[{"not_picked":["White Beast Statue","Runic Pyramid"],"picked":"Philosopher\u0027s Stone"},{"not_picked":["Fusion Hammer","Lizard Tail"],"picked":"Eternal Feather"}],"items_purged_floors":[14,19,38],"is_endless":false,"potions_floor_spawned":[1,16,24,31,33,41,45],"ascension_level":11}