{"path_per_floor":["M","?","M","M","$","E","M","R","T","M","?","?","R","$","R","B",null,"M","M","?","?","M","R"],"character_chosen":"DEFECT","items_purchased":["Gash","Gash"],"gold_per_floor":[112,112,127,147,70,102,117,117,117,137,137,137,137,26,26,121,121,138,149,149,74,92,92,92],"floor_reached":24,"campfire_rested":0,"playtime":993,"current_hp_per_floor":[75,75,74,74,74,39,34,34,34,29,29,47,47,47,47,21,75,54,44,44,44,39,39,0],"items_purged":["Strike_B"],"gold":92,"score":216,"play_id":"cdba3364-d829-43c9-9f9b-71387e93e470","local_time":"20180516221142","is_prod":false,"is_daily":false,"chose_seed":false,"is_ascension_mode":true,"campfire_upgraded":4,"timestamp":1526505102,"path_taken":["M","?","M","?","$","E","M","R","T","M","?","?","R","?","R","BOSS","M","M","?","?","M","R","E"],"build_version":"2018-05-15","seed_source_timestamp":300519429942254,"purchased_purges":1,"victory":false,"master_deck":["Strike_B","Strike_B","Defend_B","Defend_B","Defend_B","Defend_B","Zap+1","Dualcast","Streamline","Skim","Streamline","Gash+1","Chill","White Noise+1","Reboot+1","Parasite","Gash+1","All For One","FTL+1","Steam","Writhe"],"max_hp_per_floor":[75,75,75,75,75,75,75,75,75,75,75,75,75,75,75,75,75,75,75,75,75,75,75,75],"relics":["Cracked Core","Pen Nib","Blue Candle","Black Star","Boot"],"card_choices":[{"not_picked":["Turbo","Capacitor"],"picked":"Streamline","floor":1},{"not_picked":["Steam","Storm"],"picked":"Skim","floor":3},{"not_picked":["Axe Kick","Capacitor"],"picked":"Streamline","floor":4},{"not_picked":["Turbo","Streamline"],"picked":"Chill","floor":6},{"not_picked":["Stack","Blizzard"],"picked":"White Noise","floor":7},{"not_picked":["Beam Cell","BootSequence"],"picked":"Reboot","floor":10},{"not_picked":["Echo Form","Hyperbeam"],"picked":"All For One","floor":16},{"not_picked":["Cold Snap","Skim"],"picked":"FTL+1","floor":18},{"not_picked":["White Noise","Ball Lightning"],"picked":"Steam","floor":19},{"not_picked":["Leap","Conserve Battery","Capacitor"],"picked":"SKIP","floor":22}],"player_experience":154404,"potions_floor_usage":[6,6,24,24],"damage_taken":[{"damage":0,"enemies":"2 Louse","floor":1,"turns":2},{"damage":1,"enemies":"Cultist","floor":3,"turns":3},{"damage":0,"enemies":"Small Slimes","floor":4,"turns":2},{"damage":35,"enemies":"3 Sentries","floor":6,"turns":6},{"damage":5,"enemies":"2 Fungi Beasts","floor":7,"turns":3},{"damage":5,"enemies":"Lots of Slimes","floor":10,"turns":3},{"damage":26,"enemies":"The Guardian","floor":16,"turns":7},{"damage":21,"enemies":"2 Thieves","floor":18,"turns":4},{"damage":10,"enemies":"3 Byrds","floor":19,"turns":4},{"damage":5,"enemies":"Snecko","floor":22,"turns":4},{"damage":58,"enemies":"Slavers","floor":24,"turns":3}],"relics_obtained":[{"floor":6,"key":"Pen Nib"},{"floor":9,"key":"Blue Candle"}],"event_choices":[{"event_name":"Wheel of Change","player_choice":"Full Heal","floor":2,"damage_taken":0},{"event_name":"Upgrade Shrine","player_choice":"Upgraded","floor":11,"damage_taken":0},{"event_name":"Mushrooms","player_choice":"Healed and dodged fight","floor":12,"damage_taken":0},{"event_name":"The Mausoleum","player_choice":"Yes","floor":20,"damage_taken":0},{"event_name":"Beggar","player_choice":"Gave Gold","floor":21,"damage_taken":0}],"boss_relics":[{"not_picked":["Inserter","Ectoplasm"],"picked":"Black Star"}],"potions_floor_spawned":[3,6,7,16,18,22],"seed_played":"-2961986666261289994","killed_by":"Slavers","ascension_level":2,"potions_obtained":[{"floor":3,"key":"EntropicBrew"},{"floor":6,"key":"Fire Potion"}],"is_trial":false}