{"gold_per_floor":[112,112,124,134,152,177,177,188,188,188,202,212,212,227,227,327,327,339,194,205,130,143,143,155,8,32,32],"floor_reached":27,"playtime":1586,"items_purged":["Strike_R"],"score":285,"play_id":"dd036a9a-597c-437b-8eee-b88ee43e23ea","local_time":"20190106231400","is_ascension_mode":true,"campfire_choices":[{"floor":7,"key":"REST"},{"data":"Barricade","floor":10,"key":"SMITH"},{"data":"Armaments","floor":15,"key":"SMITH"},{"data":"Demon Form","floor":23,"key":"SMITH"}],"neow_cost":"TEN_PERCENT_HP_LOSS","seed_source_timestamp":351478735217772,"circlet_count":0,"master_deck":["Strike_R","Strike_R","Strike_R","Defend_R","Defend_R","Bash","Barricade+1","Ghostly Armor","Rage","Sentinel","Metallicize","Metallicize","Armaments+1","Demon Form+1","Battle Trance","Entrench","Second Wind","Limit Break","Whirlwind","Power Through+1","Corruption"],"relics":["Burning Blood","NlothsMask","Bag of Marbles","Orrery","Juzu Bracelet","Pen Nib"],"potions_floor_usage":[6,12,12,14,16],"damage_taken":[{"damage":15,"enemies":"Small Slimes","floor":1,"turns":5},{"damage":1,"enemies":"Cultist","floor":3,"turns":3},{"damage":7,"enemies":"Jaw Worm","floor":4,"turns":3},{"damage":10,"enemies":"Large Slime","floor":5,"turns":9},{"damage":35,"enemies":"3 Sentries","floor":6,"turns":17},{"damage":5,"enemies":"3 Louse","floor":8,"turns":5},{"damage":12,"enemies":"Lots of Slimes","floor":11,"turns":8},{"damage":4,"enemies":"Looter","floor":12,"turns":4},{"damage":2,"enemies":"Red Slaver","floor":14,"turns":7},{"damage":16,"enemies":"Hexaghost","floor":16,"turns":23},{"damage":4,"enemies":"Chosen","floor":18,"turns":10},{"damage":13,"enemies":"Shell Parasite","floor":20,"turns":7},{"damage":27,"enemies":"Snecko","floor":22,"turns":9},{"damage":27,"enemies":"Centurion and Healer","floor":24,"turns":6},{"damage":25,"enemies":"Colosseum Slavers","floor":27,"turns":4}],"seed_played":"7430391957063335630","potions_obtained":[{"floor":1,"key":"FearPotion"},{"floor":5,"key":"EssenceOfSteel"},{"floor":11,"key":"AttackPotion"},{"floor":12,"key":"Weak Potion"},{"floor":14,"key":"SkillPotion"},{"floor":24,"key":"SteroidPotion"}],"is_trial":false,"path_per_floor":["M","?","M","M","M","E","R","M","T","R","M","M","?","M","R","B",null,"M","$","M","?","M","R","M","$","T","?"],"character_chosen":"IRONCLAD","items_purchased":["Whirlwind","Juzu Bracelet"],"campfire_rested":1,"item_purchase_floors":[19,25],"current_hp_per_floor":[63,63,68,67,63,34,55,56,56,56,50,52,72,72,72,62,70,72,72,65,65,44,44,23,23,23,0],"gold":32,"neow_bonus":"REMOVE_TWO","is_prod":false,"is_daily":false,"chose_seed":false,"campfire_upgraded":3,"win_rate":0,"timestamp":1546816440,"path_taken":["M","?","M","M","?","E","R","M","T","R","M","M","?","M","R","BOSS","M","$","M","?","M","R","M","$","T","?"],"build_version":"2019-01-03v4","purchased_purges":1,"victory":false,"max_hp_per_floor":[72,72,72,72,72,72,72,72,72,72,72,72,72,72,72,72,72,72,72,72,72,72,72,72,72,72,72],"card_choices":[{"not_picked":["Sever Soul","Anger","Thunderclap"],"picked":"SKIP","floor":1},{"not_picked":["Perfected Strike","Iron Wave"],"picked":"Barricade","floor":3},{"not_picked":["Fire Breathing","Anger"],"picked":"Ghostly Armor","floor":4},{"not_picked":["Anger","Twin Strike"],"picked":"Rage","floor":5},{"not_picked":["Pommel Strike","Twin Strike"],"picked":"Sentinel","floor":6},{"not_picked":["Pommel Strike","Thunderclap","Carnage"],"picked":"SKIP","floor":8},{"not_picked":["Infernal Blade","Evolve"],"picked":"Metallicize","floor":11},{"not_picked":["Anger","Sword Boomerang"],"picked":"Metallicize","floor":12},{"not_picked":["Infernal Blade","Perfected Strike"],"picked":"Armaments","floor":14},{"not_picked":["Berserk","Offering"],"picked":"Demon Form","floor":16},{"not_picked":["Pommel Strike","Sword Boomerang"],"picked":"Battle Trance","floor":17},{"not_picked":["Clash","Whirlwind"],"picked":"Entrench","floor":17},{"not_picked":["Flex","Warcry"],"picked":"Second Wind","floor":17},{"not_picked":["Entrench","Headbutt"],"picked":"Limit Break","floor":17},{"not_picked":["Cleave","Carnage+1","Warcry"],"picked":"SKIP","floor":18},{"not_picked":["Entrench","Sword Boomerang+1"],"picked":"Power Through+1","floor":20},{"not_picked":["Iron Wave","Reckless Charge","Power Through"],"picked":"SKIP","floor":22},{"not_picked":["Entrench","Combust"],"picked":"Corruption","floor":24}],"player_experience":377979,"relics_obtained":[{"floor":6,"key":"Bag of Marbles"},{"floor":26,"key":"Pen Nib"}],"event_choices":[{"damage_healed":0,"gold_gain":0,"player_choice":"Trade","damage_taken":0,"relics_obtained":["NlothsMask"],"max_hp_gain":0,"max_hp_loss":0,"event_name":"FaceTrader","floor":2,"gold_loss":0},{"damage_healed":24,"gold_gain":0,"player_choice":"Banana","damage_taken":0,"max_hp_gain":0,"max_hp_loss":0,"event_name":"Big Fish","floor":13,"gold_loss":0},{"cards_removed":["Defend_R"],"damage_healed":0,"gold_gain":0,"player_choice":"Gave Gold","damage_taken":0,"max_hp_gain":0,"max_hp_loss":0,"event_name":"Beggar","floor":21,"gold_loss":75},{"damage_healed":0,"gold_gain":0,"player_choice":"Fight","damage_taken":0,"max_hp_gain":0,"max_hp_loss":0,"event_name":"Colosseum","floor":27,"gold_loss":0}],"is_beta":true,"boss_relics":[{"not_picked":["Coffee Dripper","Mark of Pain"],"picked":"Orrery"}],"items_purged_floors":[19],"is_endless":false,"potions_floor_spawned":[1,5,11,12,14,24],"killed_by":"Colosseum Slavers","ascension_level":6}