{"path_per_floor":["M","?","M","M","?","E","R","T","T","M","$","E","$","E","R","B",null,"M","M","?","?","?","R","E","R","T","?","$","E","$","?","R","B",null,"M","M","M","?","$","R","E","?","T","M","R","E","T","?","R","B"],"character_chosen":"DEFECT","items_purchased":["Chill","Streamline","Go for the Eyes"],"gold_per_floor":[18,18,35,49,49,79,79,129,152,172,20,54,30,60,60,165,165,177,189,112,112,112,112,140,140,140,140,40,74,74,74,74,175,175,189,204,222,222,44,44,78,78,78,90,90,120,120,0,0,0],"floor_reached":51,"campfire_rested":4,"playtime":2300,"item_purchase_floors":[11,13,39],"current_hp_per_floor":[75,72,60,60,45,14,51,51,51,51,51,45,45,39,39,22,75,67,55,55,55,39,75,62,62,62,62,62,62,62,85,85,37,85,75,70,69,59,59,59,15,15,15,15,57,49,49,49,91,25],"items_purged":["Strike_B","Blizzard+1","Strike_B+1"],"gold":0,"score":878,"play_id":"3a3ca108-3650-49a5-8bc8-9a18cc7c7097","local_time":"20180524233227","is_prod":false,"is_daily":false,"chose_seed":false,"is_ascension_mode":true,"campfire_upgraded":4,"win_rate":0,"timestamp":1527201147,"campfire_choices":[{"floor":7,"key":"REST"},{"data":"Chill","floor":15,"key":"SMITH"},{"floor":23,"key":"REST"},{"data":"Buffer","floor":25,"key":"SMITH"},{"data":"Dualcast","floor":32,"key":"SMITH"},{"data":"Apotheosis","floor":40,"key":"SMITH"},{"floor":45,"key":"REST"},{"floor":49,"key":"REST"}],"path_taken":["M","?","M","M","?","E","R","?","T","M","$","E","$","E","R","BOSS","M","M","?","?","?","R","E","R","T","?","$","E","$","?","R","BOSS","M","M","?","?","$","R","E","?","T","M","R","E","?","?","R","BOSS"],"build_version":"2018-05-23v2","seed_source_timestamp":995280799828972,"purchased_purges":3,"victory":true,"master_deck":["Defend_B+1","Zap+1","Dualcast+1","Rebound","Hologram+1","Buffer+1","Streamline","Chill+1","BootSequence","Streamline","Chill","All For One+1","Tempest+1","J.A.X.","Necronomicurse","Beam Cell","Trip","Reboot","Electrodynamics","Flash of Steel","Flash of Steel","Apotheosis+1","Go for the Eyes+1","Steam","Chill+1","Defragment+1"],"max_hp_per_floor":[75,75,75,75,75,75,75,75,75,75,75,75,75,75,75,75,75,75,75,75,75,75,75,75,75,75,75,75,75,75,85,85,85,85,87,89,91,91,91,91,91,91,91,91,91,91,91,91,91,91],"relics":["Cracked Core","Regal Pillow","Potion Belt","Art of War","War Paint","Bag of Preparation","Lantern","Astrolabe","Necronomicon","Letter Opener","Vajra","Singing Bowl","Lizard Tail","Question Card","Ancient Tea Set","Whetstone","The Courier","Red Mask"],"card_choices":[{"not_picked":["Capacitor","Cold Snap"],"picked":"Rebound","floor":1},{"not_picked":["Stack","Sweeping Beam"],"picked":"Hologram","floor":3},{"not_picked":["Barrage","Cold Snap","Loop"],"picked":"SKIP","floor":4},{"not_picked":["Capacitor","Compile Driver"],"picked":"Buffer","floor":6},{"not_picked":["Go for the Eyes","Defragment"],"picked":"Streamline","floor":10},{"not_picked":["Compile Driver","Rip and Tear"],"picked":"BootSequence","floor":12},{"not_picked":["Force Field","Cold Snap"],"picked":"Chill","floor":14},{"not_picked":["Machine Learning","Rainbow"],"picked":"All For One","floor":16},{"not_picked":["Steam+1","Go for the Eyes+1","Coolheaded"],"picked":"SKIP","floor":18},{"not_picked":["Turbo","Streamline"],"picked":"Tempest+1","floor":19},{"not_picked":["Sweeping Beam","Stack","Redo"],"picked":"SKIP","floor":24},{"not_picked":["Doom and Gloom","Redo+1"],"picked":"Reboot","floor":29},{"not_picked":["Machine Learning","Fission"],"picked":"Electrodynamics","floor":33},{"not_picked":["Beam Cell+1","Coolheaded","Hologram"],"picked":"Singing Bowl","floor":35},{"not_picked":["Stack","Fusion","Capacitor"],"picked":"Singing Bowl","floor":36},{"not_picked":["Streamline","Go for the Eyes","Barrage+1"],"picked":"Singing Bowl","floor":37},{"not_picked":["Jack Of All Trades","Transmutation"],"picked":"Flash of Steel","floor":38},{"not_picked":["Deep Breath","Bandage Up"],"picked":"Flash of Steel","floor":38},{"not_picked":["Madness","Panacea"],"picked":"Apotheosis","floor":38},{"not_picked":["Beam Cell","Capacitor"],"picked":"Steam","floor":41},{"not_picked":["Cold Snap","Sweeping Beam+1","Barrage+1"],"picked":"Chill+1","floor":44},{"not_picked":["Redo+1","Glacier+1","Chill+1"],"picked":"Defragment+1","floor":46}],"player_experience":186226,"potions_floor_usage":[12,24,36,50,50,50,50],"damage_taken":[{"damage":0,"enemies":"Small Slimes","floor":1,"turns":3},{"damage":12,"enemies":"Jaw Worm","floor":3,"turns":2},{"damage":0,"enemies":"2 Louse","floor":4,"turns":2},{"damage":31,"enemies":"Lagavulin","floor":6,"turns":7},{"damage":0,"enemies":"Large Slime","floor":10,"turns":4},{"damage":6,"enemies":"3 Sentries","floor":12,"turns":6},{"damage":6,"enemies":"Gremlin Nob","floor":14,"turns":3},{"damage":17,"enemies":"The Guardian","floor":16,"turns":9},{"damage":8,"enemies":"2 Thieves","floor":18,"turns":4},{"damage":12,"enemies":"Chosen","floor":19,"turns":6},{"damage":13,"enemies":"Book of Stabbing","floor":24,"turns":5},{"damage":0,"enemies":"Slavers","floor":29,"turns":5},{"damage":48,"enemies":"Champ","floor":33,"turns":7},{"damage":12,"enemies":"3 Darklings","floor":35,"turns":4},{"damage":7,"enemies":"Flame Bruiser 1 Orb","floor":36,"turns":4},{"damage":3,"enemies":"3 Darklings","floor":37,"turns":3},{"damage":44,"enemies":"2 Orb Walkers","floor":41,"turns":4},{"damage":0,"enemies":"4 Shapes","floor":44,"turns":6},{"damage":8,"enemies":"Nemesis","floor":46,"turns":3},{"damage":66,"enemies":"Time Eater","floor":50,"turns":9}],"relics_obtained":[{"floor":6,"key":"Potion Belt"},{"floor":8,"key":"Art of War"},{"floor":9,"key":"War Paint"},{"floor":12,"key":"Bag of Preparation"},{"floor":14,"key":"Lantern"},{"floor":22,"key":"Necronomicon"},{"floor":24,"key":"Letter Opener"},{"floor":26,"key":"Vajra"},{"floor":29,"key":"Singing Bowl"},{"floor":41,"key":"Question Card"},{"floor":43,"key":"Ancient Tea Set"},{"floor":46,"key":"Whetstone"},{"floor":47,"key":"The Courier"}],"event_choices":[{"event_name":"Scrap Ooze","player_choice":"success","floor":2,"damage_taken":3},{"event_name":"Shining Light","player_choice":"Entered Light","floor":5,"damage_taken":0},{"event_name":"Drug Dealer","player_choice":"Got JAXXED","floor":20,"damage_taken":0},{"event_name":"Back to Basics","player_choice":"Elegance","floor":21,"damage_taken":0},{"event_name":"Cursed Tome","player_choice":"Obtained Book","floor":22,"damage_taken":0},{"event_name":"Match and Keep!","player_choice":"2 cards matched","floor":27,"damage_taken":0},{"event_name":"Bonfire Elementals","player_choice":"RARE","floor":31,"damage_taken":0},{"event_name":"SensoryStone","player_choice":"Memory 3","floor":38,"damage_taken":0},{"event_name":"The Moai Head","player_choice":"Ignored","floor":42,"damage_taken":0},{"event_name":"Tomb of Lord Red Mask","player_choice":"Paid","floor":48,"damage_taken":0}],"boss_relics":[{"not_picked":["Ectoplasm","Nuclear Battery"],"picked":"Astrolabe"},{"not_picked":["Cursed Key","Runic Pyramid"],"picked":"Lizard Tail"}],"items_purged_floors":[11,28,39],"potions_floor_spawned":[6,10,16,24,29,35,46],"seed_played":"-4542552445448704901","ascension_level":2,"potions_obtained":[{"floor":6,"key":"PowerPotion"},{"floor":10,"key":"Dexterity Potion"},{"floor":16,"key":"Dexterity Potion"},{"floor":24,"key":"Strength Potion"},{"floor":29,"key":"Dexterity Potion"},{"floor":35,"key":"Block Potion"},{"floor":46,"key":"Dexterity Potion"}],"is_trial":false}