{"gold_per_floor":[110,127,138,156,156,156,184,200,226,226,236,236,13,13,13,108,108,132,132,47,47,65,65,104,119,119,119,159,179,179,195,195,288,288,304,318,343,407,407,407,448,448,448,296,11,11,54,54,54,54],"floor_reached":50,"playtime":2989,"items_purged":["Strike_B"],"score":1029,"play_id":"352933bf-1ba1-4f17-9ca1-ddeb29cd3679","local_time":"20190209181652","is_ascension_mode":true,"campfire_choices":[{"data":"Go for the Eyes","floor":6.0,"key":"SMITH"},{"floor":10.0,"key":"REST"},{"data":"Sunder","floor":12.0,"key":"SMITH"},{"data":"Loop","floor":15.0,"key":"SMITH"},{"data":"Chaos","floor":23.0,"key":"SMITH"},{"data":"Seek","floor":27.0,"key":"SMITH"},{"data":"Zap","floor":30.0,"key":"SMITH"},{"floor":32.0,"key":"REST"},{"data":"Biased Cognition","floor":40.0,"key":"SMITH"},{"floor":42.0,"key":"REST"},{"data":"Apotheosis","floor":46.0,"key":"SMITH"},{"floor":49,"key":"REST"}],"neow_cost":"NONE","seed_source_timestamp":1538817472288845,"circlet_count":0,"master_deck":["AscendersBane","Defend_B","Defend_B","Defend_B","Defend_B","Zap+1","Dualcast","Aggregate","Coolheaded","Conserve Battery","Cold Snap","Go for the Eyes+1","Sunder+1","Biased Cognition+1","Conserve Battery","Loop+1","Seek+1","Compile Driver","Echo Form","Chaos+1","FTL","Melter+1","Rebound","Cold Snap","Electrodynamics","Core Surge","Ball Lightning","Fusion+1","Defragment","Apotheosis+1","Hologram"],"special_seed":0,"relics":["Cracked Core","Dodecahedron","Potion Belt","PreservedInsect","Anchor","Golden Idol","Nuclear Battery","Regal Pillow","Ginger","Oddly Smooth Stone","Mummified Hand","Philosopher\u0027s Stone","Girya","Bag of Marbles","Pear","Bag of Preparation"],"potions_floor_usage":[47,50,50,50],"damage_taken":[{"damage":1.0,"enemies":"Cultist","floor":1.0,"turns":3.0},{"damage":2.0,"enemies":"Small Slimes","floor":2.0,"turns":3.0},{"damage":7.0,"enemies":"Jaw Worm","floor":3.0,"turns":4.0},{"damage":0.0,"enemies":"Large Slime","floor":4.0,"turns":8.0},{"damage":13.0,"enemies":"Lagavulin","floor":7.0,"turns":11.0},{"damage":8.0,"enemies":"3 Louse","floor":8.0,"turns":3.0},{"damage":0.0,"enemies":"Looter","floor":11.0,"turns":2.0},{"damage":17.0,"enemies":"The Guardian","floor":16.0,"turns":11.0},{"damage":8.0,"enemies":"Chosen","floor":18.0,"turns":5.0},{"damage":0.0,"enemies":"Shell Parasite","floor":22.0,"turns":5.0},{"damage":1.0,"enemies":"Book of Stabbing","floor":24.0,"turns":4.0},{"damage":2.0,"enemies":"Snake Plant","floor":25.0,"turns":2.0},{"damage":0.0,"enemies":"Gremlin Leader","floor":28.0,"turns":5.0},{"damage":0.0,"enemies":"Chosen and Byrds","floor":29.0,"turns":5.0},{"damage":0.0,"enemies":"Centurion and Healer","floor":31.0,"turns":3.0},{"damage":15.0,"enemies":"Champ","floor":33.0,"turns":9.0},{"damage":0.0,"enemies":"3 Shapes","floor":35.0,"turns":3.0},{"damage":0.0,"enemies":"Orb Walker","floor":36.0,"turns":2.0},{"damage":0.0,"enemies":"Sphere and 2 Shapes","floor":37.0,"turns":3.0},{"damage":2.0,"enemies":"2 Orb Walkers","floor":38.0,"turns":4.0},{"damage":27.0,"enemies":"Nemesis","floor":41.0,"turns":5.0},{"damage":31,"enemies":"Reptomancer","floor":47,"turns":4},{"damage":86,"enemies":"Time Eater","floor":50,"turns":13}],"seed_played":"-9133411984259368356","potions_obtained":[{"floor":1.0,"key":"PowerPotion"},{"floor":7.0,"key":"Block Potion"},{"floor":8.0,"key":"SteroidPotion"},{"floor":22.0,"key":"Poison Potion"},{"floor":28.0,"key":"EssenceOfSteel"},{"floor":29.0,"key":"SpeedPotion"},{"floor":31.0,"key":"EssenceOfSteel"},{"floor":35.0,"key":"Swift Potion"},{"floor":41.0,"key":"Explosive Potion"}],"is_trial":false,"path_per_floor":["M","M","M","M","?","R","E","M","T","R","M","R","$","?","R","B",null,"M","$","?","?","M","R","E","M","T","R","E","M","R","M","R","B",null,"M","M","M","?","?","R","E","R","T","$","$","R","E","$","R","B"],"character_chosen":"DEFECT","items_purchased":["Anchor","Loop","Defragment","Apotheosis","Hologram","Dexterity Potion"],"campfire_rested":4,"item_purchase_floors":[13,13,44,45,45,45],"current_hp_per_floor":[63,61,54,54,43,43,30,22,22,43,43,43,43,43,43,26,55,47,47,47,47,47,47,46,44,44,44,44,44,44,44,64,49,60,60,60,60,58,58,58,31,64,74,74,74,74,43,43,74,0],"gold":54,"neow_bonus":"TRANSFORM_CARD","is_prod":false,"is_daily":false,"chose_seed":false,"campfire_upgraded":8,"win_rate":0,"timestamp":1549703812,"path_taken":["M","M","M","M","?","R","E","M","T","R","M","R","$","?","R","BOSS","M","$","?","?","M","R","E","M","T","R","E","M","R","M","R","BOSS","M","M","M","?","?","R","E","R","T","?","$","R","E","$","R","BOSS"],"build_version":"2019-01-23","purchased_purges":1,"victory":false,"max_hp_per_floor":[71,71,71,71,71,71,71,71,71,71,71,71,71,64,64,64,64,64,64,64,64,64,64,64,64,64,64,64,64,64,64,64,64,64,64,64,64,64,64,64,64,64,74,74,74,74,74,74,74,74],"card_choices":[{"not_picked":["Capacitor","Turbo"],"picked":"Coolheaded","floor":1.0},{"not_picked":["Rebound","Leap"],"picked":"Conserve Battery","floor":2.0},{"not_picked":["Doom and Gloom","Leap"],"picked":"Cold Snap","floor":3.0},{"not_picked":["Leap","Streamline"],"picked":"Go for the Eyes","floor":4.0},{"not_picked":["Streamline","Hologram"],"picked":"Sunder","floor":7.0},{"not_picked":["Barrage","White Noise"],"picked":"Biased Cognition","floor":8.0},{"not_picked":["Gash","Force Field"],"picked":"Conserve Battery","floor":11.0},{"not_picked":["Biased Cognition","Multi-Cast"],"picked":"Seek","floor":16.0},{"not_picked":["Compile Driver","Heatsinks","Conserve Battery"],"picked":"SKIP","floor":18.0},{"not_picked":["Heatsinks","Conserve Battery"],"picked":"Compile Driver","floor":18.0},{"not_picked":["Beam Cell","Gash"],"picked":"FTL","floor":22.0},{"not_picked":["Streamline","Rebound","Lockon"],"picked":"SKIP","floor":24.0},{"not_picked":["Doom and Gloom","Conserve Battery"],"picked":"Melter+1","floor":25.0},{"not_picked":["Streamline","Coolheaded"],"picked":"Rebound","floor":28.0},{"not_picked":["Conserve Battery","Beam Cell"],"picked":"Cold Snap","floor":29.0},{"not_picked":["Sweeping Beam","Streamline"],"picked":"Electrodynamics","floor":31.0},{"not_picked":["Thunder Strike","Machine Learning"],"picked":"Core Surge","floor":33.0},{"not_picked":["Streamline+1","Beam Cell","Rebound"],"picked":"SKIP","floor":35.0},{"not_picked":["Cold Snap","Rip and Tear","Storm"],"picked":"SKIP","floor":36.0},{"not_picked":["Rebound","Go for the Eyes+1"],"picked":"Ball Lightning","floor":37.0},{"not_picked":["Compile Driver","Auto Shields+1"],"picked":"Fusion+1","floor":41.0},{"not_picked":["Reprogram","Barrage","Undo"],"picked":"SKIP","floor":47}],"player_experience":940724,"relics_obtained":[{"floor":7.0,"key":"Potion Belt"},{"floor":9.0,"key":"PreservedInsect"},{"floor":24.0,"key":"Ginger"},{"floor":26.0,"key":"Oddly Smooth Stone"},{"floor":28.0,"key":"Mummified Hand"},{"floor":38.0,"key":"Girya"},{"floor":41.0,"key":"Bag of Marbles"},{"floor":43.0,"key":"Pear"},{"floor":47,"key":"Bag of Preparation"}],"event_choices":[{"damage_healed":0.0,"max_hp_gain":0.0,"max_hp_loss":0.0,"gold_gain":0.0,"event_name":"Scrap Ooze","player_choice":"Success","floor":5.0,"gold_loss":0.0,"damage_taken":11.0,"relics_obtained":["Dodecahedron"]},{"damage_healed":0.0,"max_hp_gain":0.0,"max_hp_loss":7.0,"gold_gain":0.0,"event_name":"Golden Idol","player_choice":"Lose Max HP","floor":14.0,"gold_loss":0.0,"damage_taken":0.0,"relics_obtained":["Golden Idol"]},{"damage_healed":0.0,"max_hp_gain":0.0,"max_hp_loss":0.0,"gold_gain":0.0,"event_name":"Addict","player_choice":"Obtained Relic","floor":20.0,"gold_loss":85.0,"damage_taken":0.0,"relics_obtained":["Regal Pillow"]},{"damage_healed":0.0,"max_hp_gain":0.0,"max_hp_loss":0.0,"gold_gain":0.0,"cards_transformed":["Strike_B","Strike_B"],"event_name":"Drug Dealer","player_choice":"Became Test Subject","floor":21.0,"gold_loss":0.0,"damage_taken":0.0,"cards_obtained":["Echo Form","Chaos"]},{"damage_healed":0.0,"max_hp_gain":0.0,"max_hp_loss":0.0,"gold_gain":0.0,"event_name":"Mysterious Sphere","player_choice":"Fight","floor":38.0,"gold_loss":0.0,"damage_taken":0.0},{"damage_healed":0.0,"max_hp_gain":0.0,"max_hp_loss":0.0,"gold_gain":0.0,"event_name":"Tomb of Lord Red Mask","player_choice":"Ignored","floor":39.0,"gold_loss":0.0,"damage_taken":0.0}],"is_beta":false,"boss_relics":[{"not_picked":["Astrolabe","Ectoplasm"],"picked":"Nuclear Battery"},{"not_picked":["Velvet Choker","Black Star"],"picked":"Philosopher\u0027s Stone"}],"items_purged_floors":[44],"is_endless":false,"potions_floor_spawned":[1,7,8,22,28,29,31,35,41],"killed_by":"Time Eater","ascension_level":15}