{"gold_per_floor":[117,133,12,24,24,24,55,55,82,109,109,121,121,136,136,238,238,255,267,283,8,27,27,40,40,40,67,78,104,116,142,142,241,241,252,70,90,90,90],"floor_reached":39,"playtime":4382,"items_purged":[],"score":458,"play_id":"68a95353-6e77-4746-80bc-be3cc105b83b","local_time":"20190127190257","is_ascension_mode":false,"campfire_choices":[{"data":"Masterful Stab","floor":6,"key":"SMITH"},{"floor":8,"key":"REST"},{"floor":11,"key":"REST"},{"data":"Footwork","floor":13,"key":"SMITH"},{"data":"Deadly Poison","floor":15,"key":"SMITH"},{"floor":23,"key":"REST"},{"floor":25,"key":"REST"},{"floor":32,"key":"REST"}],"neow_cost":"NONE","seed_source_timestamp":32719039148274,"circlet_count":0,"master_deck":["Defend_G","Defend_G","Defend_G","Defend_G","Defend_G","Strike_G","Strike_G","Strike_G","Strike_G","Strike_G","Survivor","Neutralize","Deep Breath","Deadly Poison+1","Dash","Masterful Stab+1","Quick Slash","Accuracy","Dagger Spray","Finisher","Footwork+1","Backflip","Corpse Explosion","Cloak And Dagger+1","PiercingWail+1","Flechettes","Noxious Fumes","Catalyst","Outmaneuver","Deflect+1","Infinite Blades","Poisoned Stab","A Thousand Cuts","Escape Plan","PiercingWail","Bullet Time","Backflip+1","Panache","Bouncing Flask"],"relics":["Ring of the Snake","Oddly Smooth Stone","Regal Pillow","WingedGreaves","Velvet Choker","Pen Nib","Mercury Hourglass","Meat on the Bone","Red Mask","Mummified Hand","Busted Crown","Potion Belt"],"potions_floor_usage":[7,16,20],"damage_taken":[{"damage":2,"enemies":"2 Louse","floor":1,"turns":3},{"damage":0,"enemies":"Cultist","floor":2,"turns":4},{"damage":0,"enemies":"Jaw Worm","floor":4,"turns":3},{"damage":22,"enemies":"3 Sentries","floor":7,"turns":12},{"damage":36,"enemies":"Lagavulin","floor":10,"turns":7},{"damage":0,"enemies":"2 Fungi Beasts","floor":12,"turns":2},{"damage":4,"enemies":"Gremlin Gang","floor":14,"turns":4},{"damage":34,"enemies":"Slime Boss","floor":16,"turns":8},{"damage":2,"enemies":"Shell Parasite","floor":18,"turns":6},{"damage":9,"enemies":"3 Byrds","floor":19,"turns":3},{"damage":11,"enemies":"Centurion and Healer","floor":20,"turns":5},{"damage":22,"enemies":"Snecko","floor":22,"turns":6},{"damage":16,"enemies":"Shelled Parasite and Fungi","floor":24,"turns":7},{"damage":24,"enemies":"Book of Stabbing","floor":27,"turns":6},{"damage":0,"enemies":"Centurion and Healer","floor":28,"turns":6},{"damage":14,"enemies":"Masked Bandits","floor":29,"turns":4},{"damage":6,"enemies":"Snake Plant","floor":30,"turns":4},{"damage":18,"enemies":"Slavers","floor":31,"turns":5},{"damage":47,"enemies":"Champ","floor":33,"turns":11},{"damage":35,"enemies":"3 Darklings","floor":35,"turns":7},{"damage":8,"enemies":"3 Shapes","floor":37,"turns":3},{"damage":45,"enemies":"Writhing Mass","floor":39,"turns":6}],"seed_played":"4827230007126463603","potions_obtained":[{"floor":1,"key":"Ancient Potion"},{"floor":5,"key":"EssenceOfSteel"},{"floor":5,"key":"Swift Potion"},{"floor":5,"key":"SpeedPotion"},{"floor":10,"key":"Weak Potion"},{"floor":16,"key":"Poison Potion"},{"floor":24,"key":"Weak Potion"}],"is_trial":false,"path_per_floor":["M","M","$","M","?","R","E","R","T","E","R","M","R","M","R","B",null,"M","M","M","$","M","R","M","R","T","E","M","?","M","E","R","B",null,"M","$","M","?","M"],"character_chosen":"THE_SILENT","items_purchased":["Masterful Stab","Quick Slash","Noxious Fumes","Catalyst","Pen Nib","Panache"],"campfire_rested":5,"item_purchase_floors":[3,3,21,21,21,36],"current_hp_per_floor":[68,68,68,68,68,68,46,67,67,31,67,67,67,63,63,29,70,68,59,48,48,26,62,46,70,70,46,46,44,38,32,68,33,70,47,47,39,39,0],"gold":90,"neow_bonus":"RANDOM_COLORLESS","is_prod":false,"is_daily":false,"chose_seed":false,"campfire_upgraded":3,"win_rate":0.0,"timestamp":1548637377,"path_taken":["M","M","$","M","?","R","E","R","T","E","R","?","R","M","R","BOSS","M","M","M","$","M","R","M","R","T","E","M","?","M","E","R","BOSS","M","$","M","?","?"],"build_version":"2019-01-23","purchased_purges":0,"victory":false,"max_hp_per_floor":[70,70,70,70,70,70,70,70,70,70,70,70,70,70,70,70,70,70,70,70,70,70,70,70,70,70,70,70,70,70,70,70,70,70,70,70,70,70,70],"card_choices":[{"not_picked":["Footwork","Accuracy"],"picked":"Deadly Poison","floor":1},{"not_picked":["Well Laid Plans","Deadly Poison"],"picked":"Dash","floor":2},{"not_picked":["Sucker Punch","Well Laid Plans"],"picked":"Accuracy","floor":4},{"not_picked":["Dodge and Roll","Prepared"],"picked":"Dagger Spray","floor":7},{"not_picked":["Slice","Prepared"],"picked":"Finisher","floor":10},{"not_picked":["Flying Knee","Dash"],"picked":"Footwork","floor":12},{"not_picked":["Expertise","Underhanded Strike"],"picked":"Backflip","floor":14},{"not_picked":["Wraith Form v2","Tools of the Trade"],"picked":"Corpse Explosion","floor":16},{"not_picked":["Sucker Punch+1","Bane"],"picked":"Cloak And Dagger+1","floor":18},{"not_picked":["Acrobatics","Deflect+1"],"picked":"PiercingWail+1","floor":19},{"not_picked":["Prepared","Cloak And Dagger"],"picked":"Flechettes","floor":20},{"not_picked":["Endless Agony+1","Expertise"],"picked":"Outmaneuver","floor":22},{"not_picked":["Glass Knife","Well Laid Plans"],"picked":"Deflect+1","floor":24},{"not_picked":["Crippling Poison","Backflip+1"],"picked":"Infinite Blades","floor":27},{"not_picked":["Dagger Throw+1","Backflip+1"],"picked":"Poisoned Stab","floor":28},{"not_picked":["Acrobatics","PiercingWail"],"picked":"A Thousand Cuts","floor":29},{"not_picked":["Blade Dance","Finisher"],"picked":"Escape Plan","floor":30},{"not_picked":["A Thousand Cuts","Calculated Gamble"],"picked":"PiercingWail","floor":31},{"not_picked":["Corpse Explosion","Night Terror"],"picked":"Bullet Time","floor":33},{"not_picked":[],"picked":"Backflip+1","floor":35},{"not_picked":[],"picked":"Bouncing Flask","floor":37}],"player_experience":35607,"relics_obtained":[{"floor":7,"key":"Oddly Smooth Stone"},{"floor":9,"key":"Regal Pillow"},{"floor":10,"key":"WingedGreaves"},{"floor":26,"key":"Mercury Hourglass"},{"floor":27,"key":"Meat on the Bone"},{"floor":29,"key":"Red Mask"},{"floor":31,"key":"Mummified Hand"}],"event_choices":[{"damage_healed":0,"gold_gain":0,"player_choice":"Got Potions","damage_taken":0,"max_hp_gain":0,"max_hp_loss":0,"event_name":"Lab","floor":5,"gold_loss":0},{"damage_healed":0,"gold_gain":0,"player_choice":"Fought Bandits","damage_taken":0,"max_hp_gain":0,"max_hp_loss":0,"event_name":"Masked Bandits","floor":29,"gold_loss":0},{"damage_healed":0,"gold_gain":0,"player_choice":"Gave Potion","damage_taken":0,"relics_obtained":["Potion Belt"],"max_hp_gain":0,"max_hp_loss":0,"event_name":"WeMeetAgain","floor":38,"gold_loss":0}],"is_beta":false,"boss_relics":[{"not_picked":["WristBlade","Snecko Eye"],"picked":"Velvet Choker"},{"not_picked":["Eternal Feather","Runic Dome"],"picked":"Busted Crown"}],"items_purged_floors":[],"is_endless":false,"potions_floor_spawned":[1,10,12,16,24,27,28,29,30,33],"killed_by":"Writhing Mass","ascension_level":0}