{"gold_per_floor":[109,121,47,66,66,100,100,100,145,160,174,43,96,106,106,180,180,191,27,40,40,54,64,64,79,79,79,0,0,0,10,10,10],"floor_reached":33,"playtime":856,"items_purged":["Strike_R"],"score":498,"play_id":"e7cb6ee4-6070-4c08-bcf3-12fdb56f9c3d","local_time":"20190213033520","is_ascension_mode":true,"campfire_choices":[{"data":"Armaments","floor":7.0,"key":"SMITH"},{"floor":15.0,"key":"REST"},{"floor":24.0,"key":"REST"},{"data":"Limit Break","floor":30.0,"key":"SMITH"},{"floor":32.0,"key":"REST"}],"neow_cost":"TEN_PERCENT_HP_LOSS","seed_source_timestamp":37615717428400,"circlet_count":0,"master_deck":["AscendersBane","Strike_R","Strike_R","Strike_R","Strike_R","Defend_R","Defend_R","Defend_R","Defend_R","Bash","Armaments+1","Twin Strike","Uppercut+1","Sword Boomerang","Reaper","Limit Break+1","Inflame","Inflame","Immolate","Inflame","True Grit+1"],"special_seed":0,"relics":["Burning Blood","StoneCalendar","Lantern","Bronze Scales","Philosopher\u0027s Stone","Orichalcum","Letter Opener"],"potions_floor_usage":[33],"damage_taken":[{"damage":2.0,"enemies":"Cultist","floor":1.0,"turns":4.0},{"damage":12.0,"enemies":"Small Slimes","floor":2.0,"turns":6.0},{"damage":7.0,"enemies":"Jaw Worm","floor":4.0,"turns":3.0},{"damage":50.0,"enemies":"Lagavulin","floor":6.0,"turns":7.0},{"damage":16.0,"enemies":"Blue Slaver","floor":10.0,"turns":4.0},{"damage":3.0,"enemies":"Looter","floor":11.0,"turns":3.0},{"damage":20.0,"enemies":"Gremlin Gang","floor":14.0,"turns":3.0},{"damage":50.0,"enemies":"Slime Boss","floor":16.0,"turns":7.0},{"damage":21.0,"enemies":"3 Byrds","floor":18.0,"turns":4.0},{"damage":25.0,"enemies":"Spheric Guardian","floor":20.0,"turns":4.0},{"damage":26.0,"enemies":"Cultist and Chosen","floor":22.0,"turns":4.0},{"damage":21.0,"enemies":"Snake Plant","floor":23.0,"turns":3.0},{"damage":18.0,"enemies":"Centurion and Healer","floor":25.0,"turns":6.0},{"damage":31.0,"enemies":"3 Cultists","floor":31.0,"turns":5.0},{"damage":49,"enemies":"Champ","floor":33,"turns":5}],"seed_played":"-7782466021363273616","potions_obtained":[{"floor":10.0,"key":"SpeedPotion"},{"floor":14.0,"key":"EssenceOfSteel"},{"floor":16.0,"key":"Poison Potion"},{"floor":22.0,"key":"AttackPotion"},{"floor":31.0,"key":"Swift Potion"}],"is_trial":false,"path_per_floor":["M","M","$","M","?","E","R","?","T","M","M","$","?","M","R","B",null,"M","$","M","?","M","M","R","M","T","$","?","?","R","M","R","B"],"character_chosen":"IRONCLAD","items_purchased":["Uppercut","AttackPotion","Orichalcum"],"campfire_rested":3,"item_purchase_floors":[3,12,19],"current_hp_per_floor":[68,62,62,61,61,17,17,17,17,10,13,13,13,23,43,7,53,44,44,25,25,25,10,30,34,34,34,34,34,34,29,49,0],"gold":10,"neow_bonus":"ONE_RARE_RELIC","is_prod":false,"is_daily":false,"chose_seed":false,"campfire_upgraded":2,"win_rate":0,"timestamp":1550021720,"path_taken":["M","?","$","M","?","E","R","?","T","M","?","$","?","M","R","BOSS","M","$","M","?","M","M","R","?","T","$","?","?","R","M","R","BOSS"],"build_version":"2019-01-23","purchased_purges":1,"victory":false,"max_hp_per_floor":[68,68,68,68,68,68,68,68,68,68,68,68,68,68,68,68,68,68,68,68,68,68,68,68,68,68,68,68,68,68,68,68,68],"card_choices":[{"not_picked":["Body Slam","Clothesline"],"picked":"Armaments","floor":1.0},{"not_picked":["Warcry","Thunderclap"],"picked":"Twin Strike","floor":2.0},{"not_picked":["Thunderclap","Uppercut"],"picked":"Sword Boomerang","floor":4.0},{"not_picked":["Second Wind","Twin Strike"],"picked":"Reaper","floor":6.0},{"not_picked":["Armaments","Wild Strike","Shrug It Off"],"picked":"SKIP","floor":10.0},{"not_picked":["Perfected Strike","Shrug It Off","Headbutt"],"picked":"SKIP","floor":11.0},{"not_picked":["Perfected Strike","Sword Boomerang","Anger"],"picked":"SKIP","floor":14.0},{"not_picked":["Barricade","Feed"],"picked":"Limit Break","floor":16.0},{"not_picked":["Feel No Pain","Flex"],"picked":"Inflame","floor":18.0},{"not_picked":["Shockwave","Thunderclap"],"picked":"Inflame","floor":20.0},{"not_picked":["Evolve+1","Body Slam","Flex"],"picked":"SKIP","floor":22.0},{"not_picked":["Twin Strike","Warcry"],"picked":"Inflame","floor":23.0},{"not_picked":["Blood for Blood","Cleave"],"picked":"True Grit+1","floor":25.0},{"not_picked":["Iron Wave","Armaments","Power Through"],"picked":"SKIP","floor":31.0}],"player_experience":734373,"relics_obtained":[{"floor":6.0,"key":"Lantern"},{"floor":9.0,"key":"Bronze Scales"},{"floor":26.0,"key":"Letter Opener"}],"event_choices":[{"damage_healed":0.0,"max_hp_gain":0.0,"max_hp_loss":0.0,"gold_gain":0.0,"event_name":"The Cleric","player_choice":"Leave","floor":5.0,"gold_loss":0.0,"damage_taken":0.0},{"damage_healed":0.0,"max_hp_gain":0.0,"max_hp_loss":0.0,"gold_gain":0.0,"event_name":"Accursed Blacksmith","player_choice":"Forge","floor":8.0,"gold_loss":0.0,"damage_taken":0.0,"cards_upgraded":["Uppercut"]},{"damage_healed":0.0,"max_hp_gain":0.0,"max_hp_loss":0.0,"gold_gain":53.0,"event_name":"Golden Wing","player_choice":"Gained Gold","floor":13.0,"gold_loss":0.0,"damage_taken":0.0},{"damage_healed":0.0,"max_hp_gain":0.0,"max_hp_loss":0.0,"gold_gain":0.0,"event_name":"Match and Keep!","player_choice":"1 cards matched","floor":21.0,"gold_loss":0.0,"damage_taken":0.0,"cards_obtained":["Immolate"]},{"damage_healed":0.0,"max_hp_gain":0.0,"max_hp_loss":0.0,"gold_gain":0.0,"event_name":"Match and Keep!","player_choice":"1 cards matched","floor":21.0,"gold_loss":0.0,"damage_taken":0.0,"cards_obtained":["Immolate"]},{"damage_healed":0.0,"max_hp_gain":0.0,"max_hp_loss":0.0,"gold_gain":0.0,"event_name":"Masked Bandits","player_choice":"Paid Fearfully","floor":28.0,"gold_loss":79.0,"damage_taken":0.0},{"damage_healed":0.0,"max_hp_gain":0.0,"max_hp_loss":0.0,"gold_gain":0.0,"event_name":"Ghosts","player_choice":"Ignored","floor":29.0,"gold_loss":0.0,"damage_taken":0.0}],"is_beta":false,"boss_relics":[{"not_picked":["Tiny House","Astrolabe"],"picked":"Philosopher\u0027s Stone"}],"items_purged_floors":[12],"is_endless":false,"potions_floor_spawned":[10,14,16,22,31],"killed_by":"Champ","ascension_level":20}