{"path_per_floor":["M","?","$","?","M","R","M","T","T","M","?","M","R","E","R","B",null,"M","M","?","$","M","R","E","M","T"],"character_chosen":"DEFECT","items_purchased":["Medical Kit","Auto Shields"],"gold_per_floor":[109,109,34,34,44,44,58,58,139,159,159,172,172,207,207,305,305,318,338,338,50,61,61,122,138,138,138],"floor_reached":27,"campfire_rested":1,"playtime":647,"current_hp_per_floor":[75,80,80,80,80,80,80,80,80,71,71,68,68,68,68,68,77,77,77,77,77,53,77,34,14,14,0],"items_purged":["Strike_B","Defend_B"],"gold":138,"score":385,"play_id":"2af1864f-4841-4424-b4fe-982eb2b971b5","local_time":"20180511225724","is_prod":false,"is_daily":false,"chose_seed":false,"is_ascension_mode":true,"campfire_upgraded":3,"timestamp":1526104644,"path_taken":["M","?","$","?","M","R","M","?","T","M","?","M","R","E","R","BOSS","M","M","?","$","M","R","E","M","T","E"],"build_version":"2018-05-10","seed_source_timestamp":171515292612052,"purchased_purges":2,"victory":false,"master_deck":["Strike_B+1","Strike_B+1","Defend_B+1","Zap","Dualcast","Melter","Axe Kick+1","Doom and Gloom+1","Seek","Sunder+1","Machine Learning+1","Static Discharge+1","Auto Shields"],"max_hp_per_floor":[75,80,80,80,80,80,80,80,80,80,80,80,80,80,80,80,80,80,80,80,80,80,80,80,80,80,80],"relics":["Cracked Core","Bottled Lightning","Smiling Mask","Ginger","Astrolabe","Medical Kit","Tiny Chest","Lantern"],"card_choices":[{"not_picked":["Turbo","Streamline"],"picked":"Melter","floor":1},{"not_picked":["Stack","Hologram"],"picked":"Axe Kick","floor":7},{"not_picked":["Gash","Hologram"],"picked":"Doom and Gloom","floor":10},{"not_picked":["Creative AI","Buffer"],"picked":"Seek","floor":16}],"player_experience":220894,"potions_floor_usage":[16,16,27,27],"damage_taken":[{"damage":0,"enemies":"Cultist","floor":1,"turns":4},{"damage":0,"enemies":"2 Louse","floor":5,"turns":1},{"damage":0,"enemies":"Small Slimes","floor":7,"turns":2},{"damage":9,"enemies":"Red Slaver","floor":10,"turns":3},{"damage":3,"enemies":"Blue Slaver","floor":12,"turns":3},{"damage":0,"enemies":"Gremlin Nob","floor":14,"turns":3},{"damage":0,"enemies":"Slime Boss","floor":16,"turns":4},{"damage":0,"enemies":"Spheric Guardian","floor":18,"turns":2},{"damage":0,"enemies":"Chosen","floor":19,"turns":3},{"damage":24,"enemies":"Snake Plant","floor":22,"turns":3},{"damage":43,"enemies":"Book of Stabbing","floor":24,"turns":4},{"damage":20,"enemies":"Centurion and Healer","floor":25,"turns":3},{"damage":20,"enemies":"Slavers","floor":27,"turns":1}],"event_choices":[{"event_name":"Big Fish","player_choice":"Donut","floor":2,"damage_taken":0},{"event_name":"Accursed Blacksmith","player_choice":"Forge","floor":4,"damage_taken":0},{"event_name":"Liars Game","player_choice":"disagreed","floor":11,"damage_taken":0},{"event_name":"Match and Keep!","player_choice":"0 cards matched","floor":20,"damage_taken":0}],"boss_relics":[{"not_picked":["Runic Dome","Eternal Feather"],"picked":"Astrolabe"}],"potions_floor_spawned":[10,12,22,25],"seed_played":"-3514348407015562523","killed_by":"Slavers","ascension_level":5,"is_trial":false}