{"path_per_floor":["M","?","$","M","M","E","?","R","T","$","M","E","M","M","R","B",null,"M","?","?","$","?","E","M","M","T","?","M","?"],"character_chosen":"THE_SILENT","items_purchased":["Expertise","Shuriken"],"gold_per_floor":[110,110,42,53,72,102,102,102,102,27,48,82,100,116,116,246,246,215,415,330,89,89,132,152,165,192,192,205,205],"floor_reached":30,"campfire_rested":2,"playtime":2257,"current_hp_per_floor":[69,69,69,64,64,61,44,65,65,65,55,39,29,27,48,24,70,59,59,59,59,59,48,44,32,39,23,2,2],"items_purged":["Reflex"],"gold":205,"score":260,"play_id":"9e0c5f9a-10dc-4b1e-b5c2-e09b336697f0","local_time":"20180305222859","is_prod":false,"is_daily":false,"is_ascension_mode":false,"campfire_upgraded":0,"timestamp":1520288939,"path_taken":["M","?","$","?","M","E","?","R","T","?","?","E","M","M","R","BOSS","M","?","?","?","?","E","M","?","T","?","?","?","M"],"build_version":"2018-03-02-BETA2","purchased_purges":1,"victory":false,"master_deck":["Defend_G","Defend_G","Defend_G","Defend_G","Strike_G","Strike_G","Survivor","Neutralize","Quick Slash","Expertise","Footwork","Envenom","Expertise","Leg Sweep","Envenom","Escape Plan+1","Envenom+1","Blade Dance+1","Dash","Skewer"],"max_hp_per_floor":[70,70,70,70,70,70,70,70,70,70,70,70,70,70,70,70,70,70,70,70,70,70,70,70,70,77,77,77,77],"relics":["Velvet Choker","Dodecahedron","Bloody Idol","Sundial","Ice Cream","Astrolabe","Shuriken","Nloth\u0027s Gift","Snake Skull","Strawberry","Enchiridion"],"card_choices":[{"not_picked":["Deadly Poison","Outmaneuver"],"picked":"Quick Slash"},{"not_picked":["Noxious Fumes","Sucker Punch"],"picked":"Footwork"},{"not_picked":["Blur","Reflex"],"picked":"Envenom"},{"not_picked":["Finisher","Prepared"],"picked":"Expertise"},{"not_picked":["Slice","Deadly Poison"],"picked":"Leg Sweep"},{"not_picked":["Venomology","Unload"],"picked":"Envenom"},{"not_picked":["Flying Knee","Backflip"],"picked":"Dash"},{"not_picked":["Deflect","Outmaneuver"],"picked":"Skewer"}],"player_experience":14535,"potions_floor_usage":[12,16,16,25],"damage_taken":[{"damage":1,"enemies":"2 Louse","floor":1,"turns":3},{"damage":5,"enemies":"Small Slimes","floor":4,"turns":3},{"damage":0,"enemies":"Cultist","floor":5,"turns":3},{"damage":3,"enemies":"Lagavulin","floor":6,"turns":11},{"damage":10,"enemies":"Exordium Wildlife","floor":11,"turns":6},{"damage":16,"enemies":"Gremlin Nob","floor":12,"turns":3},{"damage":10,"enemies":"Looter","floor":13,"turns":4},{"damage":2,"enemies":"3 Louse","floor":14,"turns":4},{"damage":24,"enemies":"Hexaghost","floor":16,"turns":12},{"damage":11,"enemies":"2 Thieves","floor":18,"turns":5},{"damage":11,"enemies":"Book of Stabbing","floor":23,"turns":7},{"damage":4,"enemies":"Shell Parasite","floor":24,"turns":7},{"damage":12,"enemies":"Centurion and Healer","floor":25,"turns":5},{"damage":21,"enemies":"Chosen and Byrds","floor":28,"turns":5},{"damage":4,"enemies":"Snecko","floor":30,"turns":3}],"event_choices":[{"event_name":"Living Wall","player_choice":"Change","floor":2,"damage_taken":0},{"event_name":"Golden Idol","player_choice":"Take Damage","floor":7,"damage_taken":0},{"event_name":"The Joust","player_choice":"Bet on Owner","floor":19,"damage_taken":0},{"event_name":"Addict","player_choice":"Obtained Relic","floor":20,"damage_taken":0},{"event_name":"N\u0027loth","player_choice":"Traded a Shovel","floor":22,"damage_taken":0},{"event_name":"Cursed Tome","player_choice":"Obtained Book","floor":27,"damage_taken":0},{"event_name":"Forgotten Altar","player_choice":"Gave Idol","floor":29,"damage_taken":0}],"boss_relics":[{"not_picked":["Sozu","Lizard Tail"],"picked":"Astrolabe"}],"potions_floor_spawned":[11,12,13,14,23,25,28],"seed_played":"-184299376532447609","killed_by":"Snecko","ascension_level":0,"is_trial":false}