{"path_per_floor":["M","?","?","?","M","E","R","M","T","E","M","T","$","M","R","B",null,"M","?","?","T","$","E","R","M","T","M","?","E","R","M","R","B",null,"M","?","M","M","M","R","E","?","T","?","$","M","M","M","R","B"],"character_chosen":"DEFECT","items_purchased":["Mercury Hourglass","Trip","Letter Opener","Block Potion"],"gold_per_floor":[109,109,284,284,302,327,327,344,344,377,397,397,40,53,53,158,158,178,178,178,205,130,158,158,174,199,211,211,244,244,257,257,353,353,366,366,378,393,409,409,435,435,435,435,25,41,60,77,77,77],"floor_reached":51,"campfire_rested":2,"playtime":2546,"current_hp_per_floor":[73,66,66,66,65,53,53,53,53,27,27,27,27,17,39,2,57,40,40,40,40,40,11,41,52,52,40,40,52,52,52,52,49,51,52,52,52,46,52,52,48,48,48,48,48,52,52,46,46,52],"items_purged":["Dualcast","Defend_B"],"gold":77,"score":1090,"play_id":"fc358cb1-7a78-44c7-9d3b-e1bb63d4571a","local_time":"20180512161352","is_prod":false,"is_daily":false,"chose_seed":false,"is_ascension_mode":true,"campfire_upgraded":4,"timestamp":1526166832,"path_taken":["M","?","?","?","?","E","R","M","T","E","M","?","$","?","R","BOSS","M","?","?","?","$","E","R","M","T","M","?","E","R","?","R","BOSS","M","?","M","?","M","R","E","?","T","?","$","M","M","M","R","BOSS"],"build_version":"2018-05-12v2","seed_source_timestamp":21682578181436,"purchased_purges":2,"victory":true,"master_deck":["Defend_B","Zap+1","Leap+1","FTL","Coolheaded+1","Genetic Algorithm+1","Genetic Algorithm+1","Trip+1","Stack+1","Bite","Bite","Bite","Bite","Bite","Sunder+1","Leap","Reinforced Body+1","Go for the Eyes+1","Reinforced Body+1","Conserve Battery+1"],"max_hp_per_floor":[75,75,75,75,75,75,75,75,75,75,75,75,75,75,75,75,75,75,75,52,52,52,52,52,52,52,52,52,52,52,52,52,52,52,52,52,52,52,52,52,52,52,52,52,52,52,52,52,52,52],"relics":["Cracked Core","Calipers","Gambling Chip","Lantern","Kunai","Mercury Hourglass","Velvet Choker","Regal Pillow","Pen Nib","War Paint","Bag of Marbles","Runic Dome","Peace Pipe","Pantograph","Letter Opener"],"card_choices":[{"not_picked":["Double Energy","Hologram"],"picked":"Leap","floor":1},{"not_picked":["Turbo","Defragment","Force Field"],"picked":"SKIP","floor":5},{"not_picked":["Doom and Gloom","Turbo"],"picked":"FTL","floor":6},{"not_picked":["Impulse","Rebound"],"picked":"Coolheaded","floor":8},{"not_picked":["Scrape","Multi-Cast"],"picked":"Genetic Algorithm","floor":10},{"not_picked":["Scrape","Tempest"],"picked":"Genetic Algorithm","floor":11},{"not_picked":["Skim","Turbo"],"picked":"Stack","floor":14},{"not_picked":["Turbo","Static Discharge+1","Double Energy"],"picked":"SKIP","floor":18},{"not_picked":["Barrage+1","Rebound","Capacitor+1"],"picked":"SKIP","floor":23},{"not_picked":["Rebound+1","Beam Cell+1"],"picked":"Sunder+1","floor":25},{"not_picked":["Axe Kick","Tempest+1"],"picked":"Leap","floor":27},{"not_picked":["Capacitor","Reprogram"],"picked":"Go for the Eyes+1","floor":29},{"not_picked":["Gash","Coolheaded","Amplify"],"picked":"SKIP","floor":31},{"not_picked":["Barrage+1","White Noise+1","Loop+1"],"picked":"SKIP","floor":35},{"not_picked":["Beam Cell","Chaos"],"picked":"Conserve Battery+1","floor":37},{"not_picked":["Doom and Gloom","Consume","Skim"],"picked":"SKIP","floor":38},{"not_picked":["Heatsinks+1","Hologram+1","Defragment"],"picked":"SKIP","floor":39},{"not_picked":["Impulse+1","Capacitor+1","Darkness+1"],"picked":"SKIP","floor":41},{"not_picked":["Cold Snap","Skim+1","Tempest"],"picked":"SKIP","floor":46},{"not_picked":["Darkness+1","Steam+1","Cold Snap"],"picked":"SKIP","floor":47},{"not_picked":["Rip and Tear","Chill+1","Reprogram+1"],"picked":"SKIP","floor":48}],"player_experience":225648,"potions_floor_usage":[6,11,23,29,33,46,47,50,50],"damage_taken":[{"damage":2,"enemies":"Jaw Worm","floor":1,"turns":4},{"damage":1,"enemies":"2 Louse","floor":5,"turns":2},{"damage":12,"enemies":"Lagavulin","floor":6,"turns":7},{"damage":0,"enemies":"Cultist","floor":8,"turns":3},{"damage":26,"enemies":"Gremlin Nob","floor":10,"turns":4},{"damage":0,"enemies":"2 Fungi Beasts","floor":11,"turns":2},{"damage":10,"enemies":"Looter","floor":14,"turns":2},{"damage":47,"enemies":"Hexaghost","floor":16,"turns":13},{"damage":17,"enemies":"Chosen","floor":18,"turns":6},{"damage":49,"enemies":"Slavers","floor":23,"turns":6},{"damage":0,"enemies":"3 Byrds","floor":25,"turns":4},{"damage":18,"enemies":"Cultist and Chosen","floor":27,"turns":5},{"damage":6,"enemies":"Gremlin Leader","floor":29,"turns":8},{"damage":0,"enemies":"Snecko","floor":31,"turns":1},{"damage":11,"enemies":"Automaton","floor":33,"turns":9},{"damage":0,"enemies":"3 Darklings","floor":35,"turns":6},{"damage":0,"enemies":"Orb Walker","floor":37,"turns":3},{"damage":8,"enemies":"Spire Growth","floor":38,"turns":6},{"damage":2,"enemies":"4 Shapes","floor":39,"turns":5},{"damage":4,"enemies":"2 Orb Walkers","floor":41,"turns":5},{"damage":10,"enemies":"3 Darklings","floor":46,"turns":6},{"damage":0,"enemies":"Maw","floor":47,"turns":5},{"damage":14,"enemies":"Spire Growth","floor":48,"turns":5},{"damage":0,"enemies":"Time Eater","floor":50,"turns":16}],"event_choices":[{"event_name":"Golden Wing","player_choice":"Card Removal","floor":2,"damage_taken":0},{"event_name":"Liars Game","player_choice":"agreed","floor":3,"damage_taken":0},{"event_name":"Living Wall","player_choice":"Forget","floor":4,"damage_taken":0},{"event_name":"Drug Dealer","player_choice":"Ignored","floor":19,"damage_taken":0},{"event_name":"Vampires","player_choice":"Became a vampire","floor":20,"damage_taken":0},{"event_name":"The Library","player_choice":"Read","floor":28,"damage_taken":0},{"event_name":"Duplicator","player_choice":"One dupe","floor":36,"damage_taken":0},{"event_name":"Mysterious Sphere","player_choice":"Ignore","floor":42,"damage_taken":0},{"event_name":"Accursed Blacksmith","player_choice":"Forge","floor":44,"damage_taken":0}],"boss_relics":[{"not_picked":["Snecko Eye","Black Star"],"picked":"Velvet Choker"},{"not_picked":["Pandora\u0027s Box","Orrery"],"picked":"Runic Dome"}],"potions_floor_spawned":[1,10,14,18,27,31,35,41,46],"seed_played":"-6362166311679261358","ascension_level":5,"is_trial":false}