{"path_per_floor":["M","M","$","?","M","E","R","M","T","M","?","M","R","E","R","B",null,"M","M","?","$","?"],"character_chosen":"THE_SILENT","items_purchased":["Footwork","Thinking Ahead","Frozen Egg 2","Choke"],"gold_per_floor":[415,427,81,81,95,124,124,136,136,153,328,339,339,372,372,472,472,489,499,414,0,0,0],"floor_reached":23,"campfire_rested":3,"playtime":1625,"item_purchase_floors":[3,3,21,21],"current_hp_per_floor":[60,59,59,52,52,24,45,44,44,26,26,6,27,2,23,13,70,50,31,31,31,31,0],"items_purged":["Pain","Writhe"],"gold":0,"score":231,"play_id":"d20fff84-87e3-4669-b365-4a7fe7ee4b62","local_time":"20180520224427","is_prod":false,"is_daily":false,"chose_seed":false,"is_ascension_mode":true,"campfire_upgraded":0,"timestamp":1526852667,"campfire_choices":[{"floor":7,"key":"REST"},{"floor":13,"key":"REST"},{"floor":15,"key":"REST"}],"path_taken":["M","M","$","?","?","E","R","M","T","?","?","M","R","E","R","BOSS","M","M","?","$","?","E"],"build_version":"2018-05-18","seed_source_timestamp":647476319167095,"purchased_purges":2,"victory":false,"master_deck":["Defend_G+1","Defend_G","Defend_G","Defend_G+1","Defend_G","Strike_G","Strike_G","Strike_G","Strike_G","Survivor","Neutralize","Parasite","Poisoned Stab","Dagger Throw","Footwork","Thinking Ahead","Backflip","Bullet Time","Terror","Doubt","Slice","Slice","Venomology","Quick Slash+1","Phantasmal Killer","Choke"],"max_hp_per_floor":[70,70,70,70,70,70,70,70,70,70,70,70,70,70,70,70,70,70,70,70,70,70,70],"relics":["Calling Bell","War Paint","Matryoshka","Old Coin","Kunai","Pantograph","Dodecahedron","Ice Cream","Cursed Key","Unceasing Top","Frozen Egg 2"],"card_choices":[{"not_picked":["Backflip","Bane"],"picked":"Poisoned Stab","floor":1},{"not_picked":["Well Laid Plans","Sucker Punch"],"picked":"Dagger Throw","floor":2},{"not_picked":["Deflect","Deadly Poison"],"picked":"Backflip","floor":5},{"not_picked":["Dagger Spray","Dagger Throw"],"picked":"Bullet Time","floor":6},{"not_picked":["Quick Slash","Poisoned Stab","Bane"],"picked":"SKIP","floor":8},{"not_picked":["Underhanded Strike","Slice"],"picked":"Terror","floor":10},{"not_picked":["Cloak And Dagger","Predator"],"picked":"Slice","floor":12},{"not_picked":["Bane","Poisoned Stab"],"picked":"Slice","floor":14},{"not_picked":["Unload","Glass Knife"],"picked":"Venomology","floor":16},{"not_picked":["Poisoned Stab","Underhanded Strike"],"picked":"Quick Slash+1","floor":18},{"not_picked":["Dagger Throw","Quick Slash"],"picked":"Phantasmal Killer","floor":19}],"player_experience":173136,"potions_floor_usage":[5,12,12,14,18,23,23],"damage_taken":[{"damage":10,"enemies":"Cultist","floor":1,"turns":4},{"damage":1,"enemies":"2 Louse","floor":2,"turns":3},{"damage":0,"enemies":"Jaw Worm","floor":5,"turns":3},{"damage":28,"enemies":"3 Sentries","floor":6,"turns":15},{"damage":1,"enemies":"3 Louse","floor":8,"turns":5},{"damage":18,"enemies":"Gremlin Gang","floor":10,"turns":7},{"damage":20,"enemies":"Exordium Thugs","floor":12,"turns":5},{"damage":25,"enemies":"Lagavulin","floor":14,"turns":11},{"damage":35,"enemies":"Slime Boss","floor":16,"turns":16},{"damage":20,"enemies":"Spheric Guardian","floor":18,"turns":11},{"damage":19,"enemies":"Shell Parasite","floor":19,"turns":8},{"damage":45,"enemies":"Slavers","floor":23,"turns":3}],"relics_obtained":[{"floor":0,"key":"War Paint"},{"floor":0,"key":"Matryoshka"},{"floor":0,"key":"Old Coin"},{"floor":6,"key":"Kunai"},{"floor":9,"key":"Pantograph"},{"floor":9,"key":"Dodecahedron"},{"floor":14,"key":"Ice Cream"}],"event_choices":[{"event_name":"Golden Wing","player_choice":"Card Removal","floor":4,"damage_taken":0},{"event_name":"Liars Game","player_choice":"agreed","floor":11,"damage_taken":0},{"event_name":"Addict","player_choice":"Obtained Relic","floor":20,"damage_taken":0},{"event_name":"Vampires","player_choice":"Ignored","floor":22,"damage_taken":0}],"boss_relics":[{"not_picked":["Runic Pyramid","Velvet Choker"],"picked":"Cursed Key"}],"items_purged_floors":[3,21],"potions_floor_spawned":[2,6,10,12],"seed_played":"1175185942003034908","killed_by":"Slavers","ascension_level":3,"potions_obtained":[{"floor":2,"key":"Block Potion"},{"floor":6,"key":"GamblersBrew"},{"floor":10,"key":"GamblersBrew"},{"floor":12,"key":"SteroidPotion"}],"is_trial":false}