{"path_per_floor":["M","?","?","?","M","E","M","R","T","M","?","M","M","M","R","B",null,"M","$","M","?","?","E","?","R","T","R","E","M","T","M","R","B",null,"M","$","M","M","?","E","R","$","T","M","E","$","R","?","R","B"],"character_chosen":"DEFECT","items_purchased":["Bird Faced Urn","Dead Branch","Orichalcum","Potion Belt","Bottled Lightning","Strange Spoon","Heatsinks+1"],"gold_per_floor":[114,289,364,364,383,421,440,440,440,459,459,478,497,516,516,641,641,660,60,79,4,4,42,66,66,66,66,104,123,123,142,142,267,267,286,16,35,54,387,417,417,17,17,32,62,36,36,60,60,60],"floor_reached":51,"campfire_rested":1,"playtime":3248,"item_purchase_floors":[19,19,36,36,42,42,46],"current_hp_per_floor":[73,72,61,44,44,38,38,38,38,38,38,38,38,38,56,55,57,56,55,54,53,52,51,50,49,48,47,46,45,44,43,42,41,40,39,38,37,36,35,34,33,32,41,37,39,38,37,50,49,48],"items_purged":["Regret"],"gold":60,"score":1095,"play_id":"f65faeea-5981-4298-9f56-0403ec128803","local_time":"20180531171801","daily_mods":["Insanity","Time Dilation","Terminal"],"is_prod":false,"is_daily":true,"chose_seed":false,"is_ascension_mode":false,"campfire_upgraded":4,"win_rate":0,"timestamp":1527783481,"campfire_choices":[{"data":"Seek","floor":8,"key":"SMITH"},{"floor":15,"key":"REST"},{"data":"1","floor":25,"key":"LIFT"},{"data":"2","floor":27,"key":"LIFT"},{"data":"3","floor":32,"key":"LIFT"},{"data":"Meteor Strike","floor":41,"key":"SMITH"},{"data":"Electrodynamics","floor":47,"key":"SMITH"},{"data":"Aggregate","floor":49,"key":"SMITH"}],"path_taken":["M","?","?","?","?","E","M","R","T","M","?","M","?","M","R","BOSS","M","$","M","?","?","E","?","R","T","R","E","M","?","M","R","BOSS","M","$","?","M","?","E","R","$","T","?","E","?","R","?","R","BOSS"],"build_version":"2018-05-30v2","seed_source_timestamp":0,"purchased_purges":1,"victory":true,"master_deck":["Self Repair","Undo","Aggregate+1","Electrodynamics+1","Defend_B","Core Surge","Auto Shields","Blizzard","Skim","Recycle","Cold Snap","Echo Form","Seek+1","Ball Lightning","Biased Cognition","Rainbow","Biased Cognition","Chill","Sweeping Beam","Coolheaded","Fusion","Cold Snap","Aggregate","White Noise","Fusion","Aggregate","Steam Power","Scrape","Compile Driver","Cold Snap","Hyperbeam","Heatsinks","Sweeping Beam","Glacier","Barrage","Rebound","Skim","Steam Power","Go for the Eyes","Static Discharge","Cold Snap","Heatsinks","Conserve Battery","Hyperbeam","Hyperbeam","Compile Driver","Chill","Skim","Creative AI","Multi-Cast","Beam Cell","BootSequence","Reinforced Body","Core Surge","Go for the Eyes","Machine Learning","Seek","Clumsy","Doubt","Heatsinks+1","Chill","Meteor Strike+1","Tempest","Stack","Hologram","Stack","Buffer+1","Hologram+1","Capacitor+1","Gash+1","Go for the Eyes+1","Stack+1","Loop+1","Heatsinks+1","Redo+1"],"max_hp_per_floor":[73,72,71,70,69,68,67,66,65,64,63,62,61,60,59,58,57,56,55,54,53,52,51,50,49,48,47,46,45,44,43,42,41,40,39,38,37,36,35,34,33,32,41,40,39,38,37,50,49,48],"relics":["Cracked Core","Centennial Puzzle","Kunai","Anchor","Calling Bell","Dream Catcher","The Courier","Emotion Chip","Bird Faced Urn","Dead Branch","Girya","Red Mask","Peace Pipe","Du-Vu Doll","Frozen Egg 2","Nuclear Battery","Orichalcum","Potion Belt","Bottled Flame","Bottled Lightning","Strange Spoon","Pear","Ginger","Mango"],"card_choices":[{"not_picked":["Loop","Steam"],"picked":"Beam Cell","floor":1},{"not_picked":["Compile Driver","Turbo","Heatsinks"],"picked":"SKIP","floor":5},{"not_picked":["Static Discharge","Glacier"],"picked":"BootSequence","floor":6},{"not_picked":["Rebound","Stack"],"picked":"Reinforced Body","floor":7},{"not_picked":["Chaos","Beam Cell"],"picked":"Core Surge","floor":10},{"not_picked":["Ball Lightning","Compile Driver","Redo"],"picked":"SKIP","floor":12},{"not_picked":["Gash","Leap"],"picked":"Go for the Eyes","floor":13},{"not_picked":["Barrage","Force Field"],"picked":"Machine Learning","floor":14},{"not_picked":["Amplify","Biased Cognition"],"picked":"Seek","floor":16},{"not_picked":["Rebound+1","Beam Cell"],"picked":"Heatsinks+1","floor":18},{"not_picked":["Turbo","Leap"],"picked":"Chill","floor":20},{"not_picked":["Chaos","Barrage+1"],"picked":"Meteor Strike","floor":23},{"not_picked":["Cold Snap+1","Streamline"],"picked":"Tempest","floor":24},{"not_picked":["Go for the Eyes","Beam Cell+1"],"picked":"Stack","floor":28},{"not_picked":["Cold Snap","Melter+1"],"picked":"Hologram","floor":29},{"not_picked":["Rebound","Sunder"],"picked":"Stack","floor":31},{"not_picked":["Hyperbeam","Biased Cognition+1"],"picked":"Buffer+1","floor":33},{"not_picked":["Hello World+1","Doom and Gloom"],"picked":"Hologram+1","floor":35},{"not_picked":["Leap+1","Steam"],"picked":"Capacitor+1","floor":37},{"not_picked":["Sweeping Beam+1","Streamline+1"],"picked":"Gash+1","floor":38},{"not_picked":["Glacier","Sunder"],"picked":"Go for the Eyes+1","floor":40},{"not_picked":["Tempest+1","Sweeping Beam"],"picked":"Stack+1","floor":44},{"not_picked":["White Noise","Multi-Cast"],"picked":"Loop+1","floor":45},{"not_picked":["BootSequence+1","Sweeping Beam"],"picked":"Redo+1","floor":48}],"player_experience":219222,"potions_floor_usage":[33,40,45],"damage_taken":[{"damage":0,"enemies":"2 Louse","floor":1,"turns":2},{"damage":0,"enemies":"Small Slimes","floor":5,"turns":2},{"damage":6,"enemies":"Lagavulin","floor":6,"turns":5},{"damage":0,"enemies":"Jaw Worm","floor":7,"turns":1},{"damage":0,"enemies":"2 Fungi Beasts","floor":10,"turns":1},{"damage":0,"enemies":"Large Slime","floor":12,"turns":1},{"damage":0,"enemies":"Blue Slaver","floor":13,"turns":3},{"damage":0,"enemies":"3 Louse","floor":14,"turns":3},{"damage":1,"enemies":"Hexaghost","floor":16,"turns":6},{"damage":0,"enemies":"2 Thieves","floor":18,"turns":3},{"damage":0,"enemies":"Spheric Guardian","floor":20,"turns":3},{"damage":4,"enemies":"Gremlin Leader","floor":23,"turns":5},{"damage":0,"enemies":"Masked Bandits","floor":24,"turns":2},{"damage":0,"enemies":"Book of Stabbing","floor":28,"turns":1},{"damage":0,"enemies":"Centurion and Healer","floor":29,"turns":2},{"damage":0,"enemies":"Snake Plant","floor":31,"turns":1},{"damage":0,"enemies":"Collector","floor":33,"turns":8},{"damage":0,"enemies":"3 Darklings","floor":35,"turns":1},{"damage":0,"enemies":"3 Shapes","floor":37,"turns":3},{"damage":0,"enemies":"Flame Bruiser 2 Orb","floor":38,"turns":2},{"damage":0,"enemies":"Nemesis","floor":40,"turns":9},{"damage":17,"enemies":"Maw","floor":44,"turns":6},{"damage":0,"enemies":"Giant Head","floor":45,"turns":6},{"damage":0,"enemies":"Mysterious Sphere","floor":48,"turns":2},{"damage":0,"enemies":"Awakened One","floor":50,"turns":2}],"relics_obtained":[{"floor":6,"key":"Centennial Puzzle"},{"floor":9,"key":"Kunai"},{"floor":17,"key":"Dream Catcher"},{"floor":17,"key":"The Courier"},{"floor":17,"key":"Emotion Chip"},{"floor":23,"key":"Girya"},{"floor":24,"key":"Red Mask"},{"floor":26,"key":"Peace Pipe"},{"floor":28,"key":"Du-Vu Doll"},{"floor":30,"key":"Frozen Egg 2"},{"floor":40,"key":"Bottled Flame"},{"floor":43,"key":"Pear"},{"floor":45,"key":"Ginger"},{"floor":48,"key":"Mango"}],"event_choices":[{"event_name":"Liars Game","player_choice":"agreed","floor":2,"damage_taken":0},{"event_name":"World of Goop","player_choice":"Gather Gold","floor":3,"damage_taken":0},{"event_name":"Golden Idol","player_choice":"Take Damage","floor":4,"damage_taken":0},{"event_name":"Big Fish","player_choice":"Box","floor":11,"damage_taken":0},{"event_name":"Beggar","player_choice":"Gave Gold","floor":21,"damage_taken":0},{"event_name":"Back to Basics","player_choice":"Elegance","floor":22,"damage_taken":0},{"event_name":"Masked Bandits","player_choice":"Fought over 42 gold","floor":24,"damage_taken":0},{"event_name":"The Moai Head","player_choice":"Gave Idol","floor":39,"damage_taken":0},{"event_name":"Mysterious Sphere","player_choice":"Fight","floor":48,"damage_taken":0}],"boss_relics":[{"not_picked":["Runic Dome","Ectoplasm"],"picked":"Calling Bell"},{"not_picked":["Lizard Tail","Orrery"],"picked":"Nuclear Battery"}],"items_purged_floors":[19],"potions_floor_spawned":[1,10,12,18,20,29,38,40],"seed_played":"-8525478308114596577","ascension_level":0,"potions_obtained":[{"floor":1,"key":"EssenceOfSteel"},{"floor":10,"key":"PowerPotion"},{"floor":12,"key":"Strength Potion"},{"floor":38,"key":"Ancient Potion"},{"floor":40,"key":"PowerPotion"}],"is_trial":false}