{"gold_per_floor":[115,265,45,59,70,70,98,117,117,117,149,168,168,168,168,245,245,245,116,116,116,66,66,66,66,66,66,0,0,0,0,0,0,0,0,0,0,0,0,0,0,0,0,0,0,0,0,0,0,0],"floor_reached":50,"playtime":2470,"items_purged":["Doubt"],"score":1006,"play_id":"3214727a-a874-4168-b87f-43ece83a6903","local_time":"20190212222420","is_ascension_mode":true,"campfire_choices":[{"data":"Zap","floor":6,"key":"SMITH"},{"data":"Hologram","floor":10,"key":"SMITH"},{"data":"Coolheaded","floor":13,"key":"SMITH"},{"floor":15,"key":"REST"},{"data":"Reboot","floor":23,"key":"SMITH"},{"floor":29,"key":"REST"},{"data":"Loop","floor":32,"key":"SMITH"},{"data":"Buffer","floor":40,"key":"SMITH"},{"data":"Machine Learning","floor":42,"key":"SMITH"},{"data":"Rainbow","floor":44,"key":"SMITH"},{"data":"Skim","floor":49,"key":"SMITH"}],"neow_cost":"NONE","seed_source_timestamp":4439038482800,"circlet_count":0,"master_deck":["AscendersBane","Strike_B","Strike_B","Strike_B","Strike_B","Defend_B","Defend_B","Defend_B","Defend_B","Zap+1","Dualcast","White Noise","Rip and Tear","Coolheaded+1","BootSequence","Compile Driver","Hologram+1","Cold Snap","Self Repair","Reboot+1","Self Repair+1","Undo","Loop+1","Rainbow+1","Glacier","Machine Learning+1","Go for the Eyes+1","Buffer+1","Barrage+1","Conserve Battery+1","Beam Cell+1","Coolheaded+1","Hologram+1","Skim+1"],"relics":["Cracked Core","Bag of Preparation","Odd Mushroom","Symbiotic Virus","The Courier","Question Card","Ectoplasm","Lantern","Molten Egg 2","Dream Catcher","Inserter","Nunchaku","Thread and Needle","Happy Flower"],"potions_floor_usage":[16,25,25,25,50,50],"damage_taken":[{"damage":2,"enemies":"Jaw Worm","floor":1,"turns":3},{"damage":5,"enemies":"Small Slimes","floor":4,"turns":3},{"damage":4,"enemies":"Cultist","floor":5,"turns":4},{"damage":3,"enemies":"The Mushroom Lair","floor":7,"turns":4},{"damage":0,"enemies":"2 Fungi Beasts","floor":8,"turns":2},{"damage":8,"enemies":"3 Sentries","floor":11,"turns":7},{"damage":19,"enemies":"Large Slime","floor":12,"turns":5},{"damage":8,"enemies":"Slime Boss","floor":16,"turns":6},{"damage":6,"enemies":"Shell Parasite","floor":18,"turns":5},{"damage":1,"enemies":"3 Byrds","floor":20,"turns":4},{"damage":39,"enemies":"Centurion and Healer","floor":21,"turns":15},{"damage":7,"enemies":"3 Cultists","floor":24,"turns":4},{"damage":38,"enemies":"Slavers","floor":25,"turns":6},{"damage":25,"enemies":"Sentry and Sphere","floor":27,"turns":8},{"damage":0,"enemies":"Centurion and Healer","floor":31,"turns":13},{"damage":28,"enemies":"Champ","floor":33,"turns":14},{"damage":30,"enemies":"Orb Walker","floor":35,"turns":4},{"damage":2,"enemies":"3 Shapes","floor":36,"turns":6},{"damage":38,"enemies":"3 Darklings","floor":37,"turns":11},{"damage":8,"enemies":"Mind Bloom Boss Battle","floor":38,"turns":7},{"damage":0,"enemies":"Nemesis","floor":41,"turns":9},{"damage":28,"enemies":"Jaw Worm Horde","floor":45,"turns":7},{"damage":11,"enemies":"Sphere and 2 Shapes","floor":47,"turns":5},{"damage":15,"enemies":"Maw","floor":48,"turns":7},{"damage":76,"enemies":"Awakened One","floor":50,"turns":5}],"seed_played":"7045382199371114329","potions_obtained":[{"floor":5,"key":"PowerPotion"},{"floor":8,"key":"EntropicBrew"},{"floor":18,"key":"Strength Potion"},{"floor":25,"key":"Block Potion"},{"floor":33,"key":"PowerPotion"},{"floor":47,"key":"Dexterity Potion"}],"is_trial":false,"path_per_floor":["M","?","$","M","M","R","?","M","T","R","E","M","R","?","R","B",null,"M","$","M","M","?","R","M","E","T","M","$","R","?","M","R","B",null,"M","M","M","?","?","R","E","R","T","R","M","?","M","M","R","B"],"character_chosen":"DEFECT","items_purchased":["Rip and Tear","Coolheaded","Lantern","Glacier"],"campfire_rested":2,"item_purchase_floors":[3,3,19,28],"current_hp_per_floor":[62,62,62,57,53,53,50,50,50,50,42,23,23,5,26,25,60,68,68,71,49,49,49,59,38,38,23,23,44,44,61,61,50,66,53,68,47,56,56,56,66,66,66,66,65,65,71,71,71,0],"gold":0,"neow_bonus":"RANDOM_COMMON_RELIC","is_prod":false,"is_daily":false,"chose_seed":false,"campfire_upgraded":9,"win_rate":0,"timestamp":1550039060,"path_taken":["M","?","$","M","M","R","?","M","T","R","E","M","R","?","R","BOSS","M","$","M","M","?","R","M","E","T","M","?","R","?","M","R","BOSS","M","M","M","?","?","R","E","R","T","R","?","?","M","M","R","BOSS"],"build_version":"2019-01-23","purchased_purges":1,"victory":false,"max_hp_per_floor":[71,71,71,71,71,71,71,71,71,71,71,71,71,71,71,71,71,71,71,71,71,71,71,71,71,71,71,71,71,71,71,71,71,71,71,71,71,71,71,71,71,71,71,71,71,71,71,71,71,71],"card_choices":[{"not_picked":["Turbo","Scrape"],"picked":"White Noise","floor":1},{"not_picked":["Aggregate","Coolheaded"],"picked":"BootSequence","floor":4},{"not_picked":["Leap","Stack"],"picked":"Compile Driver","floor":5},{"not_picked":["Turbo","Leap"],"picked":"Hologram","floor":7},{"not_picked":["Reinforced Body","Rebound"],"picked":"Cold Snap","floor":8},{"not_picked":["Auto Shields","Beam Cell","White Noise"],"picked":"SKIP","floor":11},{"not_picked":["BootSequence","Redo"],"picked":"Self Repair","floor":12},{"not_picked":["Amplify","All For One","Meteor Strike"],"picked":"Reboot","floor":16},{"not_picked":["Auto Shields","Gash","Lockon"],"picked":"Self Repair+1","floor":18},{"not_picked":["Lockon","Aggregate","Stack"],"picked":"Undo","floor":20},{"not_picked":["Self Repair","Gash","Fusion"],"picked":"Loop","floor":21},{"not_picked":["Steam Power","Stack","Genetic Algorithm","Turbo"],"picked":"SKIP","floor":24},{"not_picked":["Coolheaded","Cold Snap","Stack"],"picked":"Rainbow","floor":25},{"not_picked":["Turbo+1","Cold Snap+1","Storm","Stack"],"picked":"SKIP","floor":27},{"not_picked":["Beam Cell+1","Turbo","Leap"],"picked":"Machine Learning","floor":29},{"not_picked":["Beam Cell+1","Rip and Tear+1","Stack"],"picked":"Go for the Eyes+1","floor":31},{"not_picked":["All For One+1","Reboot","Seek"],"picked":"Buffer","floor":33},{"not_picked":["Rebound+1","Go for the Eyes+1","Redo+1"],"picked":"Barrage+1","floor":35},{"not_picked":["Turbo+1","Steam","Rebound+1","Leap"],"picked":"SKIP","floor":36},{"not_picked":["Glacier","Streamline+1","Turbo+1"],"picked":"Conserve Battery+1","floor":37},{"not_picked":["Force Field","Steam","Cold Snap+1"],"picked":"Beam Cell+1","floor":41},{"not_picked":["All For One+1","Undo+1","Hologram","Streamline+1"],"picked":"SKIP","floor":45},{"not_picked":["Redo","Barrage+1","Rebound+1"],"picked":"Hologram+1","floor":47},{"not_picked":["Hologram","Fusion","Leap"],"picked":"Skim","floor":48}],"player_experience":433760,"relics_obtained":[{"floor":7,"key":"Odd Mushroom"},{"floor":9,"key":"Symbiotic Virus"},{"floor":11,"key":"The Courier"},{"floor":25,"key":"Molten Egg 2"},{"floor":26,"key":"Dream Catcher"},{"floor":38,"key":"Nunchaku"},{"floor":41,"key":"Thread and Needle"},{"floor":43,"key":"Happy Flower"}],"event_choices":[{"damage_healed":0,"gold_gain":150,"player_choice":"AGREE","damage_taken":0,"max_hp_gain":0,"max_hp_loss":0,"event_name":"Liars Game","floor":2,"gold_loss":0,"cards_obtained":["Doubt"]},{"damage_healed":0,"gold_gain":0,"player_choice":"Fought Mushrooms","damage_taken":0,"max_hp_gain":0,"max_hp_loss":0,"event_name":"Mushrooms","floor":7,"gold_loss":0},{"damage_healed":0,"gold_gain":0,"player_choice":"Success","damage_taken":18,"relics_obtained":["Question Card"],"max_hp_gain":0,"max_hp_loss":0,"event_name":"Scrap Ooze","floor":14,"gold_loss":0},{"damage_healed":0,"gold_gain":100,"player_choice":"Bet on Murderer","damage_taken":0,"max_hp_gain":0,"max_hp_loss":0,"event_name":"The Joust","floor":22,"gold_loss":50},{"damage_healed":0,"gold_gain":0,"player_choice":"Ignored","damage_taken":0,"max_hp_gain":0,"max_hp_loss":0,"event_name":"The Mausoleum","floor":30,"gold_loss":0},{"damage_healed":0,"gold_gain":0,"player_choice":"Fight","damage_taken":0,"max_hp_gain":0,"max_hp_loss":0,"event_name":"MindBloom","floor":38,"gold_loss":0},{"damage_healed":0,"gold_gain":300,"player_choice":"Gold","damage_taken":0,"max_hp_gain":0,"max_hp_loss":0,"event_name":"Wheel of Change","floor":39,"gold_loss":0},{"damage_healed":0,"gold_gain":0,"player_choice":"Copied","damage_taken":0,"max_hp_gain":0,"max_hp_loss":0,"event_name":"Duplicator","floor":46,"gold_loss":0,"cards_obtained":["Coolheaded"]}],"is_beta":false,"boss_relics":[{"not_picked":["FrozenCore","Velvet Choker"],"picked":"Ectoplasm"},{"not_picked":["Orrery","Eternal Feather"],"picked":"Inserter"}],"items_purged_floors":[3],"is_endless":false,"potions_floor_spawned":[5,8,11,18,25,33,36,38,47],"killed_by":"Awakened One","ascension_level":17}