{"path_per_floor":["?","?","?","?","?","?","?","?","?","?","?","?","?","?","?"],"character_chosen":"THE_SILENT","items_purchased":[],"gold_per_floor":[144,169,214,214,259,379,349,349,349,319,364,364,409,454,454],"floor_reached":16,"campfire_rested":1,"playtime":1218,"current_hp_per_floor":[70,70,68,68,68,58,58,70,70,70,64,64,64,63,63],"items_purged":[],"gold":454,"score":102,"play_id":"34c5bbe5-91aa-4c4b-b63d-5d82e41be0b1","local_time":"20180228211659","daily_mods":[{"name":"Heirloom","description":"Start with 1 Rare relic.","modID":"Heirloom","positive":true},{"name":"Midas","description":"Enemies drop 200% more gold, but you cannot upgrade cards at Rest Sites.","modID":"Midas","positive":false},{"name":"Uncertain Future","description":"The map shows only ?.","modID":"Uncertain Future","positive":false},{"name":"Night Terrors","description":"Resting at Rest Sites heals 20% of your HP, rather than 30%.","modID":"Night Terrors","positive":false}],"is_prod":false,"is_daily":true,"is_ascension_mode":false,"campfire_upgraded":0,"timestamp":1519852619,"path_taken":["?","?","?","?","?","?","?","?","?","?","?","?","?","?","?","BOSS"],"build_version":"2018-02-28-BETA1","purchased_purges":0,"victory":false,"master_deck":["Defend_G","Defend_G","Defend_G","Defend_G","Defend_G","Strike_G","Strike_G","Strike_G","Strike_G","Strike_G","Survivor","Neutralize","Infinite Blades","Footwork+1","Crippling Poison","Cloak And Dagger","Poisoned Stab","Expertise"],"max_hp_per_floor":[70,70,70,70,70,70,70,70,70,70,70,70,70,70,70],"relics":["Ring of the Snake","Sundial","Anchor","Tiny Chest","Shovel","Juzu Bracelet","Toxic Egg 2"],"card_choices":[{"not_picked":["Dodge and Roll","Cloak And Dagger"],"picked":"Infinite Blades"},{"not_picked":["Acrobatics","Dagger Spray"],"picked":"Footwork"},{"not_picked":["Slice","Bouncing Flask"],"picked":"Crippling Poison"},{"not_picked":["Prepared","Dash"],"picked":"Cloak And Dagger"},{"not_picked":["Acrobatics","Deadly Poison"],"picked":"Poisoned Stab"},{"not_picked":["All Out Attack","Bouncing Flask"],"picked":"Expertise"}],"player_experience":12296,"potions_floor_usage":[16,16,16],"damage_taken":[{"damage":0,"enemies":"Cultist","floor":1,"turns":4},{"damage":2,"enemies":"2 Louse","floor":3,"turns":3},{"damage":0,"enemies":"Jaw Worm","floor":5,"turns":5},{"damage":10,"enemies":"Lagavulin","floor":6,"turns":11},{"damage":0,"enemies":"Looter","floor":7,"turns":4},{"damage":6,"enemies":"Red Slaver","floor":11,"turns":6},{"damage":0,"enemies":"Exordium Wildlife","floor":13,"turns":6},{"damage":1,"enemies":"Large Slime","floor":14,"turns":7},{"damage":64,"enemies":"Hexaghost","floor":16,"turns":16}],"event_choices":[{"event_name":"Accursed Blacksmith","player_choice":"Forge","floor":4,"damage_taken":0},{"event_name":"The Woman in Blue","player_choice":"Bought 2 Potions","floor":10,"damage_taken":0}],"boss_relics":[],"potions_floor_spawned":[1,13,14],"seed_played":"-695470801933219914","killed_by":"Hexaghost","ascension_level":0,"is_trial":false}