{"gold_per_floor":[117,133,133,158,173,212,246,246,326,364,364,397,411,444,444,533,533,546,546,295,313,313,313,347,347,347,373,386,414,431,459,459,538,538,553,514,531,631,650,682,533,561,561,596,630,422,435,446,446,446,446,446,446,64,93,93],"floor_reached":57,"playtime":4526,"items_purged":["Injury"],"score":3351,"play_id":"0a4960cd-7783-4d8b-8fb0-b08471120d47","local_time":"20190912052328","daily_mods":["SealedDeck","Vintage","Colorless Cards","Heirloom","Time Dilation","Flight"],"is_ascension_mode":true,"campfire_choices":[{"data":"Corruption","floor":8,"key":"SMITH"},{"data":"Discovery","floor":15,"key":"SMITH"},{"data":"True Grit","floor":23,"key":"SMITH"},{"data":"Armaments","floor":25,"key":"SMITH"},{"floor":32,"key":"RECALL"},{"floor":49,"key":"DIG"},{"floor":53,"key":"DIG"}],"neow_cost":"","seed_source_timestamp":0,"circlet_count":0,"master_deck":["AscendersBane","Cleave","Armaments+1","True Grit+1","Intimidate","Discovery+1","Shrug It Off+1","Pommel Strike","Rampage+1","Clothesline+1","Flame Barrier","Corruption+1","Sentinel","Secret Technique","Reaper","Shrug It Off","Disarm+1","Berserk+1","Seeing Red+1","Blind+1","Shrug It Off+1","Feel No Pain+1","Pommel Strike+1","Flash of Steel+1","Shrug It Off+1","Pommel Strike+1"],"relics":["Burning Blood","StoneCalendar","Ornamental Fan","Gambling Chip","Bloody Idol","Bronze Scales","Thread and Needle","Self Forming Clay","Shovel","Letter Opener","Bag of Preparation","Whetstone","Omamori","Regal Pillow","Runic Cube","Boot","Membership Card","Incense Burner","Frozen Egg 2","Shuriken","Paper Frog","Turnip","Charon\u0027s Ashes","Molten Egg 2","Sundial","Calling Bell","Orichalcum","Toxic Egg 2","FossilizedHelix","Red Skull","Oddly Smooth Stone","Magic Flower","Strawberry","Blue Candle","War Paint","Smiling Mask","Pear","Bottled Tornado","Calipers","Mummified Hand","Blood Vial","Kunai","Pantograph","Medical Kit","Mercury Hourglass","Centennial Puzzle","Gremlin Horn"],"potions_floor_usage":[13,21,50,56],"damage_taken":[{"damage":5,"enemies":"Jaw Worm","floor":1,"turns":3},{"damage":0,"enemies":"2 Louse","floor":2,"turns":2},{"damage":6,"enemies":"Small Slimes","floor":4,"turns":3},{"damage":0,"enemies":"3 Louse","floor":5,"turns":3},{"damage":2,"enemies":"Gremlin Nob","floor":6,"turns":3},{"damage":6,"enemies":"3 Sentries","floor":7,"turns":6},{"damage":22,"enemies":"Gremlin Nob","floor":10,"turns":5},{"damage":14,"enemies":"Lagavulin","floor":12,"turns":6},{"damage":6,"enemies":"Large Slime","floor":13,"turns":6},{"damage":9,"enemies":"3 Sentries","floor":14,"turns":5},{"damage":1,"enemies":"Slime Boss","floor":16,"turns":7},{"damage":8,"enemies":"Shell Parasite","floor":18,"turns":6},{"damage":7,"enemies":"Spheric Guardian","floor":21,"turns":5},{"damage":28,"enemies":"Slavers","floor":24,"turns":7},{"damage":0,"enemies":"Gremlin Leader","floor":27,"turns":4},{"damage":0,"enemies":"3 Cultists","floor":28,"turns":5},{"damage":9,"enemies":"Book of Stabbing","floor":29,"turns":4},{"damage":0,"enemies":"Snecko","floor":30,"turns":5},{"damage":13,"enemies":"Slavers","floor":31,"turns":2},{"damage":0,"enemies":"Champ","floor":33,"turns":16},{"damage":0,"enemies":"3 Shapes","floor":35,"turns":1},{"damage":0,"enemies":"Orb Walker","floor":37,"turns":4},{"damage":0,"enemies":"Mind Bloom Boss Battle","floor":38,"turns":7},{"damage":0,"enemies":"3 Darklings","floor":39,"turns":5},{"damage":27,"enemies":"Reptomancer","floor":40,"turns":6},{"damage":0,"enemies":"Giant Head","floor":42,"turns":8},{"damage":6,"enemies":"Reptomancer","floor":44,"turns":7},{"damage":0,"enemies":"Nemesis","floor":45,"turns":8},{"damage":0,"enemies":"Maw","floor":47,"turns":8},{"damage":25,"enemies":"Spire Growth","floor":48,"turns":5},{"damage":55,"enemies":"Awakened One","floor":50,"turns":21},{"damage":0,"enemies":"Donu and Deca","floor":51,"turns":12},{"damage":6,"enemies":"Shield and Spear","floor":55,"turns":9},{"damage":47,"enemies":"The Heart","floor":56,"turns":9}],"seed_played":"2196729979782742353","potions_obtained":[{"floor":4,"key":"Regen Potion"},{"floor":5,"key":"EssenceOfSteel"},{"floor":13,"key":"Explosive Potion"},{"floor":16,"key":"Block Potion"},{"floor":24,"key":"Regen Potion"}],"is_trial":true,"path_per_floor":["M","M","?","M","M","E","E","R","T","E","?","E","M","E","R","B",null,"M","?","$","M","?","R","E","R","T","E","M","E","M","E","R","B",null,"M","$","M","?","M","E","$","E","T","E","E","$","M","M","R","B","B",null,"R","$","E","B",null],"character_chosen":"IRONCLAD","items_purchased":["Membership Card","Shrug It Off","Seeing Red+1","Shrug It Off+1","War Paint","Calipers","Flash of Steel+1","Medical Kit","Mercury Hourglass","Shrug It Off+1","Centennial Puzzle","Poison Potion"],"campfire_rested":0,"item_purchase_floors":[20,20,36,41,41,46,46,54,54,54,54,54],"current_hp_per_floor":[69,75,75,75,75,75,75,75,75,59,64,56,71,68,68,73,78,76,76,76,75,75,75,63,63,63,79,80,80,80,80,80,80,80,80,80,80,80,87,74,74,87,87,97,97,97,97,86,86,79,97,97,97,97,97,59],"gold":93,"neow_bonus":"","is_prod":false,"is_daily":false,"chose_seed":false,"campfire_upgraded":4,"win_rate":0,"timestamp":1568291008,"path_taken":["M","M","?","M","M","E","E","R","T","E","?","E","?","E","R","BOSS","M","?","$","?","?","R","E","R","T","E","M","E","M","E","R","BOSS","M","$","M","?","M","E","$","E","T","E","E","$","M","M","R","BOSS","BOSS","R","$","E","BOSS"],"build_version":"2019-07-17","purchased_purges":1,"victory":true,"max_hp_per_floor":[75,75,75,75,75,75,75,75,75,75,80,80,80,80,80,80,80,80,80,80,80,80,80,80,80,80,80,80,80,80,80,80,80,80,80,80,80,80,87,87,87,87,87,97,97,97,97,97,97,97,97,97,97,97,97,97],"card_choices":[{"not_picked":["Pommel Strike","Finesse"],"picked":"Corruption","floor":6},{"not_picked":["Body Slam","Thunderclap"],"picked":"Sentinel","floor":7},{"not_picked":["Iron Wave","Ghostly Armor","Heavy Blade"],"picked":"SKIP","floor":10},{"not_picked":["Metamorphosis","Iron Wave","Combust"],"picked":"SKIP","floor":12},{"not_picked":["Armaments","Cleave"],"picked":"Secret Technique","floor":14},{"not_picked":["Brutality","Immolate"],"picked":"Reaper","floor":16},{"not_picked":["Panache","Ghostly Armor","Fiend Fire"],"picked":"SKIP","floor":24},{"not_picked":["Anger","Iron Wave","HandOfGreed"],"picked":"SKIP","floor":27},{"not_picked":["Anger","Iron Wave","HandOfGreed"],"picked":"SKIP","floor":27},{"not_picked":["Wild Strike+1","Havoc"],"picked":"Disarm","floor":29},{"not_picked":["Hemokinesis+1","Anger+1","Blood for Blood+1"],"picked":"SKIP","floor":31},{"not_picked":["Brutality+1","Exhume"],"picked":"Berserk+1","floor":33},{"not_picked":["Cleave+1","Flex+1"],"picked":"Blind+1","floor":40},{"not_picked":["Shrug It Off+1","Barricade+1"],"picked":"Feel No Pain+1","floor":42},{"not_picked":["Mind Blast+1","Impatience+1","Swift Strike+1"],"picked":"SKIP","floor":44},{"not_picked":["Twin Strike+1","Clash+1"],"picked":"Pommel Strike+1","floor":45},{"not_picked":["Second Wind+1","Infernal Blade+1"],"picked":"Pommel Strike+1","floor":55}],"player_experience":1122243,"relics_obtained":[{"floor":1,"key":"Ornamental Fan"},{"floor":2,"key":"Gambling Chip"},{"floor":4,"key":"Bronze Scales"},{"floor":5,"key":"Thread and Needle"},{"floor":6,"key":"Self Forming Clay"},{"floor":7,"key":"Shovel"},{"floor":9,"key":"Letter Opener"},{"floor":10,"key":"Bag of Preparation"},{"floor":12,"key":"Whetstone"},{"floor":13,"key":"Omamori"},{"floor":14,"key":"Regal Pillow"},{"floor":18,"key":"Boot"},{"floor":21,"key":"Incense Burner"},{"floor":24,"key":"Frozen Egg 2"},{"floor":26,"key":"Shuriken"},{"floor":27,"key":"Paper Frog"},{"floor":28,"key":"Turnip"},{"floor":29,"key":"Charon\u0027s Ashes"},{"floor":30,"key":"Molten Egg 2"},{"floor":31,"key":"Sundial"},{"floor":34,"key":"Orichalcum"},{"floor":34,"key":"Toxic Egg 2"},{"floor":34,"key":"FossilizedHelix"},{"floor":35,"key":"Red Skull"},{"floor":37,"key":"Oddly Smooth Stone"},{"floor":38,"key":"Magic Flower"},{"floor":39,"key":"Strawberry"},{"floor":40,"key":"Blue Candle"},{"floor":42,"key":"Smiling Mask"},{"floor":44,"key":"Pear"},{"floor":45,"key":"Bottled Tornado"},{"floor":47,"key":"Mummified Hand"},{"floor":48,"key":"Blood Vial"},{"floor":49,"key":"Kunai"},{"floor":53,"key":"Pantograph"},{"floor":55,"key":"Gremlin Horn"}],"event_choices":[{"damage_healed":0,"gold_gain":0,"player_choice":"Take Wound","damage_taken":0,"relics_obtained":["Golden Idol"],"max_hp_gain":0,"max_hp_loss":0,"event_name":"Golden Idol","floor":3,"gold_loss":0,"cards_obtained":["Injury"]},{"damage_healed":0,"gold_gain":0,"player_choice":"Donut","damage_taken":0,"max_hp_gain":5,"max_hp_loss":0,"event_name":"Big Fish","floor":11,"gold_loss":0},{"cards_removed":["Injury"],"damage_healed":0,"gold_gain":0,"player_choice":"Removed Curses","damage_taken":0,"max_hp_gain":0,"max_hp_loss":0,"event_name":"Fountain of Cleansing","floor":19,"gold_loss":0},{"damage_healed":0,"gold_gain":0,"player_choice":"Gave Idol","damage_taken":0,"relics_obtained":["Bloody Idol"],"max_hp_gain":0,"max_hp_loss":0,"event_name":"Forgotten Altar","floor":22,"relics_lost":["Golden Idol"],"gold_loss":0},{"damage_healed":0,"gold_gain":0,"player_choice":"Fight","damage_taken":0,"max_hp_gain":0,"max_hp_loss":0,"event_name":"MindBloom","floor":38,"gold_loss":0}],"is_beta":false,"boss_relics":[{"not_picked":["White Beast Statue","Eternal Feather"],"picked":"Runic Cube"},{"not_picked":["Philosopher\u0027s Stone","Lizard Tail"],"picked":"Calling Bell"}],"items_purged_floors":[41],"is_endless":false,"potions_floor_spawned":[4,5,12,13,16,24,27,29,30,31,38,40,42,45],"ascension_level":20}