{"gold_per_floor":[119,119,119,138,154,154,167,167,167,179,196,211,238,253,253,330,330,346,358,358,384,119,119,136,151,177,191,191,207,207,132,132,132],"floor_reached":33,"playtime":1140,"items_purged":["Injury"],"score":506,"play_id":"19e3f54f-53c2-442f-8d35-8cc7c7601ca9","local_time":"20190915225610","is_ascension_mode":true,"campfire_choices":[{"data":"Whirlwind","floor":6.0,"key":"SMITH"},{"data":"Twin Strike","floor":8.0,"key":"SMITH"},{"data":"Clothesline","floor":15.0,"key":"SMITH"},{"data":"Shrug It Off","floor":23,"key":"SMITH"},{"floor":28,"key":"REST"},{"floor":30,"key":"REST"},{"data":"Dropkick","floor":32,"key":"SMITH"}],"neow_cost":"NONE","seed_source_timestamp":415496124286609,"circlet_count":0,"master_deck":["AscendersBane","Strike_R","Strike_R+1","Strike_R","Strike_R","Strike_R","Defend_R","Defend_R+1","Defend_R+1","Defend_R+1","Bash+1","Twin Strike+1","Whirlwind+1","Shrug It Off+1","Clothesline+1","Dropkick+1","Impervious+1","Seeing Red+1","Flex+1","Flame Barrier+1","Flame Barrier+1","Entrench+1"],"special_seed":0,"relics":["Burning Blood","War Paint","Toxic Egg 2","Sundial","Cursed Key","Red Mask","Ornamental Fan","Bag of Preparation"],"potions_floor_usage":[],"damage_taken":[{"damage":12.0,"enemies":"Small Slimes","floor":1.0,"turns":4.0},{"damage":4.0,"enemies":"Jaw Worm","floor":4.0,"turns":3.0},{"damage":0.0,"enemies":"Cultist","floor":5.0,"turns":3.0},{"damage":1.0,"enemies":"2 Fungi Beasts","floor":7.0,"turns":4.0},{"damage":8.0,"enemies":"Blue Slaver","floor":10.0,"turns":4.0},{"damage":11.0,"enemies":"3 Louse","floor":11.0,"turns":2.0},{"damage":10.0,"enemies":"Lots of Slimes","floor":12.0,"turns":3.0},{"damage":30.0,"enemies":"Gremlin Nob","floor":13.0,"turns":4.0},{"damage":1.0,"enemies":"Large Slime","floor":14.0,"turns":5.0},{"damage":10.0,"enemies":"Slime Boss","floor":16.0,"turns":8.0},{"damage":9.0,"enemies":"2 Thieves","floor":18.0,"turns":4.0},{"damage":1,"enemies":"Chosen","floor":19,"turns":3},{"damage":36,"enemies":"Masked Bandits","floor":21,"turns":5},{"damage":12,"enemies":"Sentry and Sphere","floor":24,"turns":4},{"damage":0,"enemies":"Centurion and Healer","floor":25,"turns":5},{"damage":11,"enemies":"3 Cultists","floor":27,"turns":5},{"damage":7,"enemies":"Snecko","floor":29,"turns":7},{"damage":116,"enemies":"Collector","floor":33,"turns":12}],"seed_played":"2029982577735759352","potions_obtained":[{"floor":7.0,"key":"SpeedPotion"},{"floor":10.0,"key":"Fire Potion"},{"floor":12.0,"key":"Regen Potion"},{"floor":14.0,"key":"FairyPotion"},{"floor":25,"key":"SteroidPotion"}],"is_trial":false,"path_per_floor":["M","?","?","M","M","R","M","R","T","M","M","M","E","M","R","B",null,"M","M","?","?","$","R","M","M","T","M","R","M","R","$","R","B"],"character_chosen":"IRONCLAD","items_purchased":["Ornamental Fan"],"campfire_rested":2,"item_purchase_floors":[22],"current_hp_per_floor":[62,62,39,41,47,47,52,52,52,50,45,41,29,34,34,30,64,61,66,66,36,36,36,30,36,36,31,53,52,74,74,74,0],"gold":132,"neow_bonus":"RANDOM_COMMON_RELIC","is_prod":false,"is_daily":false,"chose_seed":false,"campfire_upgraded":5,"win_rate":0,"timestamp":1568613370,"path_taken":["M","?","?","M","M","R","M","R","T","?","M","M","E","M","R","BOSS","M","?","?","?","$","R","M","M","T","M","R","M","R","$","R","BOSS"],"build_version":"2019-07-17","purchased_purges":1,"victory":false,"max_hp_per_floor":[75,75,75,75,75,75,75,75,75,75,75,75,75,75,75,75,75,75,75,75,75,75,75,75,75,75,75,75,75,75,75,75,75],"card_choices":[{"not_picked":["Cleave","True Grit"],"picked":"Twin Strike","floor":1.0},{"not_picked":["Twin Strike","Entrench"],"picked":"Whirlwind","floor":4.0},{"not_picked":["Havoc","Combust","Heavy Blade"],"picked":"SKIP","floor":5.0},{"not_picked":["Perfected Strike","Warcry"],"picked":"Shrug It Off","floor":7.0},{"not_picked":["Perfected Strike","Sword Boomerang"],"picked":"Clothesline","floor":10.0},{"not_picked":["Warcry+1","Pommel Strike"],"picked":"Dropkick","floor":11.0},{"not_picked":["Headbutt","Dual Wield+1","Iron Wave"],"picked":"SKIP","floor":12.0},{"not_picked":["Twin Strike","Clash","Hemokinesis"],"picked":"SKIP","floor":13.0},{"not_picked":["Body Slam","Armaments+1","Whirlwind"],"picked":"SKIP","floor":14.0},{"not_picked":["Bludgeon","Feed"],"picked":"Impervious+1","floor":16.0},{"not_picked":["Havoc+1","Cleave"],"picked":"Seeing Red+1","floor":18.0},{"not_picked":["Anger","Entrench+1"],"picked":"Flex+1","floor":19},{"not_picked":["Second Wind+1","Dual Wield+1"],"picked":"Flame Barrier+1","floor":21},{"not_picked":["Evolve","Heavy Blade"],"picked":"Flame Barrier+1","floor":24},{"not_picked":["Anger","Cleave","Twin Strike"],"picked":"SKIP","floor":25},{"not_picked":["Shrug It Off+1","Wild Strike"],"picked":"Entrench+1","floor":27},{"not_picked":["Combust","Sever Soul","Fire Breathing"],"picked":"SKIP","floor":29}],"player_experience":1145985,"relics_obtained":[{"floor":9.0,"key":"Toxic Egg 2"},{"floor":13.0,"key":"Sundial"},{"floor":21,"key":"Red Mask"},{"floor":26,"key":"Bag of Preparation"}],"event_choices":[{"damage_healed":0.0,"max_hp_gain":0.0,"max_hp_loss":0.0,"gold_gain":0.0,"event_name":"Living Wall","player_choice":"Grow","floor":2.0,"gold_loss":0.0,"damage_taken":0.0,"cards_upgraded":["Bash"]},{"damage_healed":0.0,"max_hp_gain":0.0,"max_hp_loss":0.0,"gold_gain":0.0,"event_name":"Shining Light","player_choice":"Entered Light","floor":3.0,"gold_loss":0.0,"damage_taken":23.0,"cards_upgraded":["Strike_R","Defend_R"]},{"damage_healed":0,"gold_gain":0,"player_choice":"Ignored","damage_taken":0,"max_hp_gain":0,"max_hp_loss":0,"event_name":"Vampires","floor":20,"gold_loss":0},{"damage_healed":0,"gold_gain":0,"player_choice":"Fought Bandits","damage_taken":0,"max_hp_gain":0,"max_hp_loss":0,"event_name":"Masked Bandits","floor":21,"gold_loss":0}],"is_beta":false,"boss_relics":[{"not_picked":["Calling Bell","Orrery"],"picked":"Cursed Key"}],"items_purged_floors":[31],"is_endless":false,"potions_floor_spawned":[7,10,12,14,25,27],"killed_by":"Collector","ascension_level":20}