{"gold_per_floor":[109,122,122,134,144,178,178,207,207,227,243,243,270,345,345,424,424,436,454,379,55,75,75,95,106,106,123,133,133,133,151,151,222,222,234,247,261,261,91,91,91,91,140,158,170,183,183,193,193,193],"floor_reached":50,"playtime":3047,"items_purged":["Strike_G","Strike_G"],"score":779,"play_id":"d1b9f7a1-24e8-4164-9c03-f51ec097037b","local_time":"20190922224527","is_ascension_mode":true,"campfire_choices":[{"floor":7.0,"key":"REST"},{"floor":12.0,"key":"REST"},{"floor":15.0,"key":"REST"},{"floor":23.0,"key":"REST"},{"floor":30.0,"key":"REST"},{"floor":32.0,"key":"REST"},{"data":"Envenom","floor":40.0,"key":"SMITH"},{"floor":42.0,"key":"REST"},{"data":"A Thousand Cuts","floor":47.0,"key":"SMITH"},{"floor":49.0,"key":"REST"}],"neow_cost":"NONE","seed_source_timestamp":541742849543300,"circlet_count":0,"master_deck":["AscendersBane","Strike_G","Defend_G","Defend_G+1","Defend_G","Defend_G","Defend_G","Survivor+1","Neutralize+1","Bane","Dagger Spray","Dash","Adrenaline","Cloak And Dagger","Infinite Blades","Cloak And Dagger","Calculated Gamble","Corpse Explosion+1","Glass Knife","Backstab","Noxious Fumes+1","Blur","Infinite Blades","Caltrops","Deadly Poison","Footwork+1","Envenom+1","Footwork","A Thousand Cuts+1","Madness","Madness","Leg Sweep","Well Laid Plans+1","Backstab"],"special_seed":0,"relics":["Ring of the Snake","Lantern","Bottled Flame","Boot","Bag of Marbles","Question Card","WristBlade","War Paint","Art of War","Busted Crown","Orichalcum"],"potions_floor_usage":[50],"damage_taken":[{"damage":0.0,"enemies":"Jaw Worm","floor":1.0,"turns":6.0},{"damage":0.0,"enemies":"2 Louse","floor":2.0,"turns":2.0},{"damage":0.0,"enemies":"Cultist","floor":4.0,"turns":4.0},{"damage":0.0,"enemies":"Large Slime","floor":5.0,"turns":8.0},{"damage":30.0,"enemies":"Gremlin Nob","floor":6.0,"turns":4.0},{"damage":20.0,"enemies":"3 Sentries","floor":8.0,"turns":7.0},{"damage":0.0,"enemies":"Looter","floor":10.0,"turns":1.0},{"damage":5.0,"enemies":"Exordium Thugs","floor":11.0,"turns":4.0},{"damage":14.0,"enemies":"Lagavulin","floor":13.0,"turns":6.0},{"damage":28.0,"enemies":"The Guardian","floor":16.0,"turns":14.0},{"damage":5.0,"enemies":"Spheric Guardian","floor":18.0,"turns":3.0},{"damage":0.0,"enemies":"Chosen","floor":19.0,"turns":2.0},{"damage":22.0,"enemies":"Shelled Parasite and Fungi","floor":22.0,"turns":4.0},{"damage":0.0,"enemies":"Centurion and Healer","floor":24.0,"turns":2.0},{"damage":14.0,"enemies":"Snake Plant","floor":25.0,"turns":2.0},{"damage":8.0,"enemies":"Snecko","floor":27.0,"turns":4.0},{"damage":7.0,"enemies":"Chosen and Byrds","floor":28.0,"turns":3.0},{"damage":12.0,"enemies":"3 Cultists","floor":31.0,"turns":4.0},{"damage":26.0,"enemies":"Champ","floor":33.0,"turns":12.0},{"damage":0.0,"enemies":"Orb Walker","floor":35.0,"turns":3.0},{"damage":3.0,"enemies":"3 Shapes","floor":36.0,"turns":2.0},{"damage":2.0,"enemies":"Maw","floor":37.0,"turns":7.0},{"damage":11.0,"enemies":"Jaw Worm Horde","floor":44.0,"turns":4.0},{"damage":14.0,"enemies":"Transient","floor":45.0,"turns":5.0},{"damage":0.0,"enemies":"3 Darklings","floor":46.0,"turns":1.0},{"damage":19.0,"enemies":"Sphere and 2 Shapes","floor":48.0,"turns":6.0},{"damage":48,"enemies":"Time Eater","floor":50,"turns":11}],"seed_played":"3695835371727987175","potions_obtained":[{"floor":2.0,"key":"FearPotion"},{"floor":4.0,"key":"SteroidPotion"},{"floor":6.0,"key":"Block Potion"},{"floor":10.0,"key":"Weak Potion"},{"floor":16.0,"key":"AttackPotion"},{"floor":22.0,"key":"Poison Potion"},{"floor":29.0,"key":"GhostInAJar"},{"floor":29.0,"key":"PowerPotion"},{"floor":36.0,"key":"Explosive Potion"},{"floor":44.0,"key":"AttackPotion"},{"floor":45.0,"key":"Explosive Potion"},{"floor":48.0,"key":"GamblersBrew"}],"is_trial":false,"path_per_floor":["M","M","?","M","M","E","R","E","T","M","M","R","E","?","R","B",null,"M","M","?","$","M","R","M","M","T","M","M","?","R","M","R","B",null,"M","M","M","?","$","R","?","R","T","M","M","M","R","M","R","B"],"character_chosen":"THE_SILENT","items_purchased":["Blur","War Paint","Infinite Blades","Leg Sweep"],"campfire_rested":8,"item_purchase_floors":[21,21,21,39],"current_hp_per_floor":[63,63,49,49,49,19,40,20,20,20,15,36,22,11,32,4,54,49,49,49,49,27,48,48,34,34,26,19,19,40,28,49,23,58,58,55,53,44,44,44,44,65,65,54,40,40,40,21,42,0],"gold":193,"neow_bonus":"RANDOM_COMMON_RELIC","is_prod":false,"is_daily":false,"chose_seed":false,"campfire_upgraded":2,"win_rate":0,"timestamp":1569217527,"path_taken":["M","M","?","M","M","E","R","E","T","M","M","R","E","?","R","BOSS","M","M","?","$","M","R","M","M","T","M","M","?","R","M","R","BOSS","M","?","M","?","$","R","?","R","T","M","M","M","R","M","R","BOSS"],"build_version":"2019-09-20","purchased_purges":2,"victory":false,"max_hp_per_floor":[70,70,70,70,70,70,70,70,70,70,70,70,70,70,70,70,70,70,70,70,70,70,70,70,70,70,70,70,70,70,70,70,70,70,70,70,70,70,70,70,70,70,70,70,70,70,70,70,70,70],"card_choices":[{"not_picked":["Acrobatics","Flechettes"],"picked":"Bane","floor":1.0},{"not_picked":["Escape Plan","Riddle With Holes"],"picked":"Dagger Spray","floor":2.0},{"not_picked":["Outmaneuver","Slice"],"picked":"Dash","floor":4.0},{"not_picked":["Dagger Spray","PiercingWail"],"picked":"Adrenaline","floor":5.0},{"not_picked":["Phantasmal Killer","Catalyst"],"picked":"Cloak And Dagger","floor":6.0},{"not_picked":["Flying Knee","Blade Dance"],"picked":"Infinite Blades","floor":8.0},{"not_picked":["Slice","Prepared"],"picked":"Cloak And Dagger","floor":10.0},{"not_picked":["Dagger Spray","Underhanded Strike"],"picked":"Calculated Gamble","floor":11.0},{"not_picked":["Predator","Slice"],"picked":"Corpse Explosion","floor":13.0},{"not_picked":["Burst","Unload","Tools of the Trade"],"picked":"Glass Knife","floor":16.0},{"not_picked":["Dodge and Roll","Dash","Dagger Spray"],"picked":"Backstab","floor":18.0},{"not_picked":["Underhanded Strike","Choke","Endless Agony+1"],"picked":"Noxious Fumes+1","floor":19.0},{"not_picked":["Flying Knee","Deflect","Dodge and Roll"],"picked":"Caltrops","floor":22.0},{"not_picked":["Prepared","Deflect","Underhanded Strike","Quick Slash"],"picked":"SKIP","floor":24.0},{"not_picked":["Blade Dance","Eviscerate","Reflex","Outmaneuver"],"picked":"SKIP","floor":25.0},{"not_picked":["Sucker Punch","Prepared+1","Blade Dance"],"picked":"Deadly Poison","floor":27.0},{"not_picked":["Blade Dance","Flechettes","Bane","Dagger Spray"],"picked":"SKIP","floor":28.0},{"not_picked":["Dash","PiercingWail","Bouncing Flask"],"picked":"Footwork+1","floor":31.0},{"not_picked":["Venomology","Corpse Explosion","Bullet Time"],"picked":"Envenom","floor":33.0},{"not_picked":["Outmaneuver","Deflect"],"picked":"SKIP","floor":35.0},{"not_picked":["Dodge and Roll"],"picked":"Footwork","floor":36.0},{"not_picked":["Deadly Poison+1"],"picked":"A Thousand Cuts","floor":37.0},{"not_picked":["Sucker Punch"],"picked":"Well Laid Plans+1","floor":44.0},{"not_picked":["Sucker Punch+1"],"picked":"Backstab","floor":45.0},{"not_picked":["Leg Sweep","Dodge and Roll"],"picked":"SKIP","floor":46.0},{"not_picked":["Prepared","Well Laid Plans"],"picked":"SKIP","floor":48.0}],"player_experience":1464466,"relics_obtained":[{"floor":6.0,"key":"Bottled Flame"},{"floor":8.0,"key":"Boot"},{"floor":9.0,"key":"Bag of Marbles"},{"floor":13.0,"key":"Question Card"},{"floor":26.0,"key":"Art of War"},{"floor":43.0,"key":"Orichalcum"}],"event_choices":[{"damage_healed":0.0,"max_hp_gain":0.0,"max_hp_loss":0.0,"gold_gain":0.0,"event_name":"Shining Light","player_choice":"Entered Light","floor":3.0,"gold_loss":0.0,"damage_taken":14.0,"cards_upgraded":["Neutralize","Survivor"]},{"damage_healed":0.0,"max_hp_gain":0.0,"max_hp_loss":0.0,"gold_gain":75.0,"event_name":"World of Goop","player_choice":"Gather Gold","floor":14.0,"gold_loss":0.0,"damage_taken":11.0},{"cards_removed":["Strike_G"],"damage_healed":0.0,"max_hp_gain":0.0,"max_hp_loss":0.0,"gold_gain":0.0,"event_name":"Beggar","player_choice":"Gave Gold","floor":20.0,"gold_loss":75.0,"damage_taken":0.0},{"damage_healed":0.0,"max_hp_gain":0.0,"max_hp_loss":0.0,"gold_gain":0.0,"event_name":"Lab","player_choice":"Got Potions","floor":29.0,"gold_loss":0.0,"damage_taken":0.0},{"damage_healed":0.0,"max_hp_gain":0.0,"max_hp_loss":0.0,"gold_gain":0.0,"event_name":"Winding Halls","player_choice":"Embrace Madness","floor":38.0,"gold_loss":0.0,"damage_taken":9.0,"cards_obtained":["Madness","Madness"]},{"cards_removed":["Strike_G"],"damage_healed":0.0,"max_hp_gain":0.0,"max_hp_loss":0.0,"gold_gain":0.0,"event_name":"Purifier","player_choice":"Purged","floor":41.0,"gold_loss":0.0,"damage_taken":0.0}],"is_beta":true,"boss_relics":[{"not_picked":["SacredBark","Runic Pyramid"],"picked":"WristBlade"},{"not_picked":["Ring of the Serpent","HoveringKite"],"picked":"Busted Crown"}],"items_purged_floors":[21,39],"is_endless":false,"potions_floor_spawned":[2,4,6,10,16,22,25,27,31,36,44,45,48],"killed_by":"Time Eater","ascension_level":13}