{"gold_per_floor":[119,131,143,143,68,93,93,125,125,125,142,142,176,192,192,192],"floor_reached":16,"playtime":1928,"items_purged":["Defend_B"],"score":153,"play_id":"d4ce1fe7-7abf-41ad-ab8b-375d8cc6a1ea","local_time":"20190920155423","is_ascension_mode":true,"campfire_choices":[{"floor":7.0,"key":"REST"},{"data":"Conserve Battery","floor":12,"key":"SMITH"},{"floor":15,"key":"REST"}],"neow_cost":"TEN_PERCENT_HP_LOSS","seed_source_timestamp":0,"circlet_count":0,"master_deck":["Strike_B","Strike_B","Defend_B","Defend_B","Zap","Dualcast","Coolheaded","Creative AI","Barrage","Conserve Battery+1","Blizzard","Cold Snap","Coolheaded"],"special_seed":0,"relics":["Cracked Core","Shuriken","Calipers","Mango","Centennial Puzzle"],"potions_floor_usage":[10],"damage_taken":[{"damage":2.0,"enemies":"Cultist","floor":1.0,"turns":6.0},{"damage":2.0,"enemies":"Jaw Worm","floor":2.0,"turns":3.0},{"damage":10.0,"enemies":"Small Slimes","floor":3.0,"turns":4.0},{"damage":43.0,"enemies":"3 Sentries","floor":6.0,"turns":8.0},{"damage":4.0,"enemies":"Lagavulin","floor":8.0,"turns":8.0},{"damage":0,"enemies":"Gremlin Gang","floor":10,"turns":1},{"damage":6,"enemies":"Blue Slaver","floor":11,"turns":5},{"damage":21,"enemies":"3 Sentries","floor":13,"turns":9},{"damage":4,"enemies":"Lots of Slimes","floor":14,"turns":5},{"damage":34,"enemies":"Hexaghost","floor":16,"turns":12}],"seed_played":"7595707405489503585","potions_obtained":[{"floor":6.0,"key":"Fire Potion"},{"floor":8.0,"key":"SmokeBomb"}],"is_trial":false,"path_per_floor":["M","M","M","?","$","E","R","E","T","M","M","R","E","M","R","B"],"character_chosen":"DEFECT","items_purchased":[],"campfire_rested":2,"item_purchase_floors":[],"current_hp_per_floor":[66,64,54,47,47,4,24,20,34,34,28,28,7,3,27,0],"gold":192,"neow_bonus":"TRANSFORM_TWO_CARDS","is_prod":false,"is_daily":false,"chose_seed":false,"campfire_upgraded":1,"win_rate":0,"timestamp":1569009263,"path_taken":["M","M","M","?","?","E","R","E","T","?","M","R","E","?","R","BOSS"],"build_version":"2019-07-17","purchased_purges":1,"victory":false,"max_hp_per_floor":[68,68,68,68,68,68,68,68,82,82,82,82,82,82,82,82],"card_choices":[{"not_picked":["Redo","Recycle"],"picked":"Barrage","floor":1.0},{"not_picked":["Auto Shields","Sweeping Beam"],"picked":"Conserve Battery","floor":2.0},{"not_picked":["Chaos","Sunder","Conserve Battery"],"picked":"SKIP","floor":3.0},{"not_picked":["Fusion","Lockon","Redo"],"picked":"SKIP","floor":6.0},{"not_picked":["Rebound","Conserve Battery"],"picked":"Blizzard","floor":8.0},{"not_picked":["Skim","Sweeping Beam"],"picked":"Cold Snap","floor":11},{"not_picked":["Sweeping Beam","Meteor Strike"],"picked":"Coolheaded","floor":13},{"not_picked":["Redo","Barrage","Darkness"],"picked":"SKIP","floor":14}],"player_experience":274955,"relics_obtained":[{"floor":6.0,"key":"Shuriken"},{"floor":8.0,"key":"Calipers"},{"floor":9.0,"key":"Mango"},{"floor":13,"key":"Centennial Puzzle"}],"event_choices":[{"cards_removed":["Defend_B"],"damage_healed":0.0,"max_hp_gain":0.0,"max_hp_loss":0.0,"gold_gain":0.0,"event_name":"Golden Wing","player_choice":"Card Removal","floor":4.0,"gold_loss":0.0,"damage_taken":7.0}],"is_beta":false,"boss_relics":[],"items_purged_floors":[5],"is_endless":false,"potions_floor_spawned":[6,8,10],"killed_by":"Hexaghost","ascension_level":5}