{"gold_per_floor":[115,115,134,134,158,158,308,341,368,368,381,381,381,61,61,61],"floor_reached":16,"playtime":504,"items_purged":["Doubt"],"score":172,"play_id":"8a27ab76-d4eb-432e-8312-414d180fda94","local_time":"20190915185844","is_ascension_mode":true,"campfire_choices":[{"data":"Shockwave","floor":6,"key":"SMITH"},{"data":"Rampage","floor":10,"key":"SMITH"},{"data":"Pommel Strike","floor":12,"key":"SMITH"},{"floor":15,"key":"REST"}],"neow_cost":"NONE","seed_source_timestamp":293853598400,"circlet_count":0,"master_deck":["AscendersBane","Strike_R","Strike_R","Strike_R+1","Strike_R","Defend_R+1","Defend_R","Defend_R","Defend_R","Bash","Shockwave+1","Pommel Strike+1","Disarm","Rampage+1","Thinking Ahead"],"relics":["Burning Blood","NeowsBlessing","Golden Idol","Strawberry","Art of War"],"potions_floor_usage":[8,11],"damage_taken":[{"damage":0,"enemies":"Jaw Worm","floor":1,"turns":1},{"damage":0,"enemies":"Small Slimes","floor":3,"turns":1},{"damage":0,"enemies":"Cultist","floor":5,"turns":1},{"damage":51,"enemies":"3 Sentries","floor":8,"turns":12},{"damage":5,"enemies":"2 Fungi Beasts","floor":11,"turns":4},{"damage":40,"enemies":"Hexaghost","floor":16,"turns":12}],"seed_played":"2437613884922140279","potions_obtained":[{"floor":1,"key":"Ancient Potion"},{"floor":5,"key":"Regen Potion"},{"floor":11,"key":"SteroidPotion"}],"is_trial":false,"path_per_floor":["M","?","M","?","M","R","?","E","T","R","M","R","?","$","R","B"],"character_chosen":"IRONCLAD","items_purchased":["Thinking Ahead","Weak Potion"],"campfire_rested":1,"item_purchase_floors":[14,14],"current_hp_per_floor":[74,48,54,54,60,60,60,37,37,37,38,38,13,13,37,0],"gold":61,"neow_bonus":"THREE_ENEMY_KILL","is_prod":false,"is_daily":false,"chose_seed":false,"campfire_upgraded":3,"win_rate":0,"timestamp":1568545124,"path_taken":["M","?","M","?","?","R","?","E","T","R","M","R","?","$","R","BOSS"],"build_version":"2019-07-17","purchased_purges":1,"victory":false,"max_hp_per_floor":[75,75,75,75,75,75,75,82,82,82,82,82,82,82,82,82],"card_choices":[{"not_picked":["Armaments","Flex"],"picked":"Shockwave","floor":1},{"not_picked":["Wild Strike","Clash"],"picked":"Pommel Strike","floor":3},{"not_picked":["Searing Blow","Headbutt"],"picked":"Disarm","floor":5},{"not_picked":["Flex","Power Through"],"picked":"Rampage","floor":8},{"not_picked":["True Grit","Body Slam","Thunderclap"],"picked":"SKIP","floor":11}],"player_experience":623570,"relics_obtained":[{"floor":8,"key":"Strawberry"},{"floor":9,"key":"Art of War"}],"event_choices":[{"damage_healed":0,"gold_gain":0,"player_choice":"Take Damage","damage_taken":26,"relics_obtained":["Golden Idol"],"max_hp_gain":0,"max_hp_loss":0,"event_name":"Golden Idol","floor":2,"gold_loss":0},{"cards_removed":["Strike_R"],"damage_healed":0,"gold_gain":0,"player_choice":"Purged","damage_taken":0,"max_hp_gain":0,"max_hp_loss":0,"event_name":"Purifier","floor":4,"gold_loss":0},{"damage_healed":0,"gold_gain":150,"player_choice":"AGREE","damage_taken":0,"max_hp_gain":0,"max_hp_loss":0,"event_name":"Liars Game","floor":7,"gold_loss":0,"cards_obtained":["Doubt"]},{"damage_healed":0,"gold_gain":0,"player_choice":"Entered Light","damage_taken":25,"max_hp_gain":0,"max_hp_loss":0,"event_name":"Shining Light","floor":13,"gold_loss":0,"cards_upgraded":["Strike_R","Defend_R"]}],"is_beta":false,"boss_relics":[],"items_purged_floors":[14],"is_endless":false,"potions_floor_spawned":[1,5,11],"killed_by":"Hexaghost","ascension_level":15}