{"gold_per_floor":[117,131,148,163,173,198,198,231,231,247,247,258,258,271,271,366,366,380,290,24,34,54,54,83,83,133,152,165,176,10,21,21,120,170,187,197,197,210,261,261,276,276,327,339,364,391,426,452,464,476,488,500,34,68,68],"floor_reached":55,"playtime":3749,"items_purged":["Strike_G","Normality"],"score":789,"play_id":"ecf4fcca-558f-4fa5-b42d-714ee6131950","local_time":"20181220091015","is_ascension_mode":false,"campfire_choices":[{"floor":15.0,"key":"REST"},{"data":"Envenom","floor":23.0,"key":"SMITH"},{"data":"Cloak And Dagger","floor":25.0,"key":"SMITH"},{"data":"Catalyst","floor":32.0,"key":"SMITH"},{"floor":40.0,"key":"RECALL"},{"floor":42.0,"key":"REST"},{"data":"Catalyst","floor":44.0,"key":"SMITH"},{"data":"Prepared","floor":49.0,"key":"SMITH"},{"data":"Dagger Spray","floor":52.0,"key":"SMITH"}],"neow_cost":"NONE","seed_source_timestamp":535188088146018,"circlet_count":0,"master_deck":["Defend_G","Defend_G","Defend_G","Defend_G","Defend_G","Strike_G","Strike_G","Strike_G","Survivor","Neutralize+1","Flying Knee","Dash","Cloak And Dagger+1","Dagger Throw","Well Laid Plans","Dagger Spray+1","Envenom+1","Poisoned Stab","Crippling Poison","Poisoned Stab","Corpse Explosion+1","Slice+1","Dash+1","Backflip","Choke+1","Parasite","Catalyst+1","Deadly Poison","Catalyst+1","Malaise+1","Prepared+1","PiercingWail","Bane+1","Backflip+1","Bouncing Flask+1","Quick Slash+1","Clumsy","Deadly Poison+1","Deadly Poison","Noxious Fumes","Bullet Time","Deadly Poison+1"],"special_seed":0,"relics":["Ring of the Snake","Lantern","Bag of Preparation","The Courier","Mercury Hourglass","Blood Vial","Cursed Key","Pear","Dream Catcher","TwistedFunnel","Tiny House","Ice Cream","MawBank","Vajra","ClockworkSouvenir","Dodecahedron"],"potions_floor_usage":[55,55,55],"damage_taken":[{"damage":0.0,"enemies":"2 Louse","floor":1.0,"turns":2.0},{"damage":1.0,"enemies":"Jaw Worm","floor":2.0,"turns":4.0},{"damage":1.0,"enemies":"Cultist","floor":3.0,"turns":4.0},{"damage":4.0,"enemies":"Gremlin Gang","floor":4.0,"turns":5.0},{"damage":3.0,"enemies":"Exordium Thugs","floor":5.0,"turns":5.0},{"damage":26.0,"enemies":"Lagavulin","floor":6.0,"turns":8.0},{"damage":23.0,"enemies":"Gremlin Nob","floor":8.0,"turns":5.0},{"damage":0.0,"enemies":"Blue Slaver","floor":10.0,"turns":3.0},{"damage":0.0,"enemies":"Lots of Slimes","floor":12.0,"turns":1.0},{"damage":9.0,"enemies":"Large Slime","floor":14.0,"turns":4.0},{"damage":17.0,"enemies":"The Guardian","floor":16.0,"turns":9.0},{"damage":0.0,"enemies":"Chosen","floor":18.0,"turns":4.0},{"damage":0.0,"enemies":"3 Byrds","floor":21.0,"turns":2.0},{"damage":1.0,"enemies":"Cultist and Chosen","floor":22.0,"turns":5.0},{"damage":8.0,"enemies":"Book of Stabbing","floor":24.0,"turns":5.0},{"damage":19.0,"enemies":"Shelled Parasite and Fungi","floor":27.0,"turns":4.0},{"damage":0.0,"enemies":"3 Cultists","floor":28.0,"turns":4.0},{"damage":0.0,"enemies":"Cultist and Chosen","floor":29.0,"turns":4.0},{"damage":0.0,"enemies":"Chosen and Byrds","floor":31.0,"turns":3.0},{"damage":36.0,"enemies":"Collector","floor":33.0,"turns":6.0},{"damage":0.0,"enemies":"3 Darklings","floor":35.0,"turns":1.0},{"damage":0.0,"enemies":"3 Shapes","floor":36.0,"turns":3.0},{"damage":1.0,"enemies":"Sphere and 2 Shapes","floor":38.0,"turns":2.0},{"damage":24.0,"enemies":"2 Orb Walkers","floor":39.0,"turns":3.0},{"damage":19.0,"enemies":"Spire Growth","floor":41.0,"turns":4.0},{"damage":13.0,"enemies":"4 Shapes","floor":45.0,"turns":3.0},{"damage":0.0,"enemies":"Transient","floor":46.0,"turns":5.0},{"damage":0.0,"enemies":"Sphere and 2 Shapes","floor":48.0,"turns":2.0},{"damage":53.0,"enemies":"Donu and Deca","floor":50.0,"turns":6.0},{"damage":42.0,"enemies":"Shield and Spear","floor":54.0,"turns":4.0},{"damage":47,"enemies":"The Heart","floor":55,"turns":5}],"seed_played":"2569526252231674907","potions_obtained":[{"floor":1.0,"key":"Dexterity Potion"},{"floor":4.0,"key":"Explosive Potion"},{"floor":8.0,"key":"Strength Potion"},{"floor":12.0,"key":"PowerPotion"},{"floor":14.0,"key":"Block Potion"},{"floor":16.0,"key":"LiquidBronze"},{"floor":21.0,"key":"Weak Potion"},{"floor":22.0,"key":"PowerPotion"},{"floor":27.0,"key":"Weak Potion"},{"floor":28.0,"key":"LiquidBronze"}],"is_trial":false,"path_per_floor":["M","M","M","M","M","E","?","E","T","M","?","M","T","M","R","B",null,"M","?","$","M","M","R","E","R","T","M","M","M","$","M","R","B",null,"M","M","?","M","?","R","M","R","T","R","M","M","T","M","R","B",null,"R","$","E","B"],"character_chosen":"THE_SILENT","items_purchased":["Pear","TwistedFunnel","Noxious Fumes","GhostInAJar","Bullet Time","GamblersBrew","ClockworkSouvenir"],"campfire_rested":2,"item_purchase_floors":[20,30,53,53,53,53,53],"current_hp_per_floor":[70,69,68,64,61,35,35,12,12,12,9,9,9,2,23,8,70,70,70,80,80,79,79,72,72,72,55,57,59,59,61,61,27,85,85,85,85,84,61,61,44,69,69,69,58,60,60,62,62,11,85,85,85,43,0],"gold":68,"neow_bonus":"RANDOM_COMMON_RELIC","is_prod":false,"is_daily":false,"chose_seed":false,"campfire_upgraded":6,"win_rate":0,"timestamp":1545325815,"path_taken":["M","M","M","M","M","E","?","E","T","M","?","M","?","M","R","BOSS","M","?","$","M","?","R","E","R","T","M","M","M","$","M","R","BOSS","M","M","?","M","?","R","M","R","T","R","M","M","?","M","R","BOSS","R","$","E","BOSS"],"build_version":"2018-12-13","purchased_purges":2,"victory":false,"max_hp_per_floor":[70,70,70,70,70,70,70,70,70,70,70,70,70,70,70,70,70,70,70,80,80,80,80,80,80,80,80,80,80,80,80,80,80,85,85,85,85,85,85,85,85,85,85,85,85,85,85,85,85,85,85,85,85,85,85],"card_choices":[{"not_picked":["Expertise","Outmaneuver"],"picked":"Flying Knee","floor":1.0},{"not_picked":["Prepared","Dodge and Roll"],"picked":"Dash","floor":2.0},{"not_picked":["Prepared","Backflip"],"picked":"Cloak And Dagger","floor":3.0},{"not_picked":["Bane","Concentrate"],"picked":"Dagger Throw","floor":4.0},{"not_picked":["Dash","All Out Attack"],"picked":"Well Laid Plans","floor":5.0},{"not_picked":["Dagger Throw","Bane"],"picked":"Dagger Spray","floor":6.0},{"not_picked":["Deflect","Eviscerate"],"picked":"Envenom","floor":8.0},{"not_picked":["Expertise","Eviscerate"],"picked":"Poisoned Stab","floor":10.0},{"not_picked":["Slice","Blade Dance"],"picked":"Crippling Poison","floor":12.0},{"not_picked":["Dagger Spray","Dodge and Roll"],"picked":"Poisoned Stab","floor":14.0},{"not_picked":["Envenom","Phantasmal Killer"],"picked":"Corpse Explosion","floor":16.0},{"not_picked":["Bouncing Flask","Deflect"],"picked":"Slice+1","floor":18.0},{"not_picked":["Blur","Leg Sweep"],"picked":"Dash+1","floor":21.0},{"not_picked":["Underhanded Strike","Flying Knee"],"picked":"Backflip","floor":22.0},{"not_picked":["Predator+1","Backstab"],"picked":"Choke+1","floor":24.0},{"not_picked":["Cloak And Dagger","Acrobatics"],"picked":"Catalyst","floor":27.0},{"not_picked":["Outmaneuver","Underhanded Strike"],"picked":"Deadly Poison","floor":28.0},{"not_picked":["Dagger Throw","Escape Plan"],"picked":"Catalyst","floor":29.0},{"not_picked":["Deflect","Flechettes"],"picked":"Dagger Throw+1","floor":31.0},{"not_picked":["Night Terror","Die Die Die"],"picked":"Malaise","floor":33.0},{"not_picked":["Dagger Throw","PiercingWail"],"picked":"Prepared","floor":34.0},{"not_picked":["Finisher+1","Leg Sweep","Skewer+1"],"picked":"SKIP","floor":35.0},{"not_picked":["Sucker Punch","Deflect+1"],"picked":"PiercingWail","floor":36.0},{"not_picked":["Blade Dance","Footwork"],"picked":"Bane+1","floor":38.0},{"not_picked":["Blade Dance","Calculated Gamble"],"picked":"Backflip+1","floor":39.0},{"not_picked":["Backflip+1","Eviscerate"],"picked":"Bouncing Flask+1","floor":41.0},{"not_picked":["Choke+1","Dodge and Roll"],"picked":"Quick Slash+1","floor":42.0},{"not_picked":["Crippling Poison","Skewer"],"picked":"Deadly Poison+1","floor":45.0},{"not_picked":["Endless Agony+1","Grand Finale"],"picked":"Deadly Poison","floor":46.0},{"not_picked":["Expertise","Dagger Spray","Leg Sweep+1"],"picked":"SKIP","floor":48.0},{"not_picked":["Poisoned Stab+1","Acrobatics+1"],"picked":"Deadly Poison+1","floor":54.0}],"player_experience":770707,"relics_obtained":[{"floor":6.0,"key":"Bag of Preparation"},{"floor":8.0,"key":"The Courier"},{"floor":9.0,"key":"Mercury Hourglass"},{"floor":13.0,"key":"Blood Vial"},{"floor":24.0,"key":"Dream Catcher"},{"floor":39.0,"key":"Ice Cream"},{"floor":43.0,"key":"MawBank"},{"floor":47.0,"key":"Vajra"},{"floor":54.0,"key":"Dodecahedron"}],"event_choices":[{"damage_healed":0.0,"max_hp_gain":0.0,"max_hp_loss":0.0,"gold_gain":0.0,"event_name":"Living Wall","player_choice":"Grow","floor":7.0,"gold_loss":0.0,"damage_taken":0.0,"cards_upgraded":["Neutralize"]},{"damage_healed":0.0,"max_hp_gain":0.0,"max_hp_loss":0.0,"gold_gain":0.0,"event_name":"Scrap Ooze","player_choice":"Fled","floor":11.0,"gold_loss":0.0,"damage_taken":3.0},{"cards_removed":["Strike_G"],"damage_healed":0.0,"max_hp_gain":0.0,"max_hp_loss":0.0,"gold_gain":0.0,"event_name":"Designer","player_choice":"Upgrade and Remove","floor":19.0,"gold_loss":90.0,"damage_taken":0.0,"cards_upgraded":["Corpse Explosion"]},{"cards_removed":["Dagger Throw"],"damage_healed":0.0,"max_hp_gain":0.0,"max_hp_loss":0.0,"gold_gain":0.0,"event_name":"Falling","player_choice":"Removed Attack","floor":37.0,"gold_loss":0.0,"damage_taken":0.0},{"damage_healed":0.0,"max_hp_gain":0.0,"max_hp_loss":0.0,"gold_gain":0.0,"event_name":"Mysterious Sphere","player_choice":"Fight","floor":39.0,"gold_loss":0.0,"damage_taken":0.0}],"is_beta":false,"boss_relics":[{"not_picked":["HoveringKite","Coffee Dripper"],"picked":"Cursed Key"},{"not_picked":["Philosopher\u0027s Stone","Velvet Choker"],"picked":"Tiny House"}],"items_purged_floors":[20,53],"is_endless":false,"potions_floor_spawned":[1,4,8,12,14,16,21,22,27,28,33,36,39,41],"killed_by":"The Heart","ascension_level":0}