{"gold_per_floor":[119,135,150,168,118,152,152,168,168,194,206,223,223,0,0,104,154,168,168,185,185,198,198,224,224,224,70,81,27,27,43,43,141,141,158,58,0,17,33,33,46,46,100,100,115,115,115,125,125,125],"floor_reached":50,"playtime":2961,"items_purged":["Decay","Strike_G"],"score":601,"play_id":"c95c591c-5639-4a62-9b7d-7ecb94a19ae9","local_time":"20181220074424","is_ascension_mode":false,"campfire_choices":[{"floor":7.0,"key":"RECALL"},{"data":"Neutralize","floor":15.0,"key":"SMITH"},{"data":"Terror","floor":23.0,"key":"SMITH"},{"data":"A Thousand Cuts","floor":25.0,"key":"SMITH"},{"data":"Cloak And Dagger","floor":32.0,"key":"SMITH"},{"data":"Caltrops","floor":40.0,"key":"SMITH"},{"data":"Cloak And Dagger","floor":46.0,"key":"SMITH"},{"data":"After Image","floor":49,"key":"SMITH"}],"neow_cost":"NONE","seed_source_timestamp":0,"circlet_count":0,"master_deck":["Defend_G","Defend_G","Defend_G","Defend_G+1","Defend_G","Strike_G+1","Strike_G","Strike_G","Survivor","Neutralize+1","Dagger Spray","Cloak And Dagger+1","Poisoned Stab","Sucker Punch","Caltrops+1","Backflip","Noxious Fumes+1","Cloak And Dagger+1","Dash","A Thousand Cuts+1","Backflip","Terror+1","Ghostly","Ghostly","Ghostly","Ghostly","Ghostly","Bane+1","Prepared+1","Backstab","Deadly Poison","PiercingWail","Prepared","Backstab+1","Catalyst+1","After Image+1"],"special_seed":0,"relics":["Coffee Dripper","Paper Crane","FossilizedHelix","StoneCalendar","Vajra","Tiny House","Thread and Needle","Sozu","Red Mask","Bag of Marbles","Bottled Flame"],"potions_floor_usage":[],"damage_taken":[{"damage":0.0,"enemies":"Jaw Worm","floor":1.0,"turns":5.0},{"damage":0.0,"enemies":"2 Louse","floor":2.0,"turns":3.0},{"damage":0.0,"enemies":"Small Slimes","floor":3.0,"turns":4.0},{"damage":2.0,"enemies":"Gremlin Gang","floor":4.0,"turns":5.0},{"damage":26.0,"enemies":"Gremlin Nob","floor":6.0,"turns":4.0},{"damage":0.0,"enemies":"2 Fungi Beasts","floor":8.0,"turns":3.0},{"damage":1.0,"enemies":"3 Sentries","floor":10.0,"turns":7.0},{"damage":0.0,"enemies":"Lots of Slimes","floor":11.0,"turns":4.0},{"damage":0.0,"enemies":"Large Slime","floor":12.0,"turns":5.0},{"damage":0.0,"enemies":"The Guardian","floor":16.0,"turns":8.0},{"damage":0.0,"enemies":"3 Byrds","floor":18.0,"turns":4.0},{"damage":0.0,"enemies":"Spheric Guardian","floor":20.0,"turns":6.0},{"damage":0.0,"enemies":"Snecko","floor":22.0,"turns":7.0},{"damage":0.0,"enemies":"Book of Stabbing","floor":24.0,"turns":6.0},{"damage":0.0,"enemies":"Centurion and Healer","floor":28.0,"turns":5.0},{"damage":10.0,"enemies":"Sentry and Sphere","floor":31.0,"turns":6.0},{"damage":6.0,"enemies":"Collector","floor":33.0,"turns":10.0},{"damage":0.0,"enemies":"Orb Walker","floor":35.0,"turns":4.0},{"damage":8.0,"enemies":"3 Darklings","floor":38.0,"turns":5.0},{"damage":0.0,"enemies":"Spire Growth","floor":39.0,"turns":5.0},{"damage":0.0,"enemies":"Sphere and 2 Shapes","floor":41.0,"turns":6.0},{"damage":0.0,"enemies":"Transient","floor":45.0,"turns":5.0},{"damage":0,"enemies":"Writhing Mass","floor":48,"turns":5},{"damage":44,"enemies":"Awakened One","floor":50,"turns":10}],"seed_played":"-1942436882316169064","potions_obtained":[{"floor":1.0,"key":"AttackPotion"},{"floor":10.0,"key":"Poison Potion"},{"floor":11.0,"key":"Explosive Potion"},{"floor":17.0,"key":"Energy Potion"},{"floor":20.0,"key":"Explosive Potion"},{"floor":22.0,"key":"Fire Potion"},{"floor":24.0,"key":"FearPotion"}],"is_trial":false,"path_per_floor":["M","M","M","M","?","E","R","M","T","E","M","M","?","$","R","B",null,"M","?","M","?","M","R","E","R","T","$","M","$","?","M","R","B",null,"M","$","?","M","M","R","M","?","T","T","M","R","$","M","R","B"],"character_chosen":"THE_SILENT","items_purchased":["Vajra","Dash","Backstab","Deadly Poison"],"campfire_rested":0,"item_purchase_floors":[14,14,27,29],"current_hp_per_floor":[70,70,70,68,68,42,42,42,42,41,41,41,27,27,27,27,75,75,37,37,37,37,37,37,37,37,37,37,37,37,27,27,21,37,37,37,37,29,29,29,29,29,29,29,29,29,29,29,29,0],"gold":125,"neow_bonus":"BOSS_RELIC","is_prod":false,"is_daily":false,"chose_seed":false,"campfire_upgraded":7,"win_rate":0,"timestamp":1545320664,"path_taken":["M","M","M","M","?","E","R","M","T","E","M","M","?","?","R","BOSS","M","?","M","?","?","R","E","R","T","$","M","$","?","M","R","BOSS","M","?","?","M","M","R","M","?","T","?","M","R","?","M","R","BOSS"],"build_version":"2018-12-13","purchased_purges":2,"victory":false,"max_hp_per_floor":[70,70,70,70,70,70,70,70,70,70,70,70,70,70,70,70,75,75,37,37,37,37,37,37,37,37,37,37,37,37,37,37,37,37,37,37,37,37,37,37,37,37,37,37,37,37,37,37,37,37],"card_choices":[{"not_picked":["Accuracy","PiercingWail"],"picked":"Dagger Spray","floor":1.0},{"not_picked":["Blur","Blade Dance"],"picked":"Cloak And Dagger","floor":2.0},{"not_picked":["Prepared","Quick Slash"],"picked":"Poisoned Stab","floor":3.0},{"not_picked":["Prepared","Bullet Time"],"picked":"Sucker Punch","floor":4.0},{"not_picked":["Cloak And Dagger","Reflex"],"picked":"Caltrops","floor":6.0},{"not_picked":["PiercingWail","Masterful Stab"],"picked":"Backflip","floor":8.0},{"not_picked":["Setup","Eviscerate","Phantasmal Killer"],"picked":"SKIP","floor":10.0},{"not_picked":["Prepared","Crippling Poison"],"picked":"Noxious Fumes","floor":11.0},{"not_picked":["Finisher","Sucker Punch"],"picked":"Cloak And Dagger","floor":12.0},{"not_picked":["Glass Knife","Venomology"],"picked":"A Thousand Cuts","floor":16.0},{"not_picked":["Infinite Blades","Flying Knee"],"picked":"Backflip","floor":17.0},{"not_picked":["PiercingWail","Infinite Blades"],"picked":"Terror","floor":18.0},{"not_picked":["Backflip","Dodge and Roll"],"picked":"Bane+1","floor":20.0},{"not_picked":["Dagger Throw","Bane","Bouncing Flask+1"],"picked":"SKIP","floor":22.0},{"not_picked":["Dagger Spray","Unload"],"picked":"Prepared+1","floor":24.0},{"not_picked":["Sucker Punch","Dodge and Roll","Bane"],"picked":"SKIP","floor":28.0},{"not_picked":["Bane","Cloak And Dagger"],"picked":"Prepared","floor":31.0},{"not_picked":["Night Terror","Glass Knife"],"picked":"Burst","floor":33.0},{"not_picked":["Calculated Gamble+1","Slice+1","Tactician+1"],"picked":"SKIP","floor":35.0},{"not_picked":["Dagger Spray+1","Underhanded Strike"],"picked":"Backstab+1","floor":38.0},{"not_picked":["Infinite Blades","Cloak And Dagger","Endless Agony+1"],"picked":"SKIP","floor":39.0},{"not_picked":["Tactician","PiercingWail","Choke+1"],"picked":"SKIP","floor":41.0},{"not_picked":["Bane","PiercingWail+1"],"picked":"Catalyst+1","floor":45.0},{"not_picked":["Deadly Poison","Backstab+1"],"picked":"After Image","floor":48}],"player_experience":767746,"relics_obtained":[{"floor":6.0,"key":"Paper Crane"},{"floor":9.0,"key":"FossilizedHelix"},{"floor":10.0,"key":"StoneCalendar"},{"floor":24.0,"key":"Thread and Needle"},{"floor":43.0,"key":"Bag of Marbles"},{"floor":44.0,"key":"Bottled Flame"}],"event_choices":[{"cards_removed":["Strike_G"],"damage_healed":0.0,"max_hp_gain":0.0,"max_hp_loss":0.0,"gold_gain":0.0,"event_name":"The Cleric","player_choice":"Card Removal","floor":5.0,"gold_loss":50.0,"damage_taken":0.0},{"damage_healed":0.0,"max_hp_gain":0.0,"max_hp_loss":0.0,"gold_gain":0.0,"event_name":"Shining Light","player_choice":"Entered Light","floor":13.0,"gold_loss":0.0,"damage_taken":14.0,"cards_upgraded":["Defend_G","Noxious Fumes"]},{"damage_healed":0.0,"max_hp_gain":0.0,"max_hp_loss":38.0,"gold_gain":0.0,"event_name":"Ghosts","player_choice":"Became a Ghost","floor":19.0,"gold_loss":0.0,"damage_taken":0.0,"cards_obtained":["Ghostly","Ghostly","Ghostly","Ghostly","Ghostly"]},{"damage_healed":0.0,"max_hp_gain":0.0,"max_hp_loss":0.0,"gold_gain":0.0,"event_name":"Wheel of Change","player_choice":"Cursed","floor":21.0,"gold_loss":0.0,"damage_taken":0.0,"cards_obtained":["Decay"]},{"damage_healed":0.0,"max_hp_gain":0.0,"max_hp_loss":0.0,"gold_gain":0.0,"event_name":"Match and Keep!","player_choice":"1 cards matched","floor":30.0,"gold_loss":0.0,"damage_taken":0.0,"cards_obtained":["PiercingWail"]},{"damage_healed":0.0,"max_hp_gain":0.0,"max_hp_loss":0.0,"gold_gain":0.0,"event_name":"Tomb of Lord Red Mask","player_choice":"Paid","floor":37.0,"gold_loss":58.0,"damage_taken":0.0,"relics_obtained":["Red Mask"]},{"cards_removed":["Burst"],"damage_healed":0.0,"max_hp_gain":0.0,"max_hp_loss":0.0,"gold_gain":0.0,"event_name":"Falling","player_choice":"Removed Skill","floor":42.0,"gold_loss":0.0,"damage_taken":0.0}],"is_beta":false,"boss_relics":[{"not_picked":["Ectoplasm","Fusion Hammer"],"picked":"Tiny House"},{"not_picked":["Snecko Eye","HoveringKite"],"picked":"Sozu"}],"items_purged_floors":[27,36],"is_endless":false,"potions_floor_spawned":[1,10,11,20,22,24,48],"killed_by":"Awakened One","ascension_level":0}