{"gold_per_floor":[115,3,3,19,33,33,53,65,92,123,137,137,193,205,205,205],"floor_reached":16,"playtime":701,"items_purged":[],"score":104,"play_id":"1ba2b3eb-69ab-4f12-9911-cac2767c3125","local_time":"20190405234822","is_ascension_mode":false,"campfire_choices":[{"data":"Noxious Fumes","floor":6,"key":"SMITH"},{"data":"Tools of the Trade","floor":12,"key":"SMITH"},{"data":"Caltrops","floor":15,"key":"SMITH"}],"neow_cost":"NONE","seed_source_timestamp":0,"circlet_count":0,"master_deck":["Survivor+1","Neutralize","Caltrops+1","Tools of the Trade+1","Predator","Reflex","Storm of Steel","Calculated Gamble","Crippling Poison","Phantasmal Killer","All Out Attack","Reflex","Dash","Noxious Fumes+1","Escape Plan+1","Bane","Underhanded Strike","Poisoned Stab","Blade Dance","Terror","Backflip"],"special_seed":0,"relics":["Pandora\u0027s Box","CultistMask","Strawberry","War Paint","Bronze Scales"],"potions_floor_usage":[13],"damage_taken":[{"damage":7,"enemies":"Small Slimes","floor":1,"turns":3},{"damage":4,"enemies":"Cultist","floor":4,"turns":4},{"damage":0,"enemies":"2 Louse","floor":5,"turns":2},{"damage":4,"enemies":"Blue Slaver","floor":7,"turns":3},{"damage":0,"enemies":"Exordium Wildlife","floor":8,"turns":3},{"damage":21,"enemies":"3 Sentries","floor":10,"turns":4},{"damage":7,"enemies":"Looter","floor":11,"turns":3},{"damage":12,"enemies":"3 Sentries","floor":13,"turns":4},{"damage":0,"enemies":"2 Fungi Beasts","floor":14,"turns":2},{"damage":0,"enemies":"Slime Boss","floor":16,"turns":3}],"seed_played":"-8124397130669795720","potions_obtained":[{"floor":1,"key":"LiquidBronze"},{"floor":4,"key":"Strength Potion"},{"floor":7,"key":"Explosive Potion"}],"is_trial":false,"path_per_floor":["M","$","?","M","M","R","M","M","T","E","M","R","?","M","R","B"],"character_chosen":"THE_SILENT","items_purchased":["Noxious Fumes","Escape Plan"],"campfire_rested":0,"item_purchase_floors":[2,2],"current_hp_per_floor":[63,63,63,59,59,59,55,55,62,41,34,34,22,22,22,22],"gold":205,"neow_bonus":"BOSS_RELIC","is_prod":false,"is_daily":false,"chose_seed":false,"campfire_upgraded":3,"win_rate":0,"timestamp":1554533302,"path_taken":["M","$","?","M","M","R","M","?","T","E","M","R","?","M","R","BOSS"],"build_version":"2019-01-23","purchased_purges":0,"victory":false,"max_hp_per_floor":[70,70,70,70,70,70,70,70,77,77,77,77,77,77,77,77],"card_choices":[{"not_picked":["Quick Slash","Prepared"],"picked":"Dash","floor":1},{"not_picked":["Deadly Poison","Finisher"],"picked":"Bane","floor":4},{"not_picked":["Grand Finale","Prepared"],"picked":"Underhanded Strike","floor":5},{"not_picked":["Deadly Poison","Underhanded Strike","Prepared"],"picked":"SKIP","floor":7},{"not_picked":["Flying Knee","Deadly Poison"],"picked":"Poisoned Stab","floor":8},{"not_picked":["Doppelganger","Sucker Punch"],"picked":"Blade Dance","floor":10},{"not_picked":["Outmaneuver","Finisher","Setup"],"picked":"SKIP","floor":11},{"not_picked":["Riddle With Holes","Deadly Poison"],"picked":"Terror","floor":13},{"not_picked":["Blade Dance","Quick Slash"],"picked":"Backflip","floor":14}],"player_experience":952731,"relics_obtained":[{"floor":9,"key":"Strawberry"},{"floor":10,"key":"War Paint"},{"floor":13,"key":"Bronze Scales"}],"event_choices":[{"damage_healed":0,"gold_gain":0,"player_choice":"Trade","damage_taken":0,"relics_obtained":["CultistMask"],"max_hp_gain":0,"max_hp_loss":0,"event_name":"FaceTrader","floor":3,"gold_loss":0},{"damage_healed":0,"gold_gain":30,"player_choice":"Searched \u00272\u0027 times","damage_taken":0,"max_hp_gain":0,"max_hp_loss":0,"event_name":"Dead Adventurer","floor":13,"gold_loss":0}],"is_beta":false,"boss_relics":[],"items_purged_floors":[],"is_endless":false,"potions_floor_spawned":[1,4,7,8],"killed_by":"Slime Boss","ascension_level":0}