{"gold_per_floor":[115,190,203,203,103,143,143,198,198,217,241,241,272,17,17,111,111,127,127,143,193,213,213,227,263,263,278,278,278,301,102,102,195,195,220,220,68,84,84],"floor_reached":39,"playtime":1981,"items_purged":["Strike_G","Pain"],"score":846,"play_id":"54eeff99-d10a-4b48-a301-979aef6d2bb9","local_time":"20190409234751","is_ascension_mode":true,"campfire_choices":[{"data":"Neutralize","floor":7.0,"key":"SMITH"},{"floor":12.0,"key":"REST"},{"data":"After Image","floor":15.0,"key":"SMITH"},{"floor":23.0,"key":"REST"},{"floor":29,"key":"REST"},{"floor":32,"key":"REST"}],"neow_cost":"NONE","seed_source_timestamp":56115860988946,"circlet_count":0,"master_deck":["AscendersBane","Defend_G","Defend_G","Defend_G","Defend_G","Defend_G","Strike_G","Strike_G","Strike_G","Strike_G","Survivor","Neutralize+1","Quick Slash+1","Caltrops","Underhanded Strike","Outmaneuver","Predator+1","Infinite Blades","After Image+1","Die Die Die","Blur","Poisoned Stab+1","Escape Plan","Well Laid Plans","Finisher+1","Regret","Injury","Flying Knee+1"],"special_seed":0,"relics":["Busted Crown","Golden Idol","Ice Cream","Oddly Smooth Stone","PreservedInsect","Whetstone","Black Star","Nilry\u0027s Codex","Molten Egg 2","Gambling Chip","The Specimen","Darkstone Periapt","Calling Bell","Bag of Marbles","Dodecahedron","Turnip"],"potions_floor_usage":[33,35,39],"damage_taken":[{"damage":1.0,"enemies":"Small Slimes","floor":1.0,"turns":4.0},{"damage":0.0,"enemies":"2 Louse","floor":3.0,"turns":3.0},{"damage":15.0,"enemies":"3 Sentries","floor":6.0,"turns":9.0},{"damage":5.0,"enemies":"Jaw Worm","floor":10.0,"turns":4.0},{"damage":0.0,"enemies":"Blue Slaver","floor":11.0,"turns":3.0},{"damage":0.0,"enemies":"Gremlin Nob","floor":13.0,"turns":3.0},{"damage":19.0,"enemies":"The Guardian","floor":16.0,"turns":12.0},{"damage":12.0,"enemies":"Spheric Guardian","floor":18.0,"turns":6.0},{"damage":6.0,"enemies":"Chosen","floor":20.0,"turns":4.0},{"damage":0.0,"enemies":"Centurion and Healer","floor":22.0,"turns":6.0},{"damage":3.0,"enemies":"Snecko","floor":24.0,"turns":10.0},{"damage":22.0,"enemies":"Book of Stabbing","floor":25.0,"turns":5.0},{"damage":9,"enemies":"Snake Plant","floor":27,"turns":4},{"damage":14,"enemies":"3 Cultists","floor":30,"turns":5},{"damage":25,"enemies":"Automaton","floor":33,"turns":12},{"damage":27,"enemies":"Orb Walker","floor":35,"turns":4},{"damage":48,"enemies":"3 Darklings","floor":38,"turns":8},{"damage":26,"enemies":"Transient","floor":39,"turns":4}],"seed_played":"-7019949252358323320","potions_obtained":[{"floor":1.0,"key":"AttackPotion"},{"floor":10.0,"key":"GamblersBrew"},{"floor":13.0,"key":"Regen Potion"},{"floor":18.0,"key":"SkillPotion"},{"floor":22.0,"key":"Weak Potion"},{"floor":30,"key":"SkillPotion"},{"floor":33,"key":"SkillPotion"},{"floor":38,"key":"Fire Potion"}],"is_trial":false,"path_per_floor":["M","?","M","?","$","E","R","T","T","M","M","R","E","$","R","B",null,"M","?","M","?","M","R","M","E","T","M","T","R","M","$","R","B",null,"M","?","$","M","M"],"character_chosen":"THE_SILENT","items_purchased":["Caltrops","Underhanded Strike","After Image","Escape Plan","Well Laid Plans","Finisher+1","Flying Knee+1"],"campfire_rested":4,"item_purchase_floors":[5,5,14,31,31,31,37],"current_hp_per_floor":[58,47,47,47,47,32,32,32,32,27,27,45,45,45,45,26,52,40,19,25,25,25,43,40,18,18,9,9,27,13,13,31,6,65,38,64,64,16,0],"gold":84,"neow_bonus":"BOSS_RELIC","is_prod":false,"is_daily":false,"chose_seed":false,"campfire_upgraded":2,"win_rate":0,"timestamp":1554878871,"path_taken":["M","?","M","?","?","E","R","?","T","M","M","R","E","$","R","BOSS","M","?","M","?","M","R","M","E","T","M","?","R","?","$","R","BOSS","M","?","$","M","M"],"build_version":"2019-01-23","purchased_purges":2,"victory":false,"max_hp_per_floor":[66,66,66,60,60,60,60,60,60,60,60,60,60,60,60,60,60,60,60,60,60,60,60,60,60,60,60,60,60,60,60,60,60,78,78,64,64,64,64],"card_choices":[{"not_picked":["Tactician"],"picked":"SKIP","floor":1.0},{"not_picked":["Tactician"],"picked":"SKIP","floor":1.0},{"not_picked":[],"picked":"Quick Slash","floor":3.0},{"not_picked":[],"picked":"Outmaneuver","floor":6.0},{"not_picked":[],"picked":"Predator","floor":10.0},{"not_picked":["Accuracy"],"picked":"SKIP","floor":11.0},{"not_picked":[],"picked":"Infinite Blades","floor":13.0},{"not_picked":[],"picked":"Die Die Die","floor":16.0},{"not_picked":["Underhanded Strike+1"],"picked":"SKIP","floor":18.0},{"not_picked":[],"picked":"Blur","floor":20.0},{"not_picked":["Calculated Gamble"],"picked":"SKIP","floor":22.0},{"not_picked":["Cloak And Dagger"],"picked":"SKIP","floor":24.0},{"not_picked":["Blade Dance"],"picked":"SKIP","floor":25.0},{"not_picked":["Acrobatics"],"picked":"SKIP","floor":27},{"not_picked":[],"picked":"Poisoned Stab+1","floor":30},{"not_picked":["Reflex+1"],"picked":"SKIP","floor":35},{"not_picked":["Finisher+1"],"picked":"SKIP","floor":38}],"player_experience":1000572,"relics_obtained":[{"floor":6.0,"key":"Ice Cream"},{"floor":8.0,"key":"Oddly Smooth Stone"},{"floor":9.0,"key":"PreservedInsect"},{"floor":13.0,"key":"Whetstone"},{"floor":19.0,"key":"Nilry\u0027s Codex"},{"floor":25.0,"key":"Molten Egg 2"},{"floor":25.0,"key":"Gambling Chip"},{"floor":26.0,"key":"The Specimen"},{"floor":28,"key":"Darkstone Periapt"},{"floor":34,"key":"Bag of Marbles"},{"floor":34,"key":"Dodecahedron"},{"floor":34,"key":"Turnip"}],"event_choices":[{"damage_healed":0.0,"max_hp_gain":0.0,"max_hp_loss":0.0,"gold_gain":75.0,"event_name":"World of Goop","player_choice":"Gather Gold","floor":2.0,"gold_loss":0.0,"damage_taken":11.0},{"damage_healed":0.0,"max_hp_gain":0.0,"max_hp_loss":6.0,"gold_gain":0.0,"event_name":"Golden Idol","player_choice":"Lose Max HP","floor":4.0,"gold_loss":0.0,"damage_taken":0.0,"relics_obtained":["Golden Idol"]},{"damage_healed":0.0,"max_hp_gain":0.0,"max_hp_loss":0.0,"gold_gain":0.0,"event_name":"Cursed Tome","player_choice":"Obtained Book","floor":19.0,"gold_loss":0.0,"damage_taken":21.0},{"damage_healed":0.0,"max_hp_gain":0.0,"max_hp_loss":0.0,"gold_gain":50.0,"event_name":"Nest","player_choice":"Stole From Cult","floor":21.0,"gold_loss":0.0,"damage_taken":0.0},{"damage_healed":64,"gold_gain":0,"player_choice":"Heal","damage_taken":0,"max_hp_gain":0,"max_hp_loss":14,"event_name":"The Moai Head","floor":36,"gold_loss":0}],"is_beta":false,"boss_relics":[{"not_picked":["WristBlade","Tiny House"],"picked":"Black Star"},{"not_picked":["Runic Dome","Velvet Choker"],"picked":"Calling Bell"}],"items_purged_floors":[14,37],"is_endless":false,"potions_floor_spawned":[1,10,13,18,22,30,33,38],"killed_by":"Transient","ascension_level":19}