{"gold_per_floor":[111,111,129,140,140,140,140,157,157,173,17,17,44,61,61,61],"floor_reached":16,"playtime":549,"items_purged":["Strike_R"],"score":102,"play_id":"620efbf7-3399-4206-81ea-e549f1ee2786","local_time":"20190406195558","is_ascension_mode":false,"campfire_choices":[{"data":"Defend_R","floor":6.0,"key":"SMITH"},{"data":"Flame Barrier","floor":12.0,"key":"SMITH"},{"data":"Shrug It Off","floor":15,"key":"SMITH"}],"neow_cost":"NONE","seed_source_timestamp":146086132279041,"circlet_count":0,"master_deck":["Strike_R","Strike_R","Strike_R","Defend_R+1","Defend_R","Defend_R","Defend_R","Bash+1","Shrug It Off+1","Flame Barrier+1","Feed+1"],"special_seed":0,"relics":["Burning Blood","Letter Opener","Darkstone Periapt","Frozen Egg 2","Molten Egg 2"],"potions_floor_usage":[],"damage_taken":[{"damage":4.0,"enemies":"Jaw Worm","floor":1.0,"turns":6.0},{"damage":5.0,"enemies":"Cultist","floor":3.0,"turns":4.0},{"damage":3.0,"enemies":"Small Slimes","floor":4.0,"turns":3.0},{"damage":12.0,"enemies":"Blue Slaver","floor":8.0,"turns":6.0},{"damage":13.0,"enemies":"Gremlin Gang","floor":10.0,"turns":5.0},{"damage":18.0,"enemies":"3 Sentries","floor":13.0,"turns":15.0},{"damage":0,"enemies":"2 Fungi Beasts","floor":14,"turns":5},{"damage":26,"enemies":"The Guardian","floor":16,"turns":8}],"seed_played":"-8765395445913167367","potions_obtained":[{"floor":4.0,"key":"Ancient Potion"}],"is_trial":false,"path_per_floor":["M","?","M","M","?","R","T","M","T","M","$","R","E","M","R","B"],"character_chosen":"IRONCLAD","items_purchased":["Flame Barrier"],"campfire_rested":0,"item_purchase_floors":[11],"current_hp_per_floor":[80,80,80,80,62,62,62,56,56,49,49,49,37,47,47,21],"gold":61,"neow_bonus":"REMOVE_CARD","is_prod":false,"is_daily":false,"chose_seed":false,"campfire_upgraded":3,"win_rate":0,"timestamp":1554605758,"path_taken":["M","?","M","?","?","R","?","M","T","M","$","R","E","M","R","BOSS"],"build_version":"2019-01-23","purchased_purges":1,"victory":false,"max_hp_per_floor":[80,80,80,80,80,80,80,80,80,80,80,80,80,84,84,84],"card_choices":[{"not_picked":["Anger","Body Slam","Clothesline"],"picked":"SKIP","floor":1.0},{"not_picked":["Sword Boomerang","Shockwave","True Grit"],"picked":"SKIP","floor":3.0},{"not_picked":["Combust","Anger","Headbutt"],"picked":"SKIP","floor":4.0},{"not_picked":["Battle Trance","Sword Boomerang","Sever Soul"],"picked":"SKIP","floor":8.0},{"not_picked":["Warcry","Ghostly Armor"],"picked":"Shrug It Off","floor":10.0},{"not_picked":["Clothesline","Shrug It Off"],"picked":"Feed","floor":13.0},{"not_picked":["Iron Wave+1","Cleave+1","Evolve+1"],"picked":"SKIP","floor":14}],"player_experience":961803,"relics_obtained":[{"floor":7.0,"key":"Darkstone Periapt"},{"floor":9.0,"key":"Frozen Egg 2"},{"floor":13.0,"key":"Molten Egg 2"}],"event_choices":[{"damage_healed":0.0,"max_hp_gain":0.0,"max_hp_loss":0.0,"gold_gain":0.0,"event_name":"Upgrade Shrine","player_choice":"Upgraded","floor":2.0,"gold_loss":0.0,"damage_taken":0.0,"cards_upgraded":["Bash"]},{"damage_healed":0.0,"max_hp_gain":0.0,"max_hp_loss":0.0,"gold_gain":0.0,"event_name":"Scrap Ooze","player_choice":"Success","floor":5.0,"gold_loss":0.0,"damage_taken":18.0,"relics_obtained":["Letter Opener"]}],"is_beta":false,"boss_relics":[],"items_purged_floors":[11],"is_endless":false,"potions_floor_spawned":[4],"killed_by":"The Guardian","ascension_level":0}