{"gold_per_floor":[116,116,133,148,168,168,181,181,181,215,215,106,106,181,181,279,279,279,279,279,279,279,279,179,179,179,179,179,179,179,179,179,179,179,179,179,179,179,179,179,179,179,179,99,99,99,99,99,99,99],"floor_reached":50,"playtime":4296,"items_purged":["Strike_B","Strike_B"],"score":618,"play_id":"45214b38-ec87-4a1b-9f2a-b956de81de64","local_time":"20190920173615","is_ascension_mode":true,"campfire_choices":[{"data":"Sunder","floor":6.0,"key":"SMITH"},{"data":"Cold Snap","floor":8.0,"key":"SMITH"},{"data":"Coolheaded","floor":11.0,"key":"SMITH"},{"data":"Beam Cell","floor":13.0,"key":"SMITH"},{"data":"Zap","floor":15.0,"key":"SMITH"},{"data":"Core Surge","floor":23.0,"key":"SMITH"},{"data":"White Noise","floor":30.0,"key":"SMITH"},{"data":"Rebound","floor":32.0,"key":"SMITH"},{"floor":40.0,"key":"REST"},{"floor":49.0,"key":"REST"}],"neow_cost":"TEN_PERCENT_HP_LOSS","seed_source_timestamp":1016426938320839,"circlet_count":0,"master_deck":["Zap+1","Dualcast","Beam Cell+1","Sunder+1","Cold Snap+1","Coolheaded+1","Self Repair","Core Surge+1","Conserve Battery+1","Rebound+1","Cold Snap+1","Sweeping Beam+1","White Noise+1","Ball Lightning+1","Echo Form","Static Discharge+1","Recycle+1","Reprogram+1","Streamline+1","Madness","Madness","Force Field+1","White Noise","Parasite","Hologram+1"],"special_seed":0,"relics":["Cracked Core","Mercury Hourglass","Vajra","Ectoplasm","Potion Belt","Emotion Chip","Unceasing Top","Red Mask","Astrolabe","Girya","Ancient Tea Set","Ornamental Fan","Dodecahedron"],"potions_floor_usage":[],"damage_taken":[{"damage":4.0,"enemies":"2 Louse","floor":1.0,"turns":2.0},{"damage":0.0,"enemies":"Jaw Worm","floor":3.0,"turns":3.0},{"damage":0.0,"enemies":"Cultist","floor":4.0,"turns":3.0},{"damage":9.0,"enemies":"Red Slaver","floor":5.0,"turns":3.0},{"damage":0.0,"enemies":"Large Slime","floor":7.0,"turns":3.0},{"damage":11.0,"enemies":"3 Sentries","floor":10.0,"turns":5.0},{"damage":18.0,"enemies":"Slime Boss","floor":16.0,"turns":6.0},{"damage":14.0,"enemies":"Shell Parasite","floor":18.0,"turns":4.0},{"damage":2.0,"enemies":"3 Byrds","floor":20.0,"turns":3.0},{"damage":14.0,"enemies":"Centurion and Healer","floor":21.0,"turns":5.0},{"damage":7.0,"enemies":"Chosen and Byrds","floor":22.0,"turns":4.0},{"damage":0.0,"enemies":"Snecko","floor":27.0,"turns":2.0},{"damage":7.0,"enemies":"Slavers","floor":28.0,"turns":4.0},{"damage":0.0,"enemies":"Centurion and Healer","floor":29.0,"turns":4.0},{"damage":0.0,"enemies":"Masked Bandits","floor":31.0,"turns":2.0},{"damage":36.0,"enemies":"Automaton","floor":33.0,"turns":9.0},{"damage":38.0,"enemies":"3 Shapes","floor":35.0,"turns":2.0},{"damage":2.0,"enemies":"Orb Walker","floor":36.0,"turns":2.0},{"damage":0.0,"enemies":"Mind Bloom Boss Battle","floor":37.0,"turns":5.0},{"damage":24.0,"enemies":"Spire Growth","floor":39.0,"turns":3.0},{"damage":18.0,"enemies":"Transient","floor":42.0,"turns":5.0},{"damage":6.0,"enemies":"3 Darklings","floor":45.0,"turns":4.0},{"damage":21.0,"enemies":"Reptomancer","floor":46.0,"turns":5.0},{"damage":5.0,"enemies":"Writhing Mass","floor":48.0,"turns":4.0},{"damage":33,"enemies":"Awakened One","floor":50,"turns":3}],"seed_played":"20837797095452979","potions_obtained":[{"floor":4.0,"key":"Strength Potion"},{"floor":5.0,"key":"FairyPotion"},{"floor":7.0,"key":"Strength Potion"},{"floor":18.0,"key":"Energy Potion"},{"floor":21.0,"key":"AttackPotion"},{"floor":31.0,"key":"Weak Potion"},{"floor":37.0,"key":"EssenceOfSteel"},{"floor":42.0,"key":"Regen Potion"},{"floor":45.0,"key":"Energy Potion"},{"floor":46.0,"key":"SkillPotion"}],"is_trial":false,"path_per_floor":["M","?","M","M","M","R","M","R","T","E","R","$","R","?","R","B",null,"M","?","M","M","M","R","$","T","T","M","E","M","R","?","R","B",null,"M","M","?","?","M","R","T","M","T","$","M","E","?","M","R","B"],"character_chosen":"DEFECT","items_purchased":["Self Repair","White Noise"],"campfire_rested":2,"item_purchase_floors":[12,44],"current_hp_per_floor":[64,57,57,57,48,48,48,48,48,37,37,37,37,26,26,8,53,46,46,51,44,44,44,44,44,44,44,44,51,51,51,51,22,57,26,24,38,29,5,25,25,14,14,14,27,13,13,8,28,0],"gold":99,"neow_bonus":"REMOVE_TWO","is_prod":false,"is_daily":false,"chose_seed":false,"campfire_upgraded":8,"win_rate":0,"timestamp":1569015375,"path_taken":["M","?","M","M","M","R","M","R","T","E","R","$","R","?","R","BOSS","M","?","?","M","M","R","$","?","T","M","E","M","R","?","R","BOSS","M","M","?","?","M","R","?","M","T","$","?","E","?","M","R","BOSS"],"build_version":"2019-07-17","purchased_purges":2,"victory":false,"max_hp_per_floor":[68,68,68,68,68,68,68,68,68,68,68,68,68,68,68,68,68,68,68,68,68,68,68,68,68,68,68,68,68,68,68,68,68,68,68,68,68,68,68,68,68,68,68,68,68,68,68,68,68,68],"card_choices":[{"not_picked":["Recycle","Rip and Tear"],"picked":"Beam Cell","floor":1.0},{"not_picked":["BootSequence","Rebound","Static Discharge"],"picked":"SKIP","floor":3.0},{"not_picked":["Tempest","Turbo"],"picked":"Sunder","floor":4.0},{"not_picked":["Aggregate","Compile Driver"],"picked":"Cold Snap","floor":5.0},{"not_picked":["Reinforced Body","Cold Snap"],"picked":"Coolheaded","floor":7.0},{"not_picked":["Turbo","Reprogram","Redo"],"picked":"SKIP","floor":10.0},{"not_picked":["Hyperbeam","Machine Learning"],"picked":"Core Surge","floor":16.0},{"not_picked":["Cold Snap","Turbo"],"picked":"Conserve Battery+1","floor":18.0},{"not_picked":["Storm","BootSequence"],"picked":"Rebound","floor":20.0},{"not_picked":["Streamline","Blizzard+1"],"picked":"Cold Snap+1","floor":21.0},{"not_picked":["Barrage","Leap"],"picked":"Sweeping Beam+1","floor":22.0},{"not_picked":["Gash","Compile Driver","Doom and Gloom"],"picked":"SKIP","floor":27.0},{"not_picked":["Heatsinks+1","BootSequence","Thunder Strike"],"picked":"SKIP","floor":28.0},{"not_picked":["Rebound+1","Doom and Gloom+1"],"picked":"White Noise","floor":29.0},{"not_picked":["Beam Cell+1","Leap"],"picked":"Ball Lightning+1","floor":31.0},{"not_picked":["Electrodynamics","Machine Learning"],"picked":"Echo Form","floor":33.0},{"not_picked":["Rebound","Beam Cell","Ball Lightning"],"picked":"SKIP","floor":35.0},{"not_picked":["Auto Shields+1","Compile Driver+1","Cold Snap"],"picked":"SKIP","floor":36.0},{"not_picked":["Self Repair","Rebound"],"picked":"Streamline+1","floor":37.0},{"not_picked":["Undo+1","Steam Power+1","Sunder"],"picked":"SKIP","floor":39.0},{"not_picked":["Conserve Battery+1","Streamline"],"picked":"Force Field+1","floor":42.0},{"not_picked":["Rebound","Aggregate+1","Compile Driver+1"],"picked":"SKIP","floor":45.0},{"not_picked":["Fusion","Scrape+1","Hyperbeam"],"picked":"SKIP","floor":46.0},{"not_picked":["Turbo+1","Hello World+1"],"picked":"Hologram+1","floor":48.0}],"player_experience":276883,"relics_obtained":[{"floor":9.0,"key":"Mercury Hourglass"},{"floor":10.0,"key":"Vajra"},{"floor":25.0,"key":"Potion Belt"},{"floor":26.0,"key":"Emotion Chip"},{"floor":28.0,"key":"Unceasing Top"},{"floor":31.0,"key":"Red Mask"},{"floor":37.0,"key":"Girya"},{"floor":41.0,"key":"Ancient Tea Set"},{"floor":43.0,"key":"Ornamental Fan"},{"floor":46.0,"key":"Dodecahedron"}],"event_choices":[{"cards_removed":["Strike_B"],"damage_healed":0.0,"max_hp_gain":0.0,"max_hp_loss":0.0,"gold_gain":0.0,"event_name":"Golden Wing","player_choice":"Card Removal","floor":2.0,"gold_loss":0.0,"damage_taken":7.0},{"damage_healed":0.0,"max_hp_gain":0.0,"max_hp_loss":0.0,"gold_gain":75.0,"event_name":"World of Goop","player_choice":"Gather Gold","floor":14.0,"gold_loss":0.0,"damage_taken":11.0},{"damage_healed":0.0,"max_hp_gain":0.0,"max_hp_loss":0.0,"gold_gain":0.0,"event_name":"N\u0027loth","player_choice":"Ignored","floor":19.0,"gold_loss":0.0,"damage_taken":0.0},{"damage_healed":0.0,"max_hp_gain":0.0,"max_hp_loss":0.0,"gold_gain":0.0,"event_name":"Masked Bandits","player_choice":"Fought Bandits","floor":31.0,"gold_loss":0.0,"damage_taken":0.0},{"damage_healed":0.0,"max_hp_gain":0.0,"max_hp_loss":0.0,"gold_gain":0.0,"event_name":"MindBloom","player_choice":"Fight","floor":37.0,"gold_loss":0.0,"damage_taken":0.0},{"damage_healed":0.0,"max_hp_gain":0.0,"max_hp_loss":0.0,"gold_gain":0.0,"event_name":"Winding Halls","player_choice":"Embrace Madness","floor":38.0,"gold_loss":0.0,"damage_taken":9.0,"cards_obtained":["Madness","Madness"]},{"damage_healed":0.0,"max_hp_gain":0.0,"max_hp_loss":0.0,"gold_gain":0.0,"event_name":"SensoryStone","player_choice":"Memory 1","floor":47.0,"gold_loss":0.0,"damage_taken":0.0}],"is_beta":false,"boss_relics":[{"not_picked":["Calling Bell","Lizard Tail"],"picked":"Ectoplasm"},{"not_picked":["Tiny House","Empty Cage"],"picked":"Astrolabe"}],"items_purged_floors":[12,24],"is_endless":false,"potions_floor_spawned":[4,5,7,18,20,21,31,37,42,45,46],"killed_by":"Awakened One","ascension_level":5}