{"gold_per_floor":[109,120,137,137,151,151,179,198,221,233,249,274,274,315,315,444,444,464,464,163,176,326,326,361,361,361,401,401,426,426,426,426,426],"floor_reached":33,"playtime":2595,"items_purged":["Strike_R"],"score":539,"play_id":"5b1a9e46-33cc-4f12-9dd2-9b34b3263daa","local_time":"20190525140925","is_ascension_mode":true,"campfire_choices":[{"data":"Whirlwind","floor":6.0,"key":"SMITH"},{"data":"True Grit","floor":15.0,"key":"SMITH"},{"data":"Shockwave","floor":23,"key":"SMITH"},{"floor":25,"key":"REST"},{"data":"Intimidate","floor":28,"key":"SMITH"},{"data":"Pommel Strike","floor":32,"key":"SMITH"}],"neow_cost":"NONE","seed_source_timestamp":1135147428784300,"circlet_count":0,"master_deck":["Strike_R+1","Defend_R","Defend_R","Defend_R","Defend_R","Bash","Pommel Strike+1","Shockwave+1","Pommel Strike","Pain","Whirlwind+1","Carnage","Headbutt+1","True Grit+1","Feed","Intimidate+1","Sword Boomerang+1","Battle Trance+1","Shrug It Off","Shame","Shame"],"special_seed":0,"relics":["Black Blood","WarpedTongs","Nunchaku","Strawberry","Pen Nib","Golden Idol","Juzu Bracelet","theJungle:SpiritDisease","Vajra","Gremlin Horn","Spirit Poop","Whetstone","theJungle:SneckoAutograph","theJungle:PaperFaux"],"potions_floor_usage":[16,24,24,33],"damage_taken":[{"damage":6.0,"enemies":"Cultist","floor":1.0,"turns":3.0},{"damage":6.0,"enemies":"2 Louse","floor":2.0,"turns":3.0},{"damage":4.0,"enemies":"Jaw Worm","floor":3.0,"turns":3.0},{"damage":18.0,"enemies":"Looter","floor":5.0,"turns":3.0},{"damage":27.0,"enemies":"Gremlin Nob","floor":7.0,"turns":4.0},{"damage":9.0,"enemies":"2 Fungi Beasts","floor":8.0,"turns":3.0},{"damage":0.0,"enemies":"Lots of Slimes","floor":10.0,"turns":1.0},{"damage":6.0,"enemies":"Large Slime","floor":11.0,"turns":4.0},{"damage":20.0,"enemies":"Lagavulin","floor":12.0,"turns":5.0},{"damage":22.0,"enemies":"3 Sentries","floor":14.0,"turns":3.0},{"damage":1,"enemies":"Slime Boss","floor":16,"turns":6},{"damage":25,"enemies":"theJungle:MUSHROOMGANG","floor":18,"turns":3},{"damage":21,"enemies":"theJungle:Flameango_and_Byrd","floor":21,"turns":3},{"damage":19,"enemies":"theJungle:Cassacara","floor":24,"turns":5},{"damage":18,"enemies":"theJungle:MamaSnecko","floor":27,"turns":4},{"damage":27,"enemies":"theJungle:JungleHuntersEncounter","floor":29,"turns":5},{"damage":68,"enemies":"theJungle:TotemBoss","floor":33,"turns":8}],"seed_played":"7345471803570090939","potions_obtained":[{"floor":1.0,"key":"GamblersBrew"},{"floor":2.0,"key":"SpeedPotion"},{"floor":5.0,"key":"Block Potion"},{"floor":12.0,"key":"Fire Potion"},{"floor":18,"key":"Explosive Potion"}],"is_trial":false,"path_per_floor":["M","M","M","?","M","R","E","M","T","M","M","E","?","E","R","B",null,"M","?","$","M","?","R","E","R","T","E","R","M","?","?","R","B"],"character_chosen":"IRONCLAD","items_purchased":["Vajra","Regen Potion"],"campfire_rested":1,"item_purchase_floors":[20,20],"current_hp_per_floor":[80,80,82,82,70,70,49,46,53,59,59,45,45,29,29,34,75,60,60,60,49,49,49,53,80,80,75,75,62,62,62,62,0],"gold":426,"neow_bonus":"TEN_PERCENT_HP_BONUS","is_prod":false,"is_daily":false,"chose_seed":false,"campfire_upgraded":5,"win_rate":0,"timestamp":1558818565,"path_taken":["M","M","M","?","?","R","E","M","T","M","M","E","?","E","R","BOSS","M","?","$","M","?","R","E","R","T","E","R","M","?","?","R","BOSS"],"build_version":"2019-01-23","purchased_purges":1,"victory":false,"max_hp_per_floor":[88,88,88,88,88,88,88,88,95,95,95,95,88,88,88,88,88,88,88,88,88,88,88,92,92,92,95,95,99,99,99,99,102],"card_choices":[{"not_picked":["Burning Pact","Clash"],"picked":"Pommel Strike","floor":1.0},{"not_picked":["Ghostly Armor","Anger"],"picked":"Shockwave","floor":2.0},{"not_picked":["Body Slam","Headbutt"],"picked":"Pommel Strike","floor":3.0},{"not_picked":["Dual Wield","Havoc"],"picked":"Whirlwind","floor":5.0},{"not_picked":["Burning Pact","Flex"],"picked":"Carnage","floor":7.0},{"not_picked":["Seeing Red","Hemokinesis","Warcry"],"picked":"SKIP","floor":8.0},{"not_picked":["Iron Wave","Evolve"],"picked":"Headbutt","floor":10.0},{"not_picked":["Heavy Blade","Whirlwind","Combust"],"picked":"SKIP","floor":11.0},{"not_picked":["Burning Pact","Sword Boomerang","Juggernaut"],"picked":"SKIP","floor":12.0},{"not_picked":["Rage","Evolve"],"picked":"True Grit","floor":14.0},{"not_picked":["Reaper","Brutality"],"picked":"Feed","floor":16},{"not_picked":["Sword Boomerang","Rage"],"picked":"Intimidate","floor":18},{"not_picked":["Flex+1","Havoc"],"picked":"Sword Boomerang+1","floor":21},{"not_picked":["Body Slam","Wild Strike","Power Through+1"],"picked":"SKIP","floor":24},{"not_picked":["Evolve","Sword Boomerang"],"picked":"Battle Trance+1","floor":27},{"not_picked":["Clash","Double Tap"],"picked":"Shrug It Off","floor":29}],"player_experience":1223347,"relics_obtained":[{"floor":7.0,"key":"Nunchaku"},{"floor":9.0,"key":"Strawberry"},{"floor":12.0,"key":"Pen Nib"},{"floor":14.0,"key":"Juzu Bracelet"},{"floor":24,"key":"Gremlin Horn"},{"floor":26,"key":"Spirit Poop"},{"floor":27,"key":"Whetstone"}],"event_choices":[{"damage_healed":0.0,"max_hp_gain":0.0,"max_hp_loss":0.0,"gold_gain":0.0,"event_name":"Accursed Blacksmith","player_choice":"Rummage","floor":4.0,"gold_loss":0.0,"damage_taken":0.0,"relics_obtained":["WarpedTongs"],"cards_obtained":["Pain"]},{"damage_healed":0.0,"max_hp_gain":0.0,"max_hp_loss":7.0,"gold_gain":0.0,"event_name":"Golden Idol","player_choice":"Lose Max HP","floor":13.0,"gold_loss":0.0,"damage_taken":0.0,"relics_obtained":["Golden Idol"]}],"is_beta":false,"boss_relics":[{"not_picked":["Black Star","Ectoplasm"],"picked":"Black Blood"}],"items_purged_floors":[20],"is_endless":false,"potions_floor_spawned":[1,2,5,11,12,14,18],"killed_by":"theJungle:TotemBoss","ascension_level":9}