{"gold_per_floor":[116,116,131,85,103,103,119,152,152,152,77,105,105],"floor_reached":13,"playtime":370,"items_purged":["Defend_R"],"score":163,"play_id":"a08789d6-dee5-4acd-8baf-424419a0b3be","local_time":"20190826090901","is_ascension_mode":true,"campfire_choices":[{"data":"Armaments","floor":6,"key":"SMITH"},{"data":"True Grit","floor":10,"key":"SMITH"}],"neow_cost":"NONE","seed_source_timestamp":471689249562700,"circlet_count":0,"master_deck":["AscendersBane","Strike_R","Strike_R","Strike_R","Strike_R","Defend_R","Defend_R","Defend_R","Bash","Armaments+1","Cleave","True Grit+1","Impervious","Flex"],"relics":["Burning Blood","NeowsBlessing","Boot","Ornamental Fan","Question Card"],"potions_floor_usage":[12,12],"damage_taken":[{"damage":0,"enemies":"2 Louse","floor":1,"turns":1},{"damage":0,"enemies":"Cultist","floor":3,"turns":1},{"damage":0,"enemies":"Small Slimes","floor":5,"turns":1},{"damage":5,"enemies":"Exordium Wildlife","floor":7,"turns":5},{"damage":59,"enemies":"Gremlin Nob","floor":8,"turns":5},{"damage":35,"enemies":"3 Sentries","floor":12,"turns":9},{"damage":13,"enemies":"Blue Slaver","floor":13,"turns":2}],"seed_played":"-5017484135930921309","potions_obtained":[{"floor":3,"key":"GamblersBrew"},{"floor":5,"key":"Strength Potion"},{"floor":8,"key":"BloodPotion"}],"is_trial":false,"path_per_floor":["M","?","M","$","M","R","M","E","T","R","$","E","M"],"character_chosen":"IRONCLAD","items_purchased":["True Grit"],"campfire_rested":0,"item_purchase_floors":[4],"current_hp_per_floor":[74,74,75,75,75,75,75,22,22,22,22,11,0],"gold":105,"neow_bonus":"THREE_ENEMY_KILL","is_prod":false,"is_daily":false,"chose_seed":false,"campfire_upgraded":2,"win_rate":0,"timestamp":1566781741,"path_taken":["M","?","?","$","M","R","?","E","T","R","?","E","M"],"build_version":"2019-07-17","purchased_purges":1,"victory":false,"max_hp_per_floor":[75,75,75,75,75,75,75,75,75,75,75,75,75],"card_choices":[{"not_picked":["Flex","Thunderclap"],"picked":"Armaments","floor":1},{"not_picked":["Infernal Blade","Rupture"],"picked":"Cleave","floor":3},{"not_picked":["Thunderclap","Armaments","Heavy Blade"],"picked":"SKIP","floor":5},{"not_picked":["Cleave","Heavy Blade","Iron Wave"],"picked":"SKIP","floor":7},{"not_picked":["Armaments","Blood for Blood"],"picked":"Impervious","floor":8},{"not_picked":["Cleave","Headbutt"],"picked":"Flex","floor":12}],"player_experience":622445,"relics_obtained":[{"floor":8,"key":"Boot"},{"floor":9,"key":"Ornamental Fan"},{"floor":12,"key":"Question Card"}],"event_choices":[{"cards_removed":["Strike_R"],"damage_healed":0,"gold_gain":0,"player_choice":"Card Removal","damage_taken":0,"max_hp_gain":0,"max_hp_loss":0,"event_name":"Wheel of Change","floor":2,"gold_loss":0}],"is_beta":false,"boss_relics":[],"items_purged_floors":[11],"is_endless":false,"potions_floor_spawned":[3,5,8],"killed_by":"Blue Slaver","ascension_level":15}