{"gold_per_floor":[210,228,228,245,258,258,258,258,285,297,297,313,313,324,324,324],"floor_reached":16,"playtime":1112,"items_purged":[],"score":174,"play_id":"0eb80902-01c0-41fd-84ab-791ef45040be","local_time":"20190922161055","is_ascension_mode":true,"campfire_choices":[{"data":"Shrug It Off","floor":6.0,"key":"SMITH"},{"data":"Entrench","floor":8.0,"key":"SMITH"},{"data":"Ghostly Armor","floor":11.0,"key":"SMITH"},{"data":"Shrug It Off","floor":13.0,"key":"SMITH"},{"data":"Bash","floor":15.0,"key":"SMITH"}],"neow_cost":"NONE","seed_source_timestamp":594099711960100,"circlet_count":0,"master_deck":["AscendersBane","Strike_R","Strike_R","Strike_R","Strike_R","Defend_R","Defend_R","Defend_R","Defend_R","Bash+1","Battle Trance+1","Entrench+1","Shrug It Off+1","Shrug It Off+1","Ghostly Armor+1","Warcry"],"special_seed":0,"relics":["Burning Blood","Centennial Puzzle"],"potions_floor_usage":[16],"damage_taken":[{"damage":7.0,"enemies":"Small Slimes","floor":1.0,"turns":4.0},{"damage":9.0,"enemies":"Jaw Worm","floor":2.0,"turns":6.0},{"damage":3.0,"enemies":"Cultist","floor":4.0,"turns":5.0},{"damage":23.0,"enemies":"Red Slaver","floor":5.0,"turns":8.0},{"damage":14.0,"enemies":"Large Slime","floor":10.0,"turns":11.0},{"damage":0.0,"enemies":"2 Fungi Beasts","floor":12.0,"turns":5.0},{"damage":1.0,"enemies":"Lots of Slimes","floor":14.0,"turns":5.0},{"damage":62,"enemies":"Slime Boss","floor":16,"turns":19}],"seed_played":"705854800455103837","potions_obtained":[{"floor":1.0,"key":"Regen Potion"},{"floor":4.0,"key":"SpeedPotion"},{"floor":10.0,"key":"SkillPotion"}],"is_trial":false,"path_per_floor":["M","M","?","M","M","R","?","R","T","M","R","M","R","M","R","B"],"character_chosen":"IRONCLAD","items_purchased":[],"campfire_rested":0,"item_purchase_floors":[],"current_hp_per_floor":[67,75,75,75,58,58,58,58,58,50,50,56,56,61,61,0],"gold":324,"neow_bonus":"HUNDRED_GOLD","is_prod":false,"is_daily":false,"chose_seed":false,"campfire_upgraded":5,"win_rate":0,"timestamp":1569139855,"path_taken":["M","M","?","M","M","R","?","R","T","M","R","?","R","M","R","BOSS"],"build_version":"2019-07-17","purchased_purges":0,"victory":false,"max_hp_per_floor":[75,75,75,75,75,75,75,75,75,75,75,75,75,75,75,75],"card_choices":[{"not_picked":["Rage","Pommel Strike"],"picked":"Battle Trance","floor":1.0},{"not_picked":["Power Through","Havoc"],"picked":"Entrench","floor":2.0},{"not_picked":["Anger","Havoc","Battle Trance"],"picked":"SKIP","floor":4.0},{"not_picked":["Double Tap","Wild Strike"],"picked":"Shrug It Off","floor":5.0},{"not_picked":["True Grit","Spot Weakness"],"picked":"Ghostly Armor","floor":10.0},{"not_picked":["Twin Strike","Wild Strike","Heavy Blade"],"picked":"SKIP","floor":12.0},{"not_picked":["Headbutt","Iron Wave"],"picked":"Warcry","floor":14.0}],"player_experience":661395,"relics_obtained":[{"floor":9.0,"key":"Centennial Puzzle"}],"event_choices":[{"damage_healed":0.0,"max_hp_gain":0.0,"max_hp_loss":0.0,"gold_gain":0.0,"event_name":"Living Wall","player_choice":"Grow","floor":3.0,"gold_loss":0.0,"damage_taken":0.0,"cards_upgraded":["Battle Trance"]},{"damage_healed":0.0,"max_hp_gain":0.0,"max_hp_loss":0.0,"gold_gain":0.0,"cards_transformed":["Strike_R"],"event_name":"Transmorgrifier","player_choice":"Transformed","floor":7.0,"gold_loss":0.0,"damage_taken":0.0,"cards_obtained":["Shrug It Off"]}],"is_beta":false,"boss_relics":[],"items_purged_floors":[],"is_endless":false,"potions_floor_spawned":[1,4,10],"killed_by":"Slime Boss","ascension_level":17}