{"gold_per_floor":[117,117,117,127,177,177,205,215,215,249,265,295,295,38,38,111,111,123,140,140,12,0,0,25,25,25,25,25,25,25,25,25,25],"floor_reached":33,"playtime":1466,"items_purged":["Entrench","Strike_R"],"score":512,"play_id":"d6cf71d4-6d18-4fae-abca-707c3f03d590","local_time":"20190923062739","is_ascension_mode":true,"campfire_choices":[{"data":"Bash","floor":6,"key":"SMITH"},{"data":"Flex","floor":13,"key":"SMITH"},{"data":"Limit Break","floor":15,"key":"SMITH"},{"data":"Sword Boomerang","floor":23,"key":"SMITH"},{"data":"Pummel","floor":25,"key":"SMITH"},{"data":"Finesse","floor":27,"key":"SMITH"},{"data":"Seeing Red","floor":30,"key":"SMITH"},{"floor":32,"key":"REST"}],"neow_cost":"NONE","seed_source_timestamp":645463925012000,"circlet_count":0,"master_deck":["AscendersBane","Strike_R","Strike_R","Strike_R","Strike_R","Defend_R","Defend_R","Defend_R","Defend_R","Bash+1","Thunderclap","Battle Trance","Flex+1","Limit Break+1","Finesse+1","Seeing Red+1","Dropkick","Feed","Sword Boomerang+1","Pummel+1","Offering","Metallicize","Flame Barrier","Regret","Decay"],"relics":["Burning Blood","Smiling Mask","Gambling Chip","Mercury Hourglass","Oddly Smooth Stone","Juzu Bracelet","Cursed Key","Art of War","Frozen Egg 2","MutagenicStrength"],"potions_floor_usage":[4,10,11,24],"damage_taken":[{"damage":6,"enemies":"2 Louse","floor":1,"turns":4},{"damage":9,"enemies":"Jaw Worm","floor":4,"turns":6},{"damage":32,"enemies":"Gremlin Nob","floor":7,"turns":4},{"damage":1,"enemies":"Cultist","floor":8,"turns":3},{"damage":10,"enemies":"3 Sentries","floor":10,"turns":7},{"damage":0,"enemies":"3 Louse","floor":11,"turns":2},{"damage":32,"enemies":"Gremlin Nob","floor":12,"turns":4},{"damage":32,"enemies":"Hexaghost","floor":16,"turns":8},{"damage":41,"enemies":"2 Thieves","floor":18,"turns":4},{"damage":12,"enemies":"Chosen","floor":19,"turns":4},{"damage":21,"enemies":"Gremlin Leader","floor":24,"turns":5},{"damage":37,"enemies":"Collector","floor":33,"turns":2}],"seed_played":"-4801750010897472564","potions_obtained":[{"floor":1,"key":"GamblersBrew"},{"floor":3,"key":"Regen Potion"},{"floor":7,"key":"SpeedPotion"},{"floor":8,"key":"Fire Potion"},{"floor":19,"key":"SkillPotion"}],"is_trial":false,"path_per_floor":["M","?","?","M","?","R","E","M","T","E","M","E","R","$","R","B",null,"M","M","?","$","?","R","E","R","T","R","?","?","R","?","R","B"],"character_chosen":"IRONCLAD","items_purchased":["Finesse","Seeing Red","Dropkick","Metallicize"],"campfire_rested":1,"item_purchase_floors":[14,14,14,21],"current_hp_per_floor":[68,73,73,80,80,80,54,59,59,55,61,35,35,35,35,9,62,30,24,24,24,24,24,9,9,9,9,9,9,9,9,33,0],"gold":25,"neow_bonus":"RANDOM_COMMON_RELIC","is_prod":false,"is_daily":false,"chose_seed":false,"campfire_upgraded":7,"win_rate":0,"timestamp":1569191259,"path_taken":["M","?","?","?","?","R","E","M","T","E","M","E","R","$","R","BOSS","M","M","?","$","?","R","E","R","T","R","?","?","R","?","R","BOSS"],"build_version":"2019-07-17","purchased_purges":2,"victory":false,"max_hp_per_floor":[75,80,80,80,80,80,80,80,80,80,80,80,80,80,80,80,80,83,83,83,83,83,83,83,83,83,83,83,83,83,83,83,83],"card_choices":[{"not_picked":["Rage","Heavy Blade","Burning Pact"],"picked":"SKIP","floor":1},{"not_picked":["Rage","Sword Boomerang"],"picked":"Thunderclap","floor":4},{"not_picked":["Burning Pact","Searing Blow"],"picked":"Battle Trance","floor":7},{"not_picked":["Fire Breathing","Armaments","Headbutt"],"picked":"SKIP","floor":8},{"not_picked":["Clothesline","Perfected Strike"],"picked":"Entrench","floor":10},{"not_picked":["Spot Weakness","Twin Strike"],"picked":"Flex","floor":11},{"not_picked":["Flex","Rampage"],"picked":"Limit Break","floor":12},{"not_picked":["Bludgeon","Fiend Fire"],"picked":"Feed","floor":16},{"not_picked":["Pommel Strike","Thunderclap"],"picked":"Sword Boomerang","floor":18},{"not_picked":["Heavy Blade","Power Through+1"],"picked":"Pummel","floor":19},{"not_picked":["Rage","Rupture"],"picked":"Flame Barrier","floor":24}],"player_experience":671010,"relics_obtained":[{"floor":7,"key":"Gambling Chip"},{"floor":9,"key":"Mercury Hourglass"},{"floor":10,"key":"Oddly Smooth Stone"},{"floor":12,"key":"Juzu Bracelet"},{"floor":24,"key":"Art of War"},{"floor":26,"key":"Frozen Egg 2"}],"event_choices":[{"damage_healed":0,"gold_gain":0,"player_choice":"Donut","damage_taken":0,"max_hp_gain":5,"max_hp_loss":0,"event_name":"Big Fish","floor":2,"gold_loss":0},{"damage_healed":0,"gold_gain":0,"player_choice":"Got Potions","damage_taken":0,"max_hp_gain":0,"max_hp_loss":0,"event_name":"Lab","floor":3,"gold_loss":0},{"damage_healed":0,"gold_gain":50,"player_choice":"Pray","damage_taken":0,"max_hp_gain":0,"max_hp_loss":0,"event_name":"Golden Shrine","floor":5,"gold_loss":0},{"damage_healed":0,"gold_gain":0,"player_choice":"1 cards matched","damage_taken":0,"max_hp_gain":0,"max_hp_loss":0,"event_name":"Match and Keep!","floor":20,"gold_loss":0,"cards_obtained":["Offering"]},{"damage_healed":0,"gold_gain":0,"player_choice":"Paid Fearfully","damage_taken":0,"max_hp_gain":0,"max_hp_loss":0,"event_name":"Masked Bandits","floor":22,"gold_loss":12},{"damage_healed":0,"gold_gain":0,"player_choice":"Smashed Altar","damage_taken":0,"max_hp_gain":0,"max_hp_loss":0,"event_name":"Forgotten Altar","floor":28,"gold_loss":0,"cards_obtained":["Decay"]},{"damage_healed":0,"gold_gain":0,"player_choice":"Ignored","damage_taken":0,"max_hp_gain":0,"max_hp_loss":0,"event_name":"Ghosts","floor":29,"gold_loss":0},{"damage_healed":0,"gold_gain":0,"player_choice":"Inject Mutagens","damage_taken":0,"relics_obtained":["MutagenicStrength"],"max_hp_gain":0,"max_hp_loss":0,"event_name":"Drug Dealer","floor":31,"gold_loss":0}],"is_beta":false,"boss_relics":[{"not_picked":["Ectoplasm","Velvet Choker"],"picked":"Cursed Key"}],"items_purged_floors":[14,21],"is_endless":false,"potions_floor_spawned":[1,7,8,19],"killed_by":"Collector","ascension_level":17}