{"gold_per_floor":[109,109,109,34,53,53,71,71,71,84,109,130,130,165,165,165],"floor_reached":16,"playtime":575,"items_purged":[],"score":199,"play_id":"178f1121-61ab-427d-8805-dfa08a168517","local_time":"20190402130526","is_ascension_mode":true,"campfire_choices":[{"data":"Bash","floor":6.0,"key":"SMITH"},{"data":"Carnage","floor":8.0,"key":"SMITH"},{"data":"Uppercut","floor":13.0,"key":"SMITH"},{"floor":15,"key":"REST"}],"neow_cost":"NONE","seed_source_timestamp":1187027582310489,"circlet_count":0,"master_deck":["AscendersBane","Strike_R","Strike_R","Strike_R","Strike_R","Defend_R","Defend_R","Defend_R","Defend_R","Bash+1","Carnage+1","Inflame","Pommel Strike","Shrug It Off","Disarm","Uppercut+1","Shrug It Off"],"special_seed":0,"relics":["Burning Blood","Golden Idol","Smiling Mask","Matryoshka"],"potions_floor_usage":[14,14,14,14],"damage_taken":[{"damage":3.0,"enemies":"Small Slimes","floor":1.0,"turns":3.0},{"damage":7.0,"enemies":"Jaw Worm","floor":5.0,"turns":3.0},{"damage":0.0,"enemies":"Cultist","floor":7.0,"turns":2.0},{"damage":22.0,"enemies":"Lots of Slimes","floor":10.0,"turns":5.0},{"damage":13.0,"enemies":"Exordium Thugs","floor":11.0,"turns":5.0},{"damage":2.0,"enemies":"Large Slime","floor":12.0,"turns":5.0},{"damage":17,"enemies":"3 Sentries","floor":14,"turns":9},{"damage":56,"enemies":"Slime Boss","floor":16,"turns":9}],"seed_played":"-4607315282661439672","potions_obtained":[{"floor":1.0,"key":"Weak Potion"},{"floor":7.0,"key":"EntropicBrew"}],"is_trial":false,"path_per_floor":["M","?","?","$","M","R","M","R","T","M","M","M","R","E","R","B"],"character_chosen":"IRONCLAD","items_purchased":["Inflame"],"campfire_rested":1,"item_purchase_floors":[4],"current_hp_per_floor":[71,45,50,50,49,49,55,55,55,39,32,36,36,25,49,0],"gold":165,"neow_bonus":"TRANSFORM_CARD","is_prod":false,"is_daily":false,"chose_seed":false,"campfire_upgraded":3,"win_rate":0,"timestamp":1554235526,"path_taken":["M","?","?","?","?","R","?","R","T","M","M","M","R","E","R","BOSS"],"build_version":"2019-01-23","purchased_purges":0,"victory":false,"max_hp_per_floor":[75,75,80,80,80,80,80,80,80,80,80,80,80,80,80,80],"card_choices":[{"not_picked":["Sever Soul","Blood for Blood","Heavy Blade"],"picked":"SKIP","floor":1.0},{"not_picked":["Anger","Wild Strike","Perfected Strike"],"picked":"SKIP","floor":5.0},{"not_picked":["Clash","Corruption"],"picked":"Pommel Strike","floor":7.0},{"not_picked":["True Grit","Impervious"],"picked":"Shrug It Off","floor":10.0},{"not_picked":["True Grit","Feel No Pain"],"picked":"Disarm","floor":11.0},{"not_picked":["Sword Boomerang","Iron Wave"],"picked":"Uppercut","floor":12.0},{"not_picked":["Cleave","True Grit"],"picked":"Shrug It Off","floor":14}],"player_experience":891962,"relics_obtained":[{"floor":9.0,"key":"Smiling Mask"},{"floor":14,"key":"Matryoshka"}],"event_choices":[{"damage_healed":0.0,"max_hp_gain":0.0,"max_hp_loss":0.0,"gold_gain":0.0,"event_name":"Golden Idol","player_choice":"Take Damage","floor":2.0,"gold_loss":0.0,"damage_taken":26.0,"relics_obtained":["Golden Idol"]},{"damage_healed":0.0,"max_hp_gain":5.0,"max_hp_loss":0.0,"gold_gain":0.0,"event_name":"Big Fish","player_choice":"Donut","floor":3.0,"gold_loss":0.0,"damage_taken":0.0}],"is_beta":false,"boss_relics":[],"items_purged_floors":[],"is_endless":false,"potions_floor_spawned":[1,7,10],"killed_by":"Slime Boss","ascension_level":19}