{"gold_per_floor":[115,128,75,95,111,111,141,116,116,133,158,172,201,213,213,317,317,329,340,149,164,184,214,214,240,240,258,258,258,271,290,290,385,385,396,396,414,434,232,259,259,289,316,316,316,416,426,436,436,436],"floor_reached":51,"playtime":1436,"items_purged":[],"score":926,"play_id":"9ff01d60-4449-42aa-8be2-3d546bb21e50","local_time":"20190407012858","daily_mods":["Draft","Uncertain Future","Lethality"],"is_ascension_mode":true,"campfire_choices":[{"data":"Sword Boomerang","floor":6,"key":"SMITH"},{"data":"Pummel","floor":15,"key":"SMITH"},{"floor":24,"key":"REST"},{"data":"Inflame","floor":32,"key":"SMITH"},{"data":"Limit Break","floor":41,"key":"SMITH"},{"data":"Flame Barrier","floor":45,"key":"SMITH"},{"data":"Limit Break","floor":49,"key":"SMITH"}],"neow_cost":"","seed_source_timestamp":162333326972111,"circlet_count":0,"master_deck":["Sword Boomerang+1","True Grit","Cleave","Shrug It Off+1","Shockwave","Clash","Clothesline","Shrug It Off","Shrug It Off","Headbutt","Inflame+1","Shrug It Off","Twin Strike","Hemokinesis","Cleave","Twin Strike","Shrug It Off+1","Anger","Sword Boomerang","Double Tap+1","Pummel+1","Anger","Feed","Blood for Blood","Sword Boomerang+1","Sword Boomerang","Reaper","Twin Strike+1","Flame Barrier+1","Metallicize+1","Limit Break+1","True Grit+1","Shrug It Off+1","Whirlwind+1","Limit Break+1","Whirlwind+1","Pummel+1","Headbutt+1","Shrug It Off+1"],"relics":["Burning Blood","Odd Mushroom","Question Card","Pantograph","Nunchaku","Philosopher\u0027s Stone","Sling","Sundial","Ornamental Fan","Molten Egg 2","MutagenicStrength","Sozu","War Paint","Darkstone Periapt","Strawberry","Ginger"],"potions_floor_usage":[33,50,50],"damage_taken":[{"damage":0,"enemies":"Jaw Worm","floor":1,"turns":2},{"damage":0,"enemies":"Small Slimes","floor":2,"turns":3},{"damage":0,"enemies":"Cultist","floor":4,"turns":2},{"damage":0,"enemies":"Lots of Slimes","floor":5,"turns":1},{"damage":10,"enemies":"The Mushroom Lair","floor":7,"turns":3},{"damage":0,"enemies":"3 Louse","floor":10,"turns":1},{"damage":3,"enemies":"Gremlin Nob","floor":11,"turns":2},{"damage":3,"enemies":"Exordium Wildlife","floor":12,"turns":2},{"damage":4,"enemies":"3 Sentries","floor":13,"turns":2},{"damage":0,"enemies":"2 Fungi Beasts","floor":14,"turns":2},{"damage":38,"enemies":"Hexaghost","floor":16,"turns":5},{"damage":18,"enemies":"Chosen","floor":18,"turns":2},{"damage":15,"enemies":"Shell Parasite","floor":19,"turns":2},{"damage":0,"enemies":"Snecko","floor":21,"turns":3},{"damage":9,"enemies":"Sentry and Sphere","floor":22,"turns":3},{"damage":16,"enemies":"Book of Stabbing","floor":23,"turns":3},{"damage":34,"enemies":"Gremlin Leader","floor":25,"turns":4},{"damage":14,"enemies":"Cultist and Chosen","floor":27,"turns":3},{"damage":0,"enemies":"Centurion and Healer","floor":30,"turns":2},{"damage":6,"enemies":"Chosen and Byrds","floor":31,"turns":3},{"damage":12,"enemies":"Champ","floor":33,"turns":4},{"damage":27,"enemies":"3 Shapes","floor":35,"turns":2},{"damage":3,"enemies":"Orb Walker","floor":37,"turns":1},{"damage":6,"enemies":"4 Shapes","floor":38,"turns":2},{"damage":0,"enemies":"Reptomancer","floor":40,"turns":2},{"damage":16,"enemies":"Giant Head","floor":42,"turns":4},{"damage":12,"enemies":"Mind Bloom Boss Battle","floor":46,"turns":4},{"damage":21,"enemies":"Maw","floor":47,"turns":4},{"damage":0,"enemies":"Sphere and 2 Shapes","floor":48,"turns":1},{"damage":21,"enemies":"Awakened One","floor":50,"turns":5}],"seed_played":"-6246063139572833327","potions_obtained":[{"floor":1,"key":"Ancient Potion"},{"floor":5,"key":"LiquidBronze"},{"floor":12,"key":"Strength Potion"}],"is_trial":true,"path_per_floor":["M","M","$","M","M","R","?","$","T","M","E","M","E","M","R","B",null,"M","M","$","M","M","E","R","E","T","M","?","?","M","M","R","B",null,"M","?","M","M","$","E","R","E","T","?","R","?","M","M","R","B",null],"character_chosen":"IRONCLAD","items_purchased":["Shrug It Off","Sword Boomerang","Sling","Whirlwind+1","Limit Break"],"campfire_rested":1,"item_purchase_floors":[3,8,20,39,39],"current_hp_per_floor":[80,80,80,80,80,80,76,76,76,80,80,80,80,80,80,48,80,68,59,59,65,62,52,76,48,48,58,58,58,64,64,64,74,80,59,59,62,62,62,68,68,58,65,65,65,81,72,78,78,75],"gold":436,"neow_bonus":"","is_prod":false,"is_daily":false,"chose_seed":false,"campfire_upgraded":6,"win_rate":0,"timestamp":1554625738,"path_taken":["M","?","$","M","M","R","?","?","T","M","E","M","E","M","R","BOSS","M","M","$","M","M","E","R","E","T","M","?","?","?","M","R","BOSS","M","?","M","M","$","E","R","E","T","?","R","?","M","M","R","BOSS"],"build_version":"2019-01-23","purchased_purges":0,"victory":true,"max_hp_per_floor":[80,80,80,80,80,80,80,80,80,80,80,80,80,80,80,80,80,80,80,80,80,80,80,80,80,80,80,80,80,80,80,80,80,80,80,80,80,80,80,80,80,80,87,87,87,87,87,87,87,90],"card_choices":[{"not_picked":["Searing Blow","Clash"],"picked":"Sword Boomerang","floor":0},{"not_picked":["Armaments","Havoc"],"picked":"True Grit","floor":0},{"not_picked":["Warcry","Havoc"],"picked":"Cleave","floor":0},{"not_picked":["Cleave","Iron Wave"],"picked":"Shrug It Off","floor":0},{"not_picked":["Cleave","Clash"],"picked":"Shockwave","floor":0},{"not_picked":["Burning Pact","Hemokinesis"],"picked":"Clash","floor":0},{"not_picked":["Iron Wave","Cleave"],"picked":"Clothesline","floor":0},{"not_picked":["Flex","Thunderclap"],"picked":"Shrug It Off","floor":0},{"not_picked":["Clash","Entrench"],"picked":"Shrug It Off","floor":0},{"not_picked":["Heavy Blade","True Grit"],"picked":"Headbutt","floor":0},{"not_picked":["Iron Wave","Anger"],"picked":"Inflame","floor":0},{"not_picked":["Evolve","Intimidate"],"picked":"Shrug It Off","floor":0},{"not_picked":["Armaments","Fire Breathing"],"picked":"Twin Strike","floor":0},{"not_picked":["Corruption","Power Through"],"picked":"Hemokinesis","floor":0},{"not_picked":["Warcry","Wild Strike"],"picked":"Cleave","floor":0},{"not_picked":["Pommel Strike","Body Slam"],"picked":"Twin Strike","floor":1},{"not_picked":["Armaments","Cleave","Anger"],"picked":"SKIP","floor":2},{"not_picked":["Thunderclap","Twin Strike","Iron Wave"],"picked":"SKIP","floor":4},{"not_picked":["Feel No Pain","Anger","Clash"],"picked":"SKIP","floor":5},{"not_picked":["Feel No Pain","Clash"],"picked":"Anger","floor":5},{"not_picked":["Perfected Strike","Rage","Armaments"],"picked":"Double Tap","floor":10},{"not_picked":["Seeing Red","True Grit","Warcry","Thunderclap"],"picked":"SKIP","floor":11},{"not_picked":["Headbutt","Armaments","Anger"],"picked":"Pummel","floor":12},{"not_picked":["Inflame","Headbutt","Warcry"],"picked":"Anger","floor":13},{"not_picked":["Armaments","Rampage","Thunderclap","Clothesline"],"picked":"SKIP","floor":14},{"not_picked":["Juggernaut","Reaper","Double Tap"],"picked":"Feed","floor":16},{"not_picked":["Carnage","Perfected Strike","True Grit"],"picked":"Blood for Blood","floor":18},{"not_picked":["Perfected Strike","Warcry","Seeing Red+1","Power Through"],"picked":"SKIP","floor":19},{"not_picked":["Pommel Strike","Armaments","Havoc","Dropkick"],"picked":"SKIP","floor":21},{"not_picked":["Flex","Blood for Blood","Combust"],"picked":"Sword Boomerang+1","floor":22},{"not_picked":["Armaments","Flex","Warcry"],"picked":"Sword Boomerang","floor":23},{"not_picked":["Pommel Strike","Iron Wave","Blood for Blood"],"picked":"Reaper","floor":25},{"not_picked":["True Grit+1","Thunderclap+1","Dual Wield"],"picked":"Twin Strike+1","floor":27},{"not_picked":["Sword Boomerang+1","Perfected Strike+1","Disarm"],"picked":"Flame Barrier","floor":30},{"not_picked":["Ghostly Armor","Pommel Strike+1","Carnage+1"],"picked":"Metallicize+1","floor":31},{"not_picked":["Bludgeon+1","Demon Form","Immolate+1"],"picked":"Limit Break","floor":33},{"not_picked":["Sentinel+1","Body Slam+1","Havoc"],"picked":"Twin Strike+1","floor":35},{"not_picked":["Headbutt+1","Seeing Red","Pommel Strike+1"],"picked":"True Grit+1","floor":37},{"not_picked":["Sentinel","Evolve+1","Thunderclap+1"],"picked":"Shrug It Off+1","floor":38},{"not_picked":["Infernal Blade","Spot Weakness+1","Searing Blow+1"],"picked":"Whirlwind+1","floor":40},{"not_picked":["Infernal Blade+1","Flex+1","Cleave+1","Spot Weakness"],"picked":"SKIP","floor":42},{"not_picked":["Intimidate","Iron Wave+1","Perfected Strike+1"],"picked":"Pummel+1","floor":46},{"not_picked":["Thunderclap+1","Body Slam+1","Clothesline+1"],"picked":"Headbutt+1","floor":47},{"not_picked":["Anger+1","Perfected Strike+1","Flex+1"],"picked":"Shrug It Off+1","floor":48}],"player_experience":972015,"relics_obtained":[{"floor":7,"key":"Odd Mushroom"},{"floor":9,"key":"Question Card"},{"floor":11,"key":"Pantograph"},{"floor":13,"key":"Nunchaku"},{"floor":23,"key":"Sundial"},{"floor":25,"key":"Ornamental Fan"},{"floor":26,"key":"Molten Egg 2"},{"floor":40,"key":"War Paint"},{"floor":42,"key":"Darkstone Periapt"},{"floor":43,"key":"Strawberry"},{"floor":46,"key":"Ginger"}],"event_choices":[{"damage_healed":0,"gold_gain":0,"player_choice":"Fought Mushrooms","damage_taken":0,"max_hp_gain":0,"max_hp_loss":0,"event_name":"Mushrooms","floor":7,"gold_loss":0},{"damage_healed":0,"gold_gain":0,"player_choice":"Inject Mutagens","damage_taken":0,"relics_obtained":["MutagenicStrength"],"max_hp_gain":0,"max_hp_loss":0,"event_name":"Drug Dealer","floor":28,"gold_loss":0},{"damage_healed":0,"gold_gain":0,"player_choice":"Upgraded","damage_taken":0,"max_hp_gain":0,"max_hp_loss":0,"event_name":"Upgrade Shrine","floor":29,"gold_loss":0,"cards_upgraded":["Double Tap"]},{"damage_healed":0,"gold_gain":0,"player_choice":"Ignored","damage_taken":0,"max_hp_gain":0,"max_hp_loss":0,"event_name":"Tomb of Lord Red Mask","floor":36,"gold_loss":0},{"cards_removed":["Twin Strike"],"damage_healed":0,"gold_gain":0,"player_choice":"Removed Attack","damage_taken":0,"max_hp_gain":0,"max_hp_loss":0,"event_name":"Falling","floor":44,"gold_loss":0},{"damage_healed":0,"gold_gain":0,"player_choice":"Fight","damage_taken":0,"max_hp_gain":0,"max_hp_loss":0,"event_name":"MindBloom","floor":46,"gold_loss":0}],"is_beta":false,"boss_relics":[{"not_picked":["Mark of Pain","Runic Cube"],"picked":"Philosopher\u0027s Stone"},{"not_picked":["Astrolabe","Runic Pyramid"],"picked":"Sozu"}],"items_purged_floors":[],"is_endless":false,"potions_floor_spawned":[1,5,12,13,19,22,25,30,35,38,40],"ascension_level":1}