{"gold_per_floor":[110,37,50,69,84,84,84,84,84,99,120,198,198,198,198,198],"floor_reached":16,"playtime":620,"items_purged":[],"score":161,"play_id":"8729a211-6d8c-422c-9dc9-80a0fea73fcd","local_time":"20190821182320","is_ascension_mode":true,"campfire_choices":[{"data":"Bash","floor":6,"key":"SMITH"},{"data":"Flex","floor":13,"key":"SMITH"},{"data":"Iron Wave","floor":15,"key":"SMITH"}],"neow_cost":"NONE","seed_source_timestamp":72700817222800,"circlet_count":0,"master_deck":["AscendersBane","Strike_R","Strike_R","Strike_R","Strike_R","Strike_R","Defend_R","Defend_R","Defend_R","Defend_R","Bash+1","Iron Wave+1","Flex+1","Inflame","Pommel Strike","Whirlwind","Shrug It Off"],"relics":["Burning Blood","Shuriken","Golden Idol","Smiling Mask","Incense Burner"],"potions_floor_usage":[10,10,16],"damage_taken":[{"damage":2,"enemies":"2 Louse","floor":1,"turns":3},{"damage":7,"enemies":"Jaw Worm","floor":3,"turns":4},{"damage":6,"enemies":"Cultist","floor":4,"turns":4},{"damage":7,"enemies":"2 Fungi Beasts","floor":5,"turns":3},{"damage":24,"enemies":"Lots of Slimes","floor":10,"turns":5},{"damage":0,"enemies":"3 Louse","floor":11,"turns":1},{"damage":29,"enemies":"Hexaghost","floor":16,"turns":9}],"seed_played":"-8723160661216287870","potions_obtained":[{"floor":1,"key":"EssenceOfSteel"},{"floor":4,"key":"EssenceOfSteel"},{"floor":10,"key":"Regen Potion"}],"is_trial":false,"path_per_floor":["M","$","M","M","M","R","?","?","T","M","M","?","R","T","R","B"],"character_chosen":"IRONCLAD","items_purchased":["Inflame"],"campfire_rested":0,"item_purchase_floors":[2],"current_hp_per_floor":[72,72,71,71,70,70,52,26,26,8,14,14,14,14,14,0],"gold":198,"neow_bonus":"THREE_CARDS","is_prod":false,"is_daily":false,"chose_seed":false,"campfire_upgraded":3,"win_rate":0,"timestamp":1566383000,"path_taken":["M","$","M","M","M","R","?","?","T","?","M","?","R","?","R","BOSS"],"build_version":"2019-07-17","purchased_purges":0,"victory":false,"max_hp_per_floor":[75,75,75,75,75,75,75,75,75,75,75,75,75,75,75,75],"card_choices":[{"not_picked":["Bloodletting","Second Wind"],"picked":"Iron Wave","floor":0},{"not_picked":["Seeing Red","Corruption"],"picked":"Flex","floor":1},{"not_picked":["Body Slam","Havoc"],"picked":"Pommel Strike","floor":3},{"not_picked":["Sword Boomerang","Havoc","Iron Wave"],"picked":"SKIP","floor":4},{"not_picked":["Perfected Strike","Warcry","Spot Weakness"],"picked":"SKIP","floor":5},{"not_picked":["Double Tap","Sentinel"],"picked":"Whirlwind","floor":10},{"not_picked":["Body Slam","Carnage"],"picked":"Shrug It Off","floor":11}],"player_experience":609169,"relics_obtained":[{"floor":9,"key":"Smiling Mask"},{"floor":14,"key":"Incense Burner"}],"event_choices":[{"damage_healed":0,"gold_gain":0,"player_choice":"Success","damage_taken":18,"relics_obtained":["Shuriken"],"max_hp_gain":0,"max_hp_loss":0,"event_name":"Scrap Ooze","floor":7,"gold_loss":0},{"damage_healed":0,"gold_gain":0,"player_choice":"Take Damage","damage_taken":26,"relics_obtained":["Golden Idol"],"max_hp_gain":0,"max_hp_loss":0,"event_name":"Golden Idol","floor":8,"gold_loss":0},{"damage_healed":0,"gold_gain":78,"player_choice":"Gained Gold","damage_taken":0,"max_hp_gain":0,"max_hp_loss":0,"event_name":"Golden Wing","floor":12,"gold_loss":0}],"is_beta":false,"boss_relics":[],"items_purged_floors":[],"is_endless":false,"potions_floor_spawned":[1,4,10],"killed_by":"Hexaghost","ascension_level":15}