{"gold_per_floor":[444,444,544,560,577,577,603,616,616,633,273,273,284,294,294,396,396,408,422,422,422],"floor_reached":21,"playtime":1866,"items_purged":["Doubt"],"score":229,"play_id":"c016cafa-4870-43cf-a0de-d6803dc35aa1","local_time":"20190920143230","is_ascension_mode":true,"campfire_choices":[{"data":"Cold Snap","floor":6,"key":"SMITH"},{"floor":12,"key":"REST"},{"data":"Go for the Eyes","floor":15,"key":"SMITH"}],"neow_cost":"NONE","seed_source_timestamp":1009634080823528,"circlet_count":0,"master_deck":["Strike_B","Strike_B","Strike_B","Defend_B","Defend_B","Defend_B","Defend_B","Zap","Dualcast","Ball Lightning","Cold Snap+1","FTL","Blizzard","Go for the Eyes+1","Genetic Algorithm","Electrodynamics","Beam Cell","Capacitor"],"relics":["Calling Bell","Pear","Old Coin","Dodecahedron","Question Card","Turnip","Empty Cage","Nloth\u0027s Gift"],"potions_floor_usage":[8,10,14,16],"damage_taken":[{"damage":11,"enemies":"2 Louse","floor":1,"turns":4},{"damage":12,"enemies":"Small Slimes","floor":4,"turns":2},{"damage":0,"enemies":"Cultist","floor":5,"turns":4},{"damage":25,"enemies":"3 Sentries","floor":7,"turns":7},{"damage":22,"enemies":"Gremlin Gang","floor":8,"turns":5},{"damage":0,"enemies":"2 Fungi Beasts","floor":10,"turns":3},{"damage":4,"enemies":"Looter","floor":13,"turns":3},{"damage":0,"enemies":"Red Slaver","floor":14,"turns":4},{"damage":28,"enemies":"Hexaghost","floor":16,"turns":9},{"damage":22,"enemies":"Spheric Guardian","floor":18,"turns":6},{"damage":2,"enemies":"Chosen","floor":19,"turns":6},{"damage":44,"enemies":"Snake Plant","floor":21,"turns":5}],"seed_played":"-7322705645165877574","potions_obtained":[{"floor":1,"key":"Dexterity Potion"},{"floor":8,"key":"GamblersBrew"},{"floor":13,"key":"PowerPotion"},{"floor":14,"key":"LiquidBronze"}],"is_trial":false,"path_per_floor":["M","?","?","M","M","R","E","M","T","M","$","R","M","M","R","B",null,"M","M","?","M"],"character_chosen":"DEFECT","items_purchased":["Turnip"],"campfire_rested":1,"item_purchase_floors":[11],"current_hp_per_floor":[74,67,67,55,55,55,30,8,8,8,8,33,29,29,29,1,64,42,40,40,0],"gold":422,"neow_bonus":"BOSS_RELIC","is_prod":false,"is_daily":false,"chose_seed":false,"campfire_upgraded":2,"win_rate":0,"timestamp":1569004350,"path_taken":["M","?","?","M","M","R","E","M","T","M","$","R","?","M","R","BOSS","M","?","?","?"],"build_version":"2019-07-17","purchased_purges":1,"victory":false,"max_hp_per_floor":[85,85,85,85,85,85,85,85,85,85,85,85,85,85,85,85,85,85,85,85,85],"card_choices":[{"not_picked":["Reprogram","Conserve Battery"],"picked":"Ball Lightning","floor":1},{"not_picked":["Amplify","Coolheaded"],"picked":"Cold Snap","floor":4},{"not_picked":["Heatsinks","Darkness"],"picked":"FTL","floor":5},{"not_picked":["Storm","Streamline","Auto Shields"],"picked":"SKIP","floor":7},{"not_picked":["Compile Driver","Redo"],"picked":"Blizzard","floor":8},{"not_picked":["Gash","Compile Driver","Ball Lightning"],"picked":"Go for the Eyes","floor":10},{"not_picked":["Aggregate","Leap","Chaos","Auto Shields"],"picked":"SKIP","floor":13},{"not_picked":["Cold Snap","Sweeping Beam","Gash"],"picked":"Genetic Algorithm","floor":14},{"not_picked":["Hyperbeam","All For One","Fission"],"picked":"Electrodynamics","floor":16},{"not_picked":["Stack","Sweeping Beam+1","Hologram"],"picked":"Beam Cell","floor":18},{"not_picked":["Lockon","Barrage","Darkness"],"picked":"Capacitor","floor":19}],"player_experience":273089,"relics_obtained":[{"floor":0,"key":"Tiny Chest"},{"floor":0,"key":"Pear"},{"floor":0,"key":"Old Coin"},{"floor":7,"key":"Dodecahedron"},{"floor":9,"key":"Question Card"}],"event_choices":[{"cards_removed":["Shame"],"damage_healed":0,"gold_gain":0,"player_choice":"Card Removal","damage_taken":7,"max_hp_gain":0,"max_hp_loss":0,"event_name":"Golden Wing","floor":2,"gold_loss":0},{"damage_healed":0,"gold_gain":100,"player_choice":"Pray","damage_taken":0,"max_hp_gain":0,"max_hp_loss":0,"event_name":"Golden Shrine","floor":3,"gold_loss":0},{"damage_healed":0,"gold_gain":0,"player_choice":"Traded Relic","damage_taken":0,"relics_obtained":["Nloth\u0027s Gift"],"max_hp_gain":0,"max_hp_loss":0,"event_name":"N\u0027loth","floor":20,"relics_lost":["Tiny Chest"],"gold_loss":0}],"is_beta":false,"boss_relics":[{"not_picked":["Cursed Key","Runic Pyramid"],"picked":"Empty Cage"}],"items_purged_floors":[11],"is_endless":false,"potions_floor_spawned":[1,8,13,14],"killed_by":"Snake Plant","ascension_level":5}