{"gold_per_floor":[113,113,133,149,74,101,101,121,121,46,46,65,90,103,103,208,208,221,239,93,119,132,132,132,132,208,208,218,233,148,148,148,250,250,269,18,35,35,47,79,91,102,102,102,102,102,62,75,75,75],"floor_reached":50,"playtime":3020,"items_purged":["Strike_R","Strike_R","Strike_R"],"score":702,"play_id":"2061b597-54b2-4663-9334-330564e43289","local_time":"20190215042337","is_ascension_mode":true,"campfire_choices":[{"data":"Corruption","floor":11.0,"key":"SMITH"},{"floor":15.0,"key":"REST"},{"data":"Whirlwind","floor":23.0,"key":"SMITH"},{"floor":25.0,"key":"REST"},{"data":"True Grit","floor":27.0,"key":"SMITH"},{"data":"Pommel Strike","floor":32.0,"key":"SMITH"},{"floor":44.0,"key":"REST"},{"data":"Blind","floor":46.0,"key":"SMITH"},{"floor":49.0,"key":"REST"}],"neow_cost":"NONE","seed_source_timestamp":87601704917389,"circlet_count":0,"master_deck":["Strike_R","Defend_R","Defend_R","Defend_R","Defend_R","Bash+1","Cleave+1","True Grit+1","Sword Boomerang","Inflame","Reaper","Whirlwind+1","Corruption+1","Anger","Flame Barrier","Pommel Strike+1","Bludgeon","Pommel Strike+1","Shrug It Off","RitualDagger","Shame","Impervious","Disarm","Writhe","Juggernaut","Iron Wave","Intimidate","Intimidate+1","Decay","Dramatic Entrance","Blind+1","Uppercut"],"special_seed":0,"relics":["Burning Blood","Boot","Oddly Smooth Stone","Bottled Lightning","Turnip","Cursed Key","Red Mask","Meat on the Bone","Gremlin Horn","Pantograph","Philosopher\u0027s Stone","Blue Candle","Dodecahedron"],"potions_floor_usage":[50,50,50],"damage_taken":[{"damage":7.0,"enemies":"2 Louse","floor":1.0,"turns":4.0},{"damage":1.0,"enemies":"Cultist","floor":3.0,"turns":4.0},{"damage":4.0,"enemies":"Jaw Worm","floor":4.0,"turns":3.0},{"damage":28.0,"enemies":"Lagavulin","floor":6.0,"turns":7.0},{"damage":22.0,"enemies":"Exordium Thugs","floor":8.0,"turns":4.0},{"damage":6.0,"enemies":"2 Fungi Beasts","floor":12.0,"turns":2.0},{"damage":32.0,"enemies":"Gremlin Nob","floor":13.0,"turns":4.0},{"damage":11.0,"enemies":"Looter","floor":14.0,"turns":3.0},{"damage":30.0,"enemies":"Slime Boss","floor":16.0,"turns":7.0},{"damage":5.0,"enemies":"Spheric Guardian","floor":18.0,"turns":3.0},{"damage":15.0,"enemies":"Shell Parasite","floor":19.0,"turns":4.0},{"damage":33.0,"enemies":"Masked Bandits","floor":21.0,"turns":5.0},{"damage":12.0,"enemies":"Snecko","floor":22.0,"turns":3.0},{"damage":7.0,"enemies":"Snake Plant","floor":28.0,"turns":4.0},{"damage":14.0,"enemies":"Cultist and Chosen","floor":29.0,"turns":4.0},{"damage":75.0,"enemies":"Automaton","floor":33.0,"turns":11.0},{"damage":38.0,"enemies":"3 Shapes","floor":35.0,"turns":3.0},{"damage":21.0,"enemies":"3 Darklings","floor":37.0,"turns":3.0},{"damage":26.0,"enemies":"Maw","floor":39.0,"turns":8.0},{"damage":57.0,"enemies":"Giant Head","floor":40.0,"turns":8.0},{"damage":27.0,"enemies":"Transient","floor":41.0,"turns":5.0},{"damage":40.0,"enemies":"4 Shapes","floor":42.0,"turns":9.0},{"damage":42.0,"enemies":"Sphere and 2 Shapes","floor":48.0,"turns":5.0},{"damage":87,"enemies":"Time Eater","floor":50,"turns":11}],"seed_played":"-4066474701031843709","potions_obtained":[{"floor":3.0,"key":"Block Potion"},{"floor":8.0,"key":"Explosive Potion"},{"floor":12.0,"key":"FearPotion"},{"floor":13.0,"key":"FearPotion"},{"floor":18.0,"key":"BloodPotion"},{"floor":21.0,"key":"PowerPotion"},{"floor":29.0,"key":"Dexterity Potion"},{"floor":38.0,"key":"Regen Potion"},{"floor":38.0,"key":"AttackPotion"},{"floor":39.0,"key":"PowerPotion"},{"floor":40.0,"key":"EssenceOfSteel"},{"floor":42.0,"key":"Dexterity Potion"},{"floor":48.0,"key":"SkillPotion"}],"is_trial":false,"path_per_floor":["M","?","M","M","$","E","?","M","T","$","R","M","E","M","R","B",null,"M","M","$","?","M","R","?","R","T","R","M","M","?","?","R","B",null,"M","$","M","?","M","E","M","M","T","R","?","R","$","M","R","B"],"character_chosen":"IRONCLAD","items_purchased":["Corruption","Shrug It Off","Iron Wave","Intimidate","Uppercut"],"campfire_rested":4,"item_purchase_floors":[10,20,36,36,47],"current_hp_per_floor":[71,71,76,78,78,56,40,35,35,35,35,45,24,24,48,42,71,72,63,63,41,43,43,37,61,61,61,60,52,52,52,52,26,67,47,47,56,56,54,25,31,29,29,53,43,43,43,24,48,0],"gold":75,"neow_bonus":"RANDOM_COMMON_RELIC","is_prod":false,"is_daily":false,"chose_seed":false,"campfire_upgraded":5,"win_rate":0,"timestamp":1550233417,"path_taken":["M","?","M","M","?","E","?","?","T","$","R","M","E","M","R","BOSS","M","M","$","?","M","R","?","R","T","R","M","M","?","?","R","BOSS","M","$","M","?","M","E","?","M","T","R","?","R","$","M","R","BOSS"],"build_version":"2019-01-23","purchased_purges":3,"victory":false,"max_hp_per_floor":[80,80,80,80,80,80,80,80,80,80,80,80,80,80,80,80,80,80,80,80,80,80,80,80,80,80,80,80,80,80,80,80,80,80,80,80,80,80,80,80,80,80,80,80,80,80,80,80,80,80],"card_choices":[{"not_picked":["Battle Trance","Headbutt"],"picked":"Cleave","floor":1.0},{"not_picked":["Dual Wield","Wild Strike"],"picked":"Sword Boomerang","floor":3.0},{"not_picked":["Sword Boomerang","Carnage"],"picked":"Inflame","floor":4.0},{"not_picked":["Warcry","Twin Strike"],"picked":"Reaper","floor":6.0},{"not_picked":["Sword Boomerang","Flex"],"picked":"Whirlwind","floor":8.0},{"not_picked":["Rupture","Armaments"],"picked":"Anger","floor":12.0},{"not_picked":["Bludgeon","Combust"],"picked":"Flame Barrier","floor":13.0},{"not_picked":["Second Wind","Dual Wield"],"picked":"Pommel Strike","floor":14.0},{"not_picked":["Brutality","Berserk"],"picked":"Bludgeon","floor":16.0},{"not_picked":["Thunderclap","Cleave","Second Wind"],"picked":"SKIP","floor":18.0},{"not_picked":["Wild Strike","Headbutt"],"picked":"Pommel Strike+1","floor":19.0},{"not_picked":["Seeing Red","Metallicize","Blood for Blood"],"picked":"SKIP","floor":22.0},{"not_picked":["Anger","Clothesline+1"],"picked":"Impervious","floor":28.0},{"not_picked":["Twin Strike","Thunderclap"],"picked":"Disarm","floor":29.0},{"not_picked":["Exhume","Immolate"],"picked":"Juggernaut","floor":33.0},{"not_picked":["Anger+1","Sword Boomerang+1","Thunderclap"],"picked":"SKIP","floor":35.0},{"not_picked":["Perfected Strike+1","Thunderclap","Havoc+1"],"picked":"SKIP","floor":37.0},{"not_picked":["Bloodletting+1","Heavy Blade"],"picked":"Intimidate+1","floor":39.0},{"not_picked":["Perfected Strike+1","Cleave","Intimidate+1"],"picked":"SKIP","floor":40.0},{"not_picked":["Body Slam+1","Flame Barrier+1","Pommel Strike+1"],"picked":"SKIP","floor":41.0},{"not_picked":["Wild Strike","Sever Soul+1","Perfected Strike"],"picked":"SKIP","floor":42.0},{"not_picked":["Blind","Secret Technique"],"picked":"Dramatic Entrance","floor":45.0},{"not_picked":["Good Instincts","Jack Of All Trades"],"picked":"Blind","floor":45.0},{"not_picked":["Dual Wield+1","Shrug It Off","Wild Strike+1"],"picked":"SKIP","floor":48.0}],"player_experience":975127,"relics_obtained":[{"floor":6.0,"key":"Oddly Smooth Stone"},{"floor":9.0,"key":"Bottled Lightning"},{"floor":13.0,"key":"Turnip"},{"floor":21.0,"key":"Red Mask"},{"floor":26.0,"key":"Meat on the Bone"},{"floor":40.0,"key":"Blue Candle"},{"floor":43.0,"key":"Dodecahedron"}],"event_choices":[{"damage_healed":0.0,"max_hp_gain":0.0,"max_hp_loss":0.0,"gold_gain":0.0,"cards_transformed":["Strike_R"],"event_name":"Transmorgrifier","player_choice":"Transformed","floor":2.0,"gold_loss":0.0,"damage_taken":0.0,"cards_obtained":["True Grit"]},{"damage_healed":0.0,"max_hp_gain":0.0,"max_hp_loss":0.0,"gold_gain":0.0,"event_name":"Shining Light","player_choice":"Entered Light","floor":7.0,"gold_loss":0.0,"damage_taken":16.0,"cards_upgraded":["Cleave","Bash"]},{"damage_healed":0.0,"max_hp_gain":0.0,"max_hp_loss":0.0,"gold_gain":0.0,"event_name":"Masked Bandits","player_choice":"Fought Bandits","floor":21.0,"gold_loss":0.0,"damage_taken":0.0},{"damage_healed":0.0,"max_hp_gain":0.0,"max_hp_loss":0.0,"gold_gain":0.0,"event_name":"Nest","player_choice":"Joined the Cult","floor":24.0,"gold_loss":0.0,"damage_taken":6.0,"cards_obtained":["RitualDagger"]},{"damage_healed":0.0,"max_hp_gain":0.0,"max_hp_loss":0.0,"gold_gain":0.0,"event_name":"Addict","player_choice":"Obtained Relic","floor":30.0,"gold_loss":85.0,"damage_taken":0.0,"relics_obtained":["Gremlin Horn"]},{"damage_healed":0.0,"max_hp_gain":0.0,"max_hp_loss":0.0,"gold_gain":0.0,"event_name":"The Mausoleum","player_choice":"Opened","floor":31.0,"gold_loss":0.0,"damage_taken":0.0,"relics_obtained":["Pantograph"],"cards_obtained":["Writhe"]},{"damage_healed":0.0,"max_hp_gain":0.0,"max_hp_loss":0.0,"gold_gain":0.0,"event_name":"Lab","player_choice":"Got Potions","floor":38.0,"gold_loss":0.0,"damage_taken":0.0},{"damage_healed":0.0,"max_hp_gain":0.0,"max_hp_loss":0.0,"gold_gain":0.0,"event_name":"SensoryStone","player_choice":"Memory 3","floor":45.0,"gold_loss":0.0,"damage_taken":10.0}],"is_beta":false,"boss_relics":[{"not_picked":["Runic Pyramid","Eternal Feather"],"picked":"Cursed Key"},{"not_picked":["Orrery","Astrolabe"],"picked":"Philosopher\u0027s Stone"}],"items_purged_floors":[5,20,36],"is_endless":false,"potions_floor_spawned":[3,8,12,13,18,21,29,39,40,42,48],"killed_by":"Time Eater","ascension_level":9}