{"gold_per_floor":[116,132,132,132,149,149,169,169,194,254,254,101,111,136,136,136],"floor_reached":16,"playtime":851,"items_purged":["Strike_R"],"score":180,"play_id":"f288e4e9-0e6d-4ff6-b8df-38200c53730f","local_time":"20190915214753","is_ascension_mode":true,"campfire_choices":[{"data":"Whirlwind","floor":6,"key":"SMITH"},{"data":"Double Tap","floor":8,"key":"SMITH"},{"data":"Battle Trance","floor":11,"key":"SMITH"},{"data":"Disarm","floor":15,"key":"SMITH"}],"neow_cost":"NONE","seed_source_timestamp":411761843590843,"circlet_count":0,"master_deck":["AscendersBane","Strike_R+1","Strike_R","Strike_R+1","Strike_R","Defend_R","Defend_R","Defend_R","Defend_R","Bash","Double Tap+1","Battle Trance+1","Whirlwind+1","Disarm+1","Clothesline"],"relics":["Burning Blood","Pen Nib","PreservedInsect","Whetstone"],"potions_floor_usage":[10,16],"damage_taken":[{"damage":1,"enemies":"Cultist","floor":1,"turns":3},{"damage":9,"enemies":"Jaw Worm","floor":2,"turns":5},{"damage":9,"enemies":"Small Slimes","floor":5,"turns":4},{"damage":11,"enemies":"Blue Slaver","floor":7,"turns":3},{"damage":15,"enemies":"3 Sentries","floor":10,"turns":3},{"damage":10,"enemies":"Large Slime","floor":13,"turns":5},{"damage":52,"enemies":"Hexaghost","floor":16,"turns":13}],"seed_played":"4867542734007191404","potions_obtained":[{"floor":1,"key":"PowerPotion"},{"floor":5,"key":"SpeedPotion"},{"floor":13,"key":"GamblersBrew"}],"is_trial":false,"path_per_floor":["M","M","?","$","M","R","M","R","T","?","R","$","M","T","R","B"],"character_chosen":"IRONCLAD","items_purchased":["Disarm"],"campfire_rested":0,"item_purchase_floors":[12],"current_hp_per_floor":[73,70,70,70,67,67,62,62,62,53,53,53,49,49,49,0],"gold":136,"neow_bonus":"ONE_RANDOM_RARE_CARD","is_prod":false,"is_daily":false,"chose_seed":false,"campfire_upgraded":4,"win_rate":0,"timestamp":1568609273,"path_taken":["M","?","?","$","M","R","M","R","T","?","R","$","M","?","R","BOSS"],"build_version":"2019-07-17","purchased_purges":1,"victory":false,"max_hp_per_floor":[75,75,75,75,75,75,75,75,75,75,75,75,75,75,75,75],"card_choices":[{"not_picked":["Rupture","Disarm"],"picked":"Battle Trance","floor":1},{"not_picked":["Second Wind","Dual Wield","Entrench"],"picked":"SKIP","floor":2},{"not_picked":["Twin Strike","Seeing Red"],"picked":"Whirlwind","floor":5},{"not_picked":["Sword Boomerang","Clash","Body Slam"],"picked":"SKIP","floor":7},{"not_picked":["Bloodletting","Clash"],"picked":"Clothesline","floor":13}],"player_experience":1143036,"relics_obtained":[{"floor":9,"key":"Pen Nib"},{"floor":10,"key":"PreservedInsect"},{"floor":14,"key":"Whetstone"}],"event_choices":[{"damage_healed":0,"gold_gain":0,"player_choice":"Leave","damage_taken":0,"max_hp_gain":0,"max_hp_loss":0,"event_name":"The Cleric","floor":3,"gold_loss":0},{"damage_healed":0,"gold_gain":0,"player_choice":"Searched \u00272\u0027 times","damage_taken":0,"max_hp_gain":0,"max_hp_loss":0,"event_name":"Dead Adventurer","floor":10,"gold_loss":0}],"is_beta":false,"boss_relics":[],"items_purged_floors":[12],"is_endless":false,"potions_floor_spawned":[1,5,13],"killed_by":"Hexaghost","ascension_level":20}