{"gold_per_floor":[362,362,376,388,98,98,98,116,198,214,235,235,235,270,270,364,364,388,388,412,462,505,505,505,505,530,227,261,280,296,171,171,171],"floor_reached":33,"playtime":1443,"items_purged":["Writhe","Decay","Strike_R"],"score":530,"play_id":"adac2266-5896-4e34-820b-851c2d15dc65","local_time":"20190916013321","is_ascension_mode":true,"campfire_choices":[{"data":"Apotheosis","floor":6.0,"key":"SMITH"},{"data":"Searing Blow+1","floor":12.0,"key":"SMITH"},{"data":"Searing Blow+3","floor":15.0,"key":"SMITH"},{"data":"Searing Blow+4","floor":23.0,"key":"SMITH"},{"data":"Searing Blow+5","floor":25.0,"key":"SMITH"},{"data":"Searing Blow+6","floor":32.0,"key":"SMITH"}],"neow_cost":"CURSE","seed_source_timestamp":424509466655070,"circlet_count":0,"master_deck":["AscendersBane","Strike_R","Strike_R","Strike_R","Strike_R","Defend_R+1","Defend_R+1","Defend_R","Defend_R","Bash","True Grit","Pommel Strike","Apotheosis+1","Feed","Searing Blow+7","Intimidate","Shrug It Off","Flame Barrier","Armaments","Shockwave","Headbutt+1","Body Slam+1"],"special_seed":0,"relics":["Burning Blood","War Paint","Golden Idol","Molten Egg 2","Orichalcum","Velvet Choker","Red Mask","Bag of Marbles","Happy Flower","Shuriken"],"potions_floor_usage":[33],"damage_taken":[{"damage":7.0,"enemies":"2 Louse","floor":1.0,"turns":4.0},{"damage":2.0,"enemies":"Small Slimes","floor":3.0,"turns":4.0},{"damage":13.0,"enemies":"Jaw Worm","floor":4.0,"turns":5.0},{"damage":5.0,"enemies":"Red Slaver","floor":8.0,"turns":6.0},{"damage":0.0,"enemies":"Large Slime","floor":10.0,"turns":4.0},{"damage":0.0,"enemies":"2 Fungi Beasts","floor":11.0,"turns":3.0},{"damage":36.0,"enemies":"Gremlin Nob","floor":14.0,"turns":4.0},{"damage":28.0,"enemies":"Hexaghost","floor":16.0,"turns":9.0},{"damage":0.0,"enemies":"Chosen","floor":18.0,"turns":3.0},{"damage":0.0,"enemies":"3 Byrds","floor":20.0,"turns":3.0},{"damage":1.0,"enemies":"Masked Bandits","floor":22.0,"turns":6.0},{"damage":42.0,"enemies":"Slavers","floor":28.0,"turns":8.0},{"damage":18.0,"enemies":"3 Cultists","floor":29.0,"turns":5.0},{"damage":13.0,"enemies":"Cultist and Chosen","floor":30.0,"turns":4.0},{"damage":44,"enemies":"Automaton","floor":33,"turns":6}],"seed_played":"-9070966430699314802","potions_obtained":[{"floor":3.0,"key":"Energy Potion"},{"floor":11.0,"key":"BloodPotion"},{"floor":20.0,"key":"Ancient Potion"},{"floor":29.0,"key":"PowerPotion"}],"is_trial":false,"path_per_floor":["M","?","M","M","$","R","?","M","T","M","M","R","?","E","R","B",null,"M","?","M","?","?","R","?","R","T","$","E","M","M","$","R","B"],"character_chosen":"IRONCLAD","items_purchased":["Apotheosis","Happy Flower","Armaments"],"campfire_rested":0,"item_purchase_floors":[5,27,27],"current_hp_per_floor":[67,56,60,53,53,53,53,54,54,64,70,70,70,58,58,36,63,69,69,72,72,76,76,76,76,76,76,40,32,28,28,28,0],"gold":171,"neow_bonus":"TWO_FIFTY_GOLD","is_prod":false,"is_daily":false,"chose_seed":false,"campfire_upgraded":6,"win_rate":0,"timestamp":1568622801,"path_taken":["M","?","M","M","$","R","?","M","T","M","M","R","?","E","R","BOSS","M","?","?","?","?","R","?","R","T","$","E","?","M","?","R","BOSS"],"build_version":"2019-07-17","purchased_purges":3,"victory":false,"max_hp_per_floor":[75,75,75,75,75,75,68,68,68,72,72,72,72,72,72,72,72,72,72,72,72,76,76,76,76,76,76,76,80,83,83,83,83],"card_choices":[{"not_picked":["Sentinel","Twin Strike"],"picked":"True Grit","floor":1.0},{"not_picked":["Pommel Strike","Ghostly Armor","Bloodletting"],"picked":"SKIP","floor":3.0},{"not_picked":["Iron Wave","Clash"],"picked":"Pommel Strike","floor":4.0},{"not_picked":["Second Wind","Flex"],"picked":"Feed","floor":8.0},{"not_picked":["Spot Weakness","Iron Wave+1"],"picked":"Searing Blow+1","floor":10.0},{"not_picked":["Heavy Blade+1","Thunderclap+1"],"picked":"Intimidate","floor":11.0},{"not_picked":["Armaments","Clash+1"],"picked":"Shrug It Off","floor":14.0},{"not_picked":["Armaments","Dual Wield"],"picked":"Flame Barrier","floor":18.0},{"not_picked":["Hemokinesis+1","Twin Strike+1","Perfected Strike+1"],"picked":"SKIP","floor":20.0},{"not_picked":["Body Slam+1","Flame Barrier"],"picked":"Shockwave","floor":28.0},{"not_picked":["Havoc","Twin Strike+1"],"picked":"Headbutt+1","floor":29.0},{"not_picked":["Bloodletting","Demon Form"],"picked":"Body Slam+1","floor":30.0}],"player_experience":1151013,"relics_obtained":[{"floor":9.0,"key":"Molten Egg 2"},{"floor":14.0,"key":"Orichalcum"},{"floor":22.0,"key":"Red Mask"},{"floor":26.0,"key":"Bag of Marbles"},{"floor":28.0,"key":"Shuriken"}],"event_choices":[{"damage_healed":0.0,"max_hp_gain":0.0,"max_hp_loss":0.0,"gold_gain":0.0,"event_name":"Scrap Ooze","player_choice":"Success","floor":2.0,"gold_loss":0.0,"damage_taken":11.0,"relics_obtained":["War Paint"]},{"damage_healed":0.0,"max_hp_gain":0.0,"max_hp_loss":7.0,"gold_gain":0.0,"event_name":"Golden Idol","player_choice":"Lose Max HP","floor":7.0,"gold_loss":0.0,"damage_taken":0.0,"relics_obtained":["Golden Idol"]},{"damage_healed":0.0,"max_hp_gain":0.0,"max_hp_loss":0.0,"gold_gain":0.0,"event_name":"Living Wall","player_choice":"Grow","floor":13.0,"gold_loss":0.0,"damage_taken":0.0,"cards_upgraded":["Searing Blow"]},{"damage_healed":0.0,"max_hp_gain":0.0,"max_hp_loss":0.0,"gold_gain":0.0,"event_name":"Wheel of Change","player_choice":"Cursed","floor":19.0,"gold_loss":0.0,"damage_taken":0.0,"cards_obtained":["Decay"]},{"damage_healed":0.0,"max_hp_gain":0.0,"max_hp_loss":0.0,"gold_gain":50.0,"event_name":"Nest","player_choice":"Stole From Cult","floor":21.0,"gold_loss":0.0,"damage_taken":0.0},{"damage_healed":0.0,"max_hp_gain":0.0,"max_hp_loss":0.0,"gold_gain":0.0,"event_name":"Masked Bandits","player_choice":"Fought Bandits","floor":22.0,"gold_loss":0.0,"damage_taken":0.0},{"damage_healed":0.0,"max_hp_gain":0.0,"max_hp_loss":0.0,"gold_gain":0.0,"event_name":"N\u0027loth","player_choice":"Ignored","floor":24.0,"gold_loss":0.0,"damage_taken":0.0}],"is_beta":false,"boss_relics":[{"not_picked":["Pandora\u0027s Box","Astrolabe"],"picked":"Velvet Choker"}],"items_purged_floors":[5,27,31],"is_endless":false,"potions_floor_spawned":[3,11,20,29],"killed_by":"Automaton","ascension_level":20}