{"gold_per_floor":[210,210,228,228,153,153,166,166,189,89,89,89,89,110,110,239,239,252,252,127,147,161,186,186,119,419,439,439,439,473,497,497,497],"floor_reached":33,"playtime":1210,"items_purged":["Strike_R","Strike_R","Strike_R"],"score":255,"play_id":"625453a1-f9c2-43ac-9f37-517f5453d58e","local_time":"20190410220931","is_ascension_mode":false,"campfire_choices":[{"data":"Bash","floor":6.0,"key":"SMITH"},{"data":"Thunderclap","floor":8.0,"key":"SMITH"},{"data":"Defend_R","floor":13.0,"key":"SMITH"},{"data":"Dropkick","floor":15.0,"key":"SMITH"},{"floor":24.0,"key":"REST"},{"floor":32,"key":"REST"}],"neow_cost":"NONE","seed_source_timestamp":137435043401045,"circlet_count":0,"master_deck":["Strike_R","Defend_R+1","Defend_R+1","Defend_R","Bash+1","Thunderclap+1","Dropkick+1","Dropkick"],"special_seed":0,"relics":["Burning Blood","Blood Vial","Golden Idol","Eternal Feather","Old Coin","Shuriken"],"potions_floor_usage":[30,33],"damage_taken":[{"damage":2.0,"enemies":"Small Slimes","floor":1.0,"turns":5.0},{"damage":2.0,"enemies":"2 Louse","floor":3.0,"turns":3.0},{"damage":6.0,"enemies":"Jaw Worm","floor":7.0,"turns":4.0},{"damage":5.0,"enemies":"Red Slaver","floor":14.0,"turns":4.0},{"damage":39.0,"enemies":"The Guardian","floor":16.0,"turns":12.0},{"damage":19.0,"enemies":"Shell Parasite","floor":18.0,"turns":8.0},{"damage":15.0,"enemies":"Chosen","floor":21.0,"turns":5.0},{"damage":28.0,"enemies":"Centurion and Healer","floor":22.0,"turns":7.0},{"damage":18.0,"enemies":"Chosen and Byrds","floor":23.0,"turns":5.0},{"damage":13.0,"enemies":"3 Cultists","floor":27.0,"turns":5.0},{"damage":13.0,"enemies":"Colosseum Slavers","floor":28.0,"turns":4.0},{"damage":30,"enemies":"Slavers","floor":30,"turns":5},{"damage":14,"enemies":"Snecko","floor":31,"turns":5},{"damage":34,"enemies":"Automaton","floor":33,"turns":6}],"seed_played":"8767959686151625370","potions_obtained":[{"floor":7.0,"key":"FearPotion"},{"floor":14.0,"key":"AttackPotion"},{"floor":21.0,"key":"SteroidPotion"},{"floor":22.0,"key":"Fire Potion"},{"floor":27.0,"key":"Block Potion"},{"floor":31,"key":"Dexterity Potion"}],"is_trial":false,"path_per_floor":["M","?","M","?","$","R","M","R","T","$","?","?","R","M","R","B",null,"M","?","$","M","M","M","R","$","T","M","?","?","E","M","R","B"],"character_chosen":"IRONCLAD","items_purchased":["Dropkick"],"campfire_rested":2,"item_purchase_floors":[25],"current_hp_per_floor":[80,80,80,80,80,80,80,80,80,80,60,53,53,56,56,25,80,67,67,67,60,40,30,57,57,57,52,47,47,25,19,46,14],"gold":497,"neow_bonus":"HUNDRED_GOLD","is_prod":false,"is_daily":false,"chose_seed":false,"campfire_upgraded":4,"win_rate":0,"timestamp":1554959371,"path_taken":["M","?","M","?","$","R","M","R","T","$","?","?","R","M","R","BOSS","M","?","$","?","M","M","R","$","T","M","?","?","E","M","R","BOSS"],"build_version":"2019-01-23","purchased_purges":3,"victory":false,"max_hp_per_floor":[80,80,80,80,80,80,80,80,80,80,80,80,80,80,80,80,80,80,80,80,80,80,80,80,80,80,80,80,80,80,80,80,80],"card_choices":[{"not_picked":["Havoc","Shrug It Off"],"picked":"Thunderclap","floor":1.0},{"not_picked":["Flex","Perfected Strike","Thunderclap"],"picked":"SKIP","floor":3.0},{"not_picked":["Anger","Double Tap","Reckless Charge"],"picked":"SKIP","floor":7.0},{"not_picked":["Iron Wave","Armaments"],"picked":"Dropkick","floor":14.0},{"not_picked":["True Grit","Iron Wave","Pummel+1"],"picked":"SKIP","floor":18.0},{"not_picked":["Feel No Pain","Power Through","Cleave"],"picked":"SKIP","floor":21.0},{"not_picked":["Shrug It Off","Warcry+1","Pommel Strike"],"picked":"SKIP","floor":22.0},{"not_picked":["Flex","Perfected Strike","Heavy Blade"],"picked":"SKIP","floor":23.0},{"not_picked":["Rupture","Pommel Strike","Body Slam+1"],"picked":"SKIP","floor":27.0},{"not_picked":["Body Slam","Reaper","Dual Wield"],"picked":"SKIP","floor":30},{"not_picked":["Body Slam","Reaper","Dual Wield"],"picked":"SKIP","floor":30},{"not_picked":["Entrench+1","Heavy Blade","Shockwave"],"picked":"SKIP","floor":31}],"player_experience":1014490,"relics_obtained":[{"floor":9.0,"key":"Blood Vial"},{"floor":26.0,"key":"Old Coin"},{"floor":30,"key":"Shuriken"}],"event_choices":[{"damage_healed":0.0,"max_hp_gain":0.0,"max_hp_loss":0.0,"gold_gain":0.0,"event_name":"Liars Game","player_choice":"Ignored","floor":2.0,"gold_loss":0.0,"damage_taken":0.0},{"cards_removed":["Strike_R"],"damage_healed":0.0,"max_hp_gain":0.0,"max_hp_loss":0.0,"gold_gain":0.0,"event_name":"Living Wall","player_choice":"Forget","floor":4.0,"gold_loss":0.0,"damage_taken":0.0},{"damage_healed":0.0,"max_hp_gain":0.0,"max_hp_loss":0.0,"gold_gain":0.0,"event_name":"Golden Idol","player_choice":"Take Damage","floor":11.0,"gold_loss":0.0,"damage_taken":20.0,"relics_obtained":["Golden Idol"]},{"cards_removed":["Defend_R"],"damage_healed":0.0,"max_hp_gain":0.0,"max_hp_loss":0.0,"gold_gain":0.0,"event_name":"Golden Wing","player_choice":"Card Removal","floor":12.0,"gold_loss":0.0,"damage_taken":7.0},{"damage_healed":0.0,"max_hp_gain":0.0,"max_hp_loss":0.0,"gold_gain":0.0,"event_name":"Upgrade Shrine","player_choice":"Upgraded","floor":19.0,"gold_loss":0.0,"damage_taken":0.0,"cards_upgraded":["Defend_R"]},{"damage_healed":0.0,"max_hp_gain":0.0,"max_hp_loss":0.0,"gold_gain":0.0,"event_name":"Colosseum","player_choice":"Fight","floor":28.0,"gold_loss":0.0,"damage_taken":0.0},{"damage_healed":0.0,"max_hp_gain":0.0,"max_hp_loss":0.0,"gold_gain":0.0,"event_name":"Colosseum","player_choice":"Fled From Nobs","floor":28.0,"gold_loss":0.0,"damage_taken":0.0},{"damage_healed":0.0,"max_hp_gain":0.0,"max_hp_loss":0.0,"gold_gain":0.0,"event_name":"Duplicator","player_choice":"Ignored","floor":29.0,"gold_loss":0.0,"damage_taken":0.0}],"is_beta":false,"boss_relics":[{"not_picked":["Philosopher\u0027s Stone","Mark of Pain"],"picked":"Eternal Feather"}],"items_purged_floors":[5,10,20],"is_endless":false,"potions_floor_spawned":[7,14,21,22,27,31],"killed_by":"Automaton","ascension_level":0}