{"gold_per_floor":[114,114,189,205,205,205,230,230,279,30,64,77,105,4,4,4],"floor_reached":16,"playtime":714,"items_purged":["Strike_R"],"score":197,"play_id":"f1ae2aaa-3b8e-4d84-82f7-49a7508c9aa5","local_time":"20190830023144","is_ascension_mode":true,"campfire_choices":[{"floor":6.0,"key":"REST"},{"floor":8.0,"key":"REST"},{"floor":15.0,"key":"REST"}],"neow_cost":"NONE","seed_source_timestamp":482947030255700,"circlet_count":0,"master_deck":["AscendersBane","Strike_R","Strike_R","Strike_R+1","Defend_R","Defend_R","Defend_R","Defend_R","Bash","Feel No Pain","Feel No Pain+1","Warcry","Immolate","True Grit","Shockwave","Inflame","Carnage"],"special_seed":0,"relics":["Burning Blood","Shuriken","Smiling Mask","Singing Bowl","Bottled Flame"],"potions_floor_usage":[16],"damage_taken":[{"damage":10.0,"enemies":"Cultist","floor":1.0,"turns":4.0},{"damage":25.0,"enemies":"Jaw Worm","floor":4.0,"turns":5.0},{"damage":30.0,"enemies":"Gremlin Nob","floor":7.0,"turns":5.0},{"damage":17.0,"enemies":"3 Sentries","floor":11.0,"turns":9.0},{"damage":0.0,"enemies":"2 Louse","floor":12.0,"turns":1.0},{"damage":37.0,"enemies":"Gremlin Nob","floor":13.0,"turns":6.0},{"damage":81,"enemies":"The Guardian","floor":16,"turns":11}],"seed_played":"-766769623973000510","potions_obtained":[{"floor":4.0,"key":"Fruit Juice"},{"floor":11.0,"key":"EssenceOfSteel"},{"floor":13.0,"key":"Poison Potion"}],"is_trial":false,"path_per_floor":["M","?","?","M","?","R","E","R","T","$","E","M","E","$","R","B"],"character_chosen":"IRONCLAD","items_purchased":["Immolate","True Grit","Inflame","Carnage"],"campfire_rested":3,"item_purchase_floors":[10,10,14,14],"current_hp_per_floor":[71,64,53,34,23,49,25,51,51,51,42,50,19,19,46,0],"gold":4,"neow_bonus":"TEN_PERCENT_HP_BONUS","is_prod":false,"is_daily":false,"chose_seed":false,"campfire_upgraded":0,"win_rate":0,"timestamp":1567157504,"path_taken":["M","?","?","M","?","R","E","R","T","?","E","M","E","$","R","BOSS"],"build_version":"2019-07-17","purchased_purges":1,"victory":false,"max_hp_per_floor":[82,82,82,82,87,87,87,87,87,87,89,91,91,91,91,91],"card_choices":[{"not_picked":["Sword Boomerang","Twin Strike"],"picked":"Feel No Pain","floor":1.0},{"not_picked":["Evolve","Anger"],"picked":"Feel No Pain","floor":4.0},{"not_picked":["Sever Soul","Sword Boomerang"],"picked":"Warcry","floor":7.0},{"not_picked":["Fire Breathing","Power Through","Sentinel"],"picked":"Singing Bowl","floor":11.0},{"not_picked":["Sword Boomerang","Anger","Perfected Strike"],"picked":"Singing Bowl","floor":12.0},{"not_picked":["Body Slam","Anger"],"picked":"Shockwave","floor":13.0}],"player_experience":1347054,"relics_obtained":[{"floor":7.0,"key":"Shuriken"},{"floor":9.0,"key":"Smiling Mask"},{"floor":11.0,"key":"Singing Bowl"},{"floor":13.0,"key":"Bottled Flame"}],"event_choices":[{"cards_removed":["Strike_R"],"damage_healed":0.0,"max_hp_gain":0.0,"max_hp_loss":0.0,"gold_gain":0.0,"event_name":"Golden Wing","player_choice":"Card Removal","floor":2.0,"gold_loss":0.0,"damage_taken":7.0},{"damage_healed":0.0,"max_hp_gain":0.0,"max_hp_loss":0.0,"gold_gain":75.0,"event_name":"World of Goop","player_choice":"Gather Gold","floor":3.0,"gold_loss":0.0,"damage_taken":11.0},{"damage_healed":0.0,"max_hp_gain":0.0,"max_hp_loss":0.0,"gold_gain":0.0,"event_name":"Shining Light","player_choice":"Entered Light","floor":5.0,"gold_loss":0.0,"damage_taken":16.0,"cards_upgraded":["Strike_R","Feel No Pain"]}],"is_beta":false,"boss_relics":[],"items_purged_floors":[10],"is_endless":false,"potions_floor_spawned":[4,11,13],"killed_by":"The Guardian","ascension_level":14}