{"gold_per_floor":[113,38,113,124,124,124,142,142,142,157,157,59,81,110,110,110],"floor_reached":16,"playtime":855,"items_purged":["Bash"],"score":172,"play_id":"324eef0d-91b7-4611-8b4a-e275d945572e","local_time":"20190822145657","is_ascension_mode":true,"campfire_choices":[{"data":"Uppercut","floor":6,"key":"SMITH"},{"data":"Defend_R","floor":8,"key":"SMITH"},{"data":"Defend_R","floor":11,"key":"SMITH"},{"floor":15,"key":"REST"}],"neow_cost":"NONE","seed_source_timestamp":146483706844000,"circlet_count":0,"master_deck":["AscendersBane","Strike_R","Strike_R","Strike_R","Strike_R","Strike_R","Defend_R","Defend_R","Defend_R+1","Defend_R+1","Uppercut+1","Good Instincts","Shrug It Off"],"relics":["Runic Pyramid","Frozen Egg 2","Dead Branch","Odd Mushroom","Magic Flower"],"potions_floor_usage":[],"damage_taken":[{"damage":1,"enemies":"Small Slimes","floor":1,"turns":4},{"damage":0,"enemies":"2 Louse","floor":4,"turns":3},{"damage":4,"enemies":"Jaw Worm","floor":7,"turns":3},{"damage":1,"enemies":"Blue Slaver","floor":10,"turns":5},{"damage":11,"enemies":"The Mushroom Lair","floor":13,"turns":8},{"damage":14,"enemies":"Lagavulin","floor":14,"turns":9},{"damage":40,"enemies":"Hexaghost","floor":16,"turns":16}],"seed_played":"1963245578547710102","potions_obtained":[{"floor":7,"key":"Ancient Potion"},{"floor":10,"key":"Strength Potion"}],"is_trial":false,"path_per_floor":["M","$","?","M","?","R","M","R","T","M","R","$","?","E","R","B"],"character_chosen":"IRONCLAD","items_purchased":["Good Instincts"],"campfire_rested":1,"item_purchase_floors":[12],"current_hp_per_floor":[67,67,56,56,45,45,41,41,41,40,40,40,29,15,37,0],"gold":110,"neow_bonus":"BOSS_RELIC","is_prod":false,"is_daily":false,"chose_seed":false,"campfire_upgraded":3,"win_rate":0,"timestamp":1566457017,"path_taken":["M","$","?","M","?","R","M","R","T","M","R","$","?","E","R","BOSS"],"build_version":"2019-07-17","purchased_purges":1,"victory":false,"max_hp_per_floor":[75,75,75,75,75,75,75,75,75,75,75,75,75,75,75,75],"card_choices":[{"not_picked":["Pommel Strike","Flex"],"picked":"Uppercut","floor":1},{"not_picked":["Clash","True Grit","Entrench"],"picked":"SKIP","floor":4},{"not_picked":["Searing Blow","Rupture+1","Sword Boomerang"],"picked":"SKIP","floor":7},{"not_picked":["Havoc","Clash","Reckless Charge"],"picked":"SKIP","floor":10},{"not_picked":["Heavy Blade","Dark Embrace+1"],"picked":"Shrug It Off","floor":14}],"player_experience":613155,"relics_obtained":[{"floor":9,"key":"Dead Branch"},{"floor":13,"key":"Odd Mushroom"},{"floor":14,"key":"Magic Flower"}],"event_choices":[{"damage_healed":0,"gold_gain":75,"player_choice":"Gather Gold","damage_taken":11,"max_hp_gain":0,"max_hp_loss":0,"event_name":"World of Goop","floor":3,"gold_loss":0},{"damage_healed":0,"gold_gain":0,"player_choice":"Success","damage_taken":11,"relics_obtained":["Frozen Egg 2"],"max_hp_gain":0,"max_hp_loss":0,"event_name":"Scrap Ooze","floor":5,"gold_loss":0},{"damage_healed":0,"gold_gain":0,"player_choice":"Fought Mushrooms","damage_taken":0,"max_hp_gain":0,"max_hp_loss":0,"event_name":"Mushrooms","floor":13,"gold_loss":0}],"is_beta":false,"boss_relics":[],"items_purged_floors":[2],"is_endless":false,"potions_floor_spawned":[7,10],"killed_by":"Hexaghost","ascension_level":15}