{"gold_per_floor":[119,135,151,169,186,215,215,240,264,264,30,30,30,42,42,139,139,153,79,79,79,4,4],"floor_reached":23,"playtime":4986,"items_purged":["Strike_B","Strike_B"],"score":209,"play_id":"3f27b332-9736-4c5e-8901-1ccb32df1094","local_time":"20190918192802","is_ascension_mode":true,"campfire_choices":[{"data":"Coolheaded","floor":7.0,"key":"SMITH"},{"data":"Go for the Eyes","floor":10.0,"key":"SMITH"},{"data":"Hologram","floor":12.0,"key":"SMITH"},{"data":"Dualcast","floor":15.0,"key":"SMITH"}],"neow_cost":"NONE","seed_source_timestamp":0,"circlet_count":0,"master_deck":["Strike_B","Defend_B","Defend_B","Defend_B","Defend_B","Zap+1","Dualcast+1","Go for the Eyes+1","All For One","Hologram+1","Chill+1","Coolheaded+1","Cold Snap","Fission","Conserve Battery","RitualDagger"],"special_seed":0,"relics":["Eternal Feather","Vajra","Juzu Bracelet","War Paint","Membership Card","Black Star"],"potions_floor_usage":[],"damage_taken":[{"damage":5.0,"enemies":"Small Slimes","floor":1.0,"turns":4.0},{"damage":0.0,"enemies":"Jaw Worm","floor":2.0,"turns":5.0},{"damage":0.0,"enemies":"2 Louse","floor":3.0,"turns":3.0},{"damage":9.0,"enemies":"2 Fungi Beasts","floor":4.0,"turns":3.0},{"damage":20.0,"enemies":"Gremlin Gang","floor":5.0,"turns":6.0},{"damage":43.0,"enemies":"3 Sentries","floor":6.0,"turns":11.0},{"damage":24.0,"enemies":"Lagavulin","floor":8.0,"turns":8.0},{"damage":0.0,"enemies":"3 Louse","floor":14.0,"turns":2.0},{"damage":18.0,"enemies":"Slime Boss","floor":16.0,"turns":10.0},{"damage":20,"enemies":"2 Thieves","floor":18,"turns":4},{"damage":70,"enemies":"Gremlin Leader","floor":23,"turns":8}],"seed_played":"-7773917268828600499","potions_obtained":[{"floor":3.0,"key":"Regen Potion"},{"floor":4.0,"key":"AttackPotion"},{"floor":5.0,"key":"Fruit Juice"},{"floor":6.0,"key":"FocusPotion"},{"floor":14.0,"key":"Ancient Potion"},{"floor":18,"key":"SpeedPotion"}],"is_trial":false,"path_per_floor":["M","M","M","M","M","E","R","E","T","R","$","R","?","M","R","B",null,"M","$","?","?","?","E"],"character_chosen":"DEFECT","items_purchased":["Membership Card","Conserve Battery"],"campfire_rested":0,"item_purchase_floors":[11,19],"current_hp_per_floor":[70,70,70,61,41,18,27,3,3,12,12,18,23,23,32,14,85,65,65,65,59,59,0],"gold":4,"neow_bonus":"BOSS_RELIC","is_prod":false,"is_daily":false,"chose_seed":false,"campfire_upgraded":4,"win_rate":1,"timestamp":1568849282,"path_taken":["M","M","M","M","M","E","R","E","T","R","$","R","?","M","R","BOSS","M","$","?","?","?","E"],"build_version":"2019-07-17","purchased_purges":2,"victory":false,"max_hp_per_floor":[75,75,75,75,75,80,80,80,80,80,80,80,85,85,85,85,85,85,85,85,85,85,85],"card_choices":[{"not_picked":["Rebound","Lockon"],"picked":"Go for the Eyes","floor":1.0},{"not_picked":["Sweeping Beam","Ball Lightning","Compile Driver"],"picked":"SKIP","floor":2.0},{"not_picked":["Redo","Lockon"],"picked":"All For One","floor":3.0},{"not_picked":["Sweeping Beam","Cold Snap"],"picked":"Hologram","floor":4.0},{"not_picked":["Streamline","Conserve Battery"],"picked":"Chill","floor":5.0},{"not_picked":["Storm","Steam"],"picked":"Coolheaded","floor":6.0},{"not_picked":["Steam","Leap","Sweeping Beam"],"picked":"SKIP","floor":8.0},{"not_picked":["Thunder Strike","Conserve Battery"],"picked":"Cold Snap","floor":14.0},{"not_picked":["Meteor Strike","Amplify"],"picked":"Fission","floor":16.0},{"not_picked":["Compile Driver","Auto Shields","Barrage"],"picked":"SKIP","floor":18}],"player_experience":211483,"relics_obtained":[{"floor":6.0,"key":"Vajra"},{"floor":8.0,"key":"Juzu Bracelet"},{"floor":9.0,"key":"War Paint"}],"event_choices":[{"damage_healed":0.0,"max_hp_gain":5.0,"max_hp_loss":0.0,"gold_gain":0.0,"event_name":"Big Fish","player_choice":"Donut","floor":13.0,"gold_loss":0.0,"damage_taken":0.0},{"damage_healed":0,"gold_gain":0,"player_choice":"Ignored","damage_taken":0,"max_hp_gain":0,"max_hp_loss":0,"event_name":"Ghosts","floor":20,"gold_loss":0},{"damage_healed":0,"gold_gain":0,"player_choice":"Joined the Cult","damage_taken":6,"max_hp_gain":0,"max_hp_loss":0,"event_name":"Nest","floor":21,"gold_loss":0,"cards_obtained":["RitualDagger"]},{"cards_removed":["Strike_B"],"damage_healed":0,"gold_gain":0,"player_choice":"Gave Gold","damage_taken":0,"max_hp_gain":0,"max_hp_loss":0,"event_name":"Beggar","floor":22,"gold_loss":75}],"is_beta":false,"boss_relics":[{"not_picked":["Calling Bell","Runic Dome"],"picked":"Black Star"}],"items_purged_floors":[11,19],"is_endless":false,"potions_floor_spawned":[3,4,5,6,14,18],"killed_by":"Gremlin Leader","ascension_level":1}