{"gold_per_floor":[112,37,105,105,125,135,162,47,70,82,162,162,181,200,200,278,328,345,345,345,361,411,411],"floor_reached":23,"playtime":778,"items_purged":["Strike_R"],"score":376,"play_id":"d8228db7-4099-4031-a93c-7348c19f5e47","local_time":"20190411010904","is_ascension_mode":true,"campfire_choices":[{"data":"Uppercut","floor":12.0,"key":"SMITH"},{"data":"Metallicize","floor":15.0,"key":"SMITH"}],"neow_cost":"NONE","seed_source_timestamp":0,"circlet_count":0,"master_deck":["AscendersBane","Strike_R","Strike_R","Defend_R","Defend_R","Defend_R","Defend_R","Bash","Fiend Fire","Pommel Strike","Uppercut+1","Double Tap+1","Metallicize+1","Shrug It Off","Offering","Headbutt","Pain"],"special_seed":0,"relics":["Burning Blood","Gremlin Horn","Blood Vial","Bag of Preparation","Tiny House","WarpedTongs"],"potions_floor_usage":[23],"damage_taken":[{"damage":6.0,"enemies":"Cultist","floor":1.0,"turns":4.0},{"damage":2.0,"enemies":"Jaw Worm","floor":5.0,"turns":3.0},{"damage":0.0,"enemies":"2 Louse","floor":6.0,"turns":1.0},{"damage":40.0,"enemies":"Lagavulin","floor":7.0,"turns":7.0},{"damage":2.0,"enemies":"Gremlin Gang","floor":10.0,"turns":4.0},{"damage":0.0,"enemies":"Blue Slaver","floor":13.0,"turns":1.0},{"damage":7.0,"enemies":"Large Slime","floor":14.0,"turns":4.0},{"damage":40.0,"enemies":"Slime Boss","floor":16.0,"turns":8.0},{"damage":14.0,"enemies":"2 Thieves","floor":18.0,"turns":3.0},{"damage":0.0,"enemies":"3 Byrds","floor":20.0,"turns":1.0},{"damage":31.0,"enemies":"Shelled Parasite and Fungi","floor":21.0,"turns":3.0},{"damage":34,"enemies":"Gremlin Leader","floor":23,"turns":6}],"seed_played":"7580519155133101413","potions_obtained":[{"floor":6.0,"key":"Fire Potion"},{"floor":10.0,"key":"EssenceOfSteel"},{"floor":17.0,"key":"SmokeBomb"},{"floor":21.0,"key":"FearPotion"}],"is_trial":false,"path_per_floor":["M","?","T","?","M","M","E","$","T","M","?","R","M","M","R","B",null,"M","?","M","M","?","E"],"character_chosen":"IRONCLAD","items_purchased":["Metallicize"],"campfire_rested":0,"item_purchase_floors":[8],"current_hp_per_floor":[68,68,68,68,72,75,41,41,41,47,47,47,55,56,56,24,67,61,61,69,46,46,14],"gold":411,"neow_bonus":"ONE_RANDOM_RARE_CARD","is_prod":false,"is_daily":false,"chose_seed":false,"campfire_upgraded":2,"win_rate":0,"timestamp":1554970144,"path_taken":["M","?","?","?","M","?","E","$","T","M","?","R","M","M","R","BOSS","M","?","M","?","?","E"],"build_version":"2019-01-23","purchased_purges":1,"victory":false,"max_hp_per_floor":[75,75,75,75,75,75,75,75,75,75,75,75,75,75,75,75,80,80,80,80,80,80,80],"card_choices":[{"not_picked":["Headbutt","Body Slam"],"picked":"Pommel Strike","floor":1.0},{"not_picked":["Anger","Headbutt"],"picked":"Uppercut","floor":5.0},{"not_picked":["Wild Strike","Anger","Warcry"],"picked":"SKIP","floor":6.0},{"not_picked":["Warcry","Pommel Strike"],"picked":"Double Tap","floor":7.0},{"not_picked":["Thunderclap","Cleave","Pommel Strike"],"picked":"SKIP","floor":10.0},{"not_picked":["Dual Wield","Perfected Strike","Brutality"],"picked":"SKIP","floor":13.0},{"not_picked":["Warcry","Ghostly Armor"],"picked":"Shrug It Off","floor":14.0},{"not_picked":["Dark Embrace","Double Tap"],"picked":"Offering","floor":16.0},{"not_picked":["Second Wind","Twin Strike"],"picked":"Headbutt","floor":17.0},{"not_picked":["Clash+1","Twin Strike","Perfected Strike"],"picked":"SKIP","floor":18.0},{"not_picked":["Anger","Ghostly Armor","Iron Wave+1"],"picked":"SKIP","floor":21.0}],"player_experience":1016412,"relics_obtained":[{"floor":3.0,"key":"Gremlin Horn"},{"floor":7.0,"key":"Blood Vial"},{"floor":9.0,"key":"Bag of Preparation"}],"event_choices":[{"cards_removed":["Strike_R"],"damage_healed":0.0,"max_hp_gain":0.0,"max_hp_loss":0.0,"gold_gain":0.0,"event_name":"The Cleric","player_choice":"Card Removal","floor":2.0,"gold_loss":75.0,"damage_taken":0.0},{"cards_removed":["Strike_R"],"damage_healed":0.0,"max_hp_gain":0.0,"max_hp_loss":0.0,"gold_gain":0.0,"event_name":"Wheel of Change","player_choice":"Card Removal","floor":4.0,"gold_loss":0.0,"damage_taken":0.0},{"damage_healed":0.0,"max_hp_gain":0.0,"max_hp_loss":0.0,"gold_gain":80.0,"event_name":"Golden Wing","player_choice":"Gained Gold","floor":11.0,"gold_loss":0.0,"damage_taken":0.0},{"damage_healed":0.0,"max_hp_gain":0.0,"max_hp_loss":0.0,"gold_gain":0.0,"event_name":"Accursed Blacksmith","player_choice":"Rummage","floor":19.0,"gold_loss":0.0,"damage_taken":0.0,"relics_obtained":["WarpedTongs"],"cards_obtained":["Pain"]},{"damage_healed":0.0,"max_hp_gain":0.0,"max_hp_loss":0.0,"gold_gain":50.0,"event_name":"Golden Shrine","player_choice":"Pray","floor":22.0,"gold_loss":0.0,"damage_taken":0.0}],"is_beta":false,"boss_relics":[{"not_picked":["Empty Cage","Black Blood"],"picked":"Tiny House"}],"items_purged_floors":[8],"is_endless":false,"potions_floor_spawned":[6,10,13,20,21],"killed_by":"Gremlin Leader","ascension_level":19}