{"gold_per_floor":[118,193,209,209,189,215,215,234,234,234],"floor_reached":10,"playtime":484,"items_purged":[],"score":119,"play_id":"f7d69a92-a8e0-40c9-a3ff-c41a96204824","local_time":"20190921073820","is_ascension_mode":true,"campfire_choices":[{"data":"Double Tap","floor":7,"key":"SMITH"}],"neow_cost":"NONE","seed_source_timestamp":477754290511100,"circlet_count":0,"master_deck":["AscendersBane","Strike_R","Strike_R","Strike_R","Strike_R","Strike_R","Defend_R","Defend_R","Defend_R","Defend_R","Bash","Sword Boomerang","Double Tap+1","Disarm+1"],"special_seed":0,"relics":["Burning Blood","Toxic Egg 2","Smiling Mask"],"potions_floor_usage":[6,10,10],"damage_taken":[{"damage":5.0,"enemies":"2 Louse","floor":1.0,"turns":4.0},{"damage":6.0,"enemies":"Cultist","floor":3.0,"turns":3.0},{"damage":42,"enemies":"Lagavulin","floor":6,"turns":7},{"damage":10,"enemies":"Jaw Worm","floor":8,"turns":4},{"damage":28,"enemies":"3 Sentries","floor":10,"turns":7}],"seed_played":"-3579953521981025780","potions_obtained":[{"floor":1.0,"key":"EssenceOfSteel"},{"floor":3.0,"key":"PowerPotion"},{"floor":8,"key":"PowerPotion"}],"is_trial":false,"path_per_floor":["M","?","M","$","?","E","R","M","T","E"],"character_chosen":"IRONCLAD","items_purchased":[],"campfire_rested":0,"item_purchase_floors":[],"current_hp_per_floor":[76,65,65,65,65,29,29,25,25,0],"gold":234,"neow_bonus":"TEN_PERCENT_HP_BONUS","is_prod":false,"is_daily":false,"chose_seed":false,"campfire_upgraded":1,"win_rate":0,"timestamp":1569022700,"path_taken":["M","?","M","$","?","E","R","M","T","E"],"build_version":"2019-07-17","purchased_purges":0,"victory":false,"max_hp_per_floor":[82,82,82,82,82,82,82,82,82,82],"card_choices":[{"not_picked":["Evolve","Perfected Strike"],"picked":"Sword Boomerang","floor":1.0},{"not_picked":["Heavy Blade","Clash"],"picked":"Double Tap","floor":3.0},{"not_picked":["Cleave","Bloodletting"],"picked":"Disarm","floor":6},{"not_picked":["Pommel Strike","Fire Breathing","Headbutt"],"picked":"SKIP","floor":8}],"player_experience":653941,"relics_obtained":[{"floor":6,"key":"Toxic Egg 2"},{"floor":9,"key":"Smiling Mask"}],"event_choices":[{"damage_healed":0.0,"max_hp_gain":0.0,"max_hp_loss":0.0,"gold_gain":75.0,"event_name":"World of Goop","player_choice":"Gather Gold","floor":2.0,"gold_loss":0.0,"damage_taken":11.0},{"damage_healed":0.0,"max_hp_gain":0.0,"max_hp_loss":0.0,"gold_gain":0.0,"event_name":"The Woman in Blue","player_choice":"Bought 1 Potion","floor":5.0,"gold_loss":0.0,"damage_taken":0.0}],"is_beta":false,"boss_relics":[],"items_purged_floors":[],"is_endless":false,"potions_floor_spawned":[1,3,8],"killed_by":"3 Sentries","ascension_level":16}