{"gold_per_floor":[116,116,116,132,3,3,78,78,146,5,5,18,18,51,51,51],"floor_reached":16,"playtime":461,"items_purged":["Strike_R"],"score":96,"play_id":"09eef9da-cc82-4785-b30c-5f87b916e392","local_time":"20190407023910","is_ascension_mode":false,"campfire_choices":[{"data":"Berserk","floor":6,"key":"SMITH"},{"data":"Bash","floor":11,"key":"SMITH"},{"data":"Shrug It Off","floor":13,"key":"SMITH"},{"data":"Strike_R","floor":15,"key":"PURGE"}],"neow_cost":"NONE","seed_source_timestamp":170390424653233,"circlet_count":0,"master_deck":["Strike_R","Strike_R+1","Strike_R","Defend_R","Defend_R","Defend_R","Defend_R+1","Bash+1","Berserk+1","Shrug It Off+1","Twin Strike","Shrug It Off","Offering","Shrug It Off"],"relics":["Burning Blood","Oddly Smooth Stone","Self Forming Clay","Paper Frog","Peace Pipe"],"potions_floor_usage":[16],"damage_taken":[{"damage":0,"enemies":"2 Louse","floor":1,"turns":3},{"damage":0,"enemies":"Jaw Worm","floor":4,"turns":4},{"damage":6,"enemies":"Small Slimes","floor":12,"turns":2},{"damage":8,"enemies":"3 Sentries","floor":14,"turns":11},{"damage":49,"enemies":"Hexaghost","floor":16,"turns":14}],"seed_played":"-3120744101024513137","potions_obtained":[{"floor":4,"key":"SkillPotion"}],"is_trial":false,"path_per_floor":["M","?","?","M","$","R","?","T","T","$","R","M","R","E","R","B"],"character_chosen":"IRONCLAD","items_purchased":["Shrug It Off","Offering"],"campfire_rested":0,"item_purchase_floors":[5,10],"current_hp_per_floor":[80,68,52,58,58,58,47,47,47,47,47,47,47,45,45,0],"gold":51,"neow_bonus":"ONE_RANDOM_RARE_CARD","is_prod":false,"is_daily":false,"chose_seed":false,"campfire_upgraded":3,"win_rate":0,"timestamp":1554629950,"path_taken":["M","?","?","M","$","R","?","?","T","$","R","M","R","E","R","BOSS"],"build_version":"2019-01-23","purchased_purges":1,"victory":false,"max_hp_per_floor":[80,80,80,80,80,80,80,80,80,80,80,80,80,80,80,80],"card_choices":[{"not_picked":["Sever Soul","Flex"],"picked":"Shrug It Off","floor":1},{"not_picked":["Battle Trance","Wild Strike"],"picked":"Twin Strike","floor":4},{"not_picked":["True Grit","Armaments"],"picked":"Shrug It Off","floor":12},{"not_picked":["Headbutt","Warcry","Sentinel"],"picked":"SKIP","floor":14}],"player_experience":976498,"relics_obtained":[{"floor":8,"key":"Self Forming Clay"},{"floor":9,"key":"Paper Frog"},{"floor":14,"key":"Peace Pipe"}],"event_choices":[{"damage_healed":0,"gold_gain":0,"player_choice":"Success","damage_taken":12,"relics_obtained":["Oddly Smooth Stone"],"max_hp_gain":0,"max_hp_loss":0,"event_name":"Scrap Ooze","floor":2,"gold_loss":0},{"damage_healed":0,"gold_gain":0,"player_choice":"Entered Light","damage_taken":16,"max_hp_gain":0,"max_hp_loss":0,"event_name":"Shining Light","floor":3,"gold_loss":0,"cards_upgraded":["Defend_R","Strike_R"]},{"damage_healed":0,"gold_gain":75,"player_choice":"Gather Gold","damage_taken":11,"max_hp_gain":0,"max_hp_loss":0,"event_name":"World of Goop","floor":7,"gold_loss":0}],"is_beta":false,"boss_relics":[],"items_purged_floors":[5],"is_endless":false,"potions_floor_spawned":[4],"killed_by":"Hexaghost","ascension_level":0}