{"gold_per_floor":[109,184,201,201,216,216,61,81,105,105,125,125,139,150,150,248,248,248],"floor_reached":18,"playtime":698,"items_purged":["Decay"],"score":154,"play_id":"183b6268-c9c9-4065-bce8-9cc6fd26887d","local_time":"20190405154027","is_ascension_mode":false,"campfire_choices":[{"data":"Neutralize","floor":6.0,"key":"SMITH"},{"data":"Footwork","floor":10,"key":"SMITH"},{"data":"Noxious Fumes","floor":15,"key":"SMITH"}],"neow_cost":"NONE","seed_source_timestamp":44148155612598,"circlet_count":0,"master_deck":["Defend_G","Defend_G","Defend_G","Defend_G","Defend_G","Strike_G","Strike_G","Strike_G","Survivor","Neutralize+1","Footwork","Deflect","Footwork","Footwork+1","Flying Knee","Noxious Fumes+1","Well Laid Plans","Catalyst","Adrenaline"],"special_seed":0,"relics":["Empty Cage"],"potions_floor_usage":[],"damage_taken":[{"damage":0.0,"enemies":"2 Louse","floor":1.0,"turns":4.0},{"damage":1.0,"enemies":"Cultist","floor":3.0,"turns":7.0},{"damage":1.0,"enemies":"Small Slimes","floor":5.0,"turns":6.0},{"damage":3,"enemies":"Exordium Thugs","floor":8,"turns":9},{"damage":3,"enemies":"Looter","floor":11,"turns":5},{"damage":4,"enemies":"Exordium Wildlife","floor":13,"turns":6},{"damage":2,"enemies":"2 Fungi Beasts","floor":14,"turns":6},{"damage":15,"enemies":"The Guardian","floor":16,"turns":12},{"damage":3,"enemies":"Chosen","floor":18,"turns":4}],"seed_played":"-7514976542394150215","potions_obtained":[{"floor":3.0,"key":"Poison Potion"},{"floor":5.0,"key":"Swift Potion"},{"floor":13,"key":"SteroidPotion"},{"floor":14,"key":"GhostInAJar"}],"is_trial":false,"path_per_floor":["M","?","M","?","M","R","$","M","T","R","M","?","M","M","R","B",null,"M"],"character_chosen":"THE_SILENT","items_purchased":["Footwork"],"campfire_rested":0,"item_purchase_floors":[7],"current_hp_per_floor":[70,59,58,58,57,57,57,54,54,54,51,51,47,45,45,30,70,67],"gold":248,"neow_bonus":"BOSS_RELIC","is_prod":false,"is_daily":false,"chose_seed":false,"campfire_upgraded":3,"win_rate":0,"timestamp":1554504027,"path_taken":["M","?","M","?","?","R","$","M","T","R","?","?","M","M","R","BOSS","M"],"build_version":"2019-01-23","purchased_purges":1,"victory":false,"max_hp_per_floor":[70,70,70,70,70,70,70,70,70,70,70,70,70,70,70,70,70,70],"card_choices":[{"not_picked":["Dodge and Roll","Eviscerate"],"picked":"Footwork","floor":1.0},{"not_picked":["Underhanded Strike","Accuracy"],"picked":"Deflect","floor":3.0},{"not_picked":["Prepared","Cloak And Dagger"],"picked":"Footwork","floor":5.0},{"not_picked":["Leg Sweep","Tactician"],"picked":"Flying Knee","floor":8},{"not_picked":["Leg Sweep","Prepared"],"picked":"Noxious Fumes","floor":11},{"not_picked":["Flechettes","Backstab"],"picked":"Well Laid Plans","floor":13},{"not_picked":["Deadly Poison","Outmaneuver"],"picked":"Catalyst","floor":14},{"not_picked":["Venomology","Bullet Time"],"picked":"Adrenaline","floor":16}],"player_experience":951040,"relics_obtained":[],"event_choices":[{"damage_healed":0.0,"max_hp_gain":0.0,"max_hp_loss":0.0,"gold_gain":75.0,"event_name":"World of Goop","player_choice":"Gather Gold","floor":2.0,"gold_loss":0.0,"damage_taken":11.0},{"damage_healed":0.0,"max_hp_gain":0.0,"max_hp_loss":0.0,"gold_gain":0.0,"event_name":"Wheel of Change","player_choice":"Cursed","floor":4.0,"gold_loss":0.0,"damage_taken":0.0,"cards_obtained":["Decay"]},{"damage_healed":0,"gold_gain":0,"player_choice":"Ignored","damage_taken":0,"max_hp_gain":0,"max_hp_loss":0,"event_name":"Liars Game","floor":12,"gold_loss":0}],"is_beta":false,"boss_relics":[{"not_picked":["Black Star","Calling Bell","Cursed Key"]}],"items_purged_floors":[7],"is_endless":false,"potions_floor_spawned":[3,5,13,14],"killed_by":"Chosen","ascension_level":0}