{"gold_per_floor":[112,112,187,137,137,137,170,170,170,197,58,70,95,110,110,213,213,233,249,449,460,471,504,504,520,520,534,263,263,263,296,296,396,396,414,163,182,36,49,75,90,90,169,185,185,285,299,312,312,312],"floor_reached":51,"playtime":2157,"items_purged":[],"score":812,"play_id":"9710fa26-779b-4922-b7d2-961755ef4f03","local_time":"20190916031742","is_ascension_mode":false,"campfire_choices":[{"data":"Dualcast","floor":6,"key":"SMITH"},{"floor":8,"key":"REST"},{"floor":15,"key":"REST"},{"data":"Hologram","floor":24,"key":"SMITH"},{"data":"Hologram","floor":29,"key":"SMITH"},{"data":"Beam Cell","floor":32,"key":"SMITH"},{"data":"White Noise","floor":42,"key":"SMITH"},{"data":"FTL","floor":45,"key":"SMITH"},{"floor":49,"key":"DIG"}],"neow_cost":"NONE","seed_source_timestamp":430237125292011,"circlet_count":0,"master_deck":["Defend_B","Defend_B","Defend_B","Zap+1","Dualcast+1","Gash+1","Hologram+1","Cold Snap","Core Surge","Loop+1","Gash","Self Repair+1","Hologram+1","All For One","Glacier+1","Hologram+1","Gash","White Noise+1","Beam Cell+1","All For One","Rainbow+1","Biased Cognition+1","Electrodynamics+1","Coolheaded+1","Defragment+1","FTL+1","Go for the Eyes+1","FTL","Darkness+1","Go for the Eyes+1","Capacitor+1"],"relics":["Cracked Core","Darkstone Periapt","Whetstone","Frozen Egg 2","Dream Catcher","Symbiotic Virus","Sozu","Pantograph","Ornamental Fan","DataDisk","Gambling Chip","Astrolabe","Kunai","Juzu Bracelet","The Courier","Shovel","Mummified Hand"],"potions_floor_usage":[7,50,50],"damage_taken":[{"damage":0,"enemies":"Cultist","floor":1,"turns":3},{"damage":20,"enemies":"Gremlin Nob","floor":7,"turns":4},{"damage":26,"enemies":"3 Sentries","floor":10,"turns":6},{"damage":0,"enemies":"2 Louse","floor":12,"turns":2},{"damage":10,"enemies":"Gremlin Nob","floor":13,"turns":4},{"damage":0,"enemies":"Small Slimes","floor":14,"turns":3},{"damage":15,"enemies":"Hexaghost","floor":16,"turns":7},{"damage":10,"enemies":"Chosen","floor":18,"turns":2},{"damage":10,"enemies":"Spheric Guardian","floor":19,"turns":3},{"damage":16,"enemies":"Snake Plant","floor":21,"turns":4},{"damage":16,"enemies":"Sentry and Sphere","floor":22,"turns":6},{"damage":34,"enemies":"Slavers","floor":23,"turns":5},{"damage":13,"enemies":"Centurion and Healer","floor":25,"turns":3},{"damage":3,"enemies":"Shelled Parasite and Fungi","floor":27,"turns":5},{"damage":0,"enemies":"Gremlin Leader","floor":31,"turns":4},{"damage":22,"enemies":"Collector","floor":33,"turns":6},{"damage":2,"enemies":"3 Darklings","floor":35,"turns":3},{"damage":0,"enemies":"3 Shapes","floor":37,"turns":3},{"damage":0,"enemies":"Maw","floor":39,"turns":5},{"damage":0,"enemies":"Nemesis","floor":40,"turns":5},{"damage":6,"enemies":"Spire Growth","floor":41,"turns":4},{"damage":0,"enemies":"Transient","floor":44,"turns":5},{"damage":0,"enemies":"Mind Bloom Boss Battle","floor":46,"turns":4},{"damage":18,"enemies":"Sphere and 2 Shapes","floor":47,"turns":4},{"damage":0,"enemies":"Maw","floor":48,"turns":5},{"damage":12,"enemies":"Time Eater","floor":50,"turns":9}],"seed_played":"9097490404953760916","potions_obtained":[{"floor":1,"key":"FocusPotion"},{"floor":13,"key":"Dexterity Potion"},{"floor":16,"key":"LiquidBronze"}],"is_trial":false,"path_per_floor":["M","?","?","?","?","R","E","R","T","E","$","M","E","M","R","B",null,"M","M","?","M","M","E","R","M","T","M","$","R","?","E","R","B",null,"M","$","M","$","M","E","M","R","T","M","R","?","M","M","R","B",null],"character_chosen":"DEFECT","items_purchased":["Core Surge","Gash","DataDisk","White Noise","Kunai","Defragment+1","FTL"],"campfire_rested":2,"item_purchase_floors":[11,28,28,28,36,38,38],"current_hp_per_floor":[75,63,52,52,45,45,25,47,47,21,21,21,11,11,33,28,75,75,75,75,69,63,39,39,36,36,43,43,43,43,53,53,63,75,73,73,73,73,75,75,75,75,75,75,75,75,67,75,75,63],"gold":312,"neow_bonus":"UPGRADE_CARD","is_prod":false,"is_daily":false,"chose_seed":false,"campfire_upgraded":6,"win_rate":0,"timestamp":1568629062,"path_taken":["M","?","?","?","?","R","E","R","T","E","$","M","E","?","R","BOSS","M","M","?","M","?","E","R","M","T","M","$","R","?","E","R","BOSS","M","$","M","?","M","E","M","R","T","M","R","?","M","M","R","BOSS"],"build_version":"2019-07-17","purchased_purges":0,"victory":true,"max_hp_per_floor":[75,75,75,75,75,75,75,75,75,75,75,75,75,75,75,75,75,75,75,75,75,75,75,75,75,75,75,75,75,75,75,75,75,75,75,75,75,75,75,75,75,75,75,75,75,75,75,75,75,75],"card_choices":[{"not_picked":["Static Discharge","Force Field"],"picked":"Gash","floor":1},{"not_picked":["Aggregate","Darkness"],"picked":"Hologram","floor":7},{"not_picked":["Skim","Sweeping Beam"],"picked":"Cold Snap","floor":10},{"not_picked":["Reprogram","Steam"],"picked":"Loop+1","floor":12},{"not_picked":["Double Energy","Steam Power"],"picked":"Gash","floor":13},{"not_picked":["Lockon","Ball Lightning"],"picked":"Self Repair+1","floor":14},{"not_picked":["Redo","Hello World+1"],"picked":"Hologram","floor":15},{"not_picked":["Rainbow","Echo Form+1"],"picked":"All For One","floor":16},{"not_picked":["Lockon","Darkness","Consume"],"picked":"SKIP","floor":18},{"not_picked":["Leap","Force Field"],"picked":"Glacier","floor":19},{"not_picked":["Beam Cell+1","Hello World+1"],"picked":"Hologram+1","floor":21},{"not_picked":["Streamline","Recycle","Undo"],"picked":"SKIP","floor":22},{"not_picked":["Ball Lightning","Turbo","Multi-Cast"],"picked":"SKIP","floor":23},{"not_picked":["Turbo","Doom and Gloom","Skim"],"picked":"SKIP","floor":25},{"not_picked":["Streamline","Force Field+1","Cold Snap"],"picked":"SKIP","floor":27},{"not_picked":["Leap","Darkness"],"picked":"Beam Cell","floor":31},{"not_picked":["Biased Cognition+1","Reboot"],"picked":"All For One","floor":33},{"not_picked":["Sweeping Beam","Barrage+1","Ball Lightning"],"picked":"SKIP","floor":35},{"not_picked":["Sweeping Beam+1","Hologram"],"picked":"Coolheaded+1","floor":37},{"not_picked":["Sweeping Beam+1","Beam Cell+1","Cold Snap+1"],"picked":"SKIP","floor":39},{"not_picked":["Chaos","Sweeping Beam"],"picked":"Go for the Eyes+1","floor":40},{"not_picked":["Redo+1","Conserve Battery"],"picked":"FTL","floor":41},{"not_picked":["Sweeping Beam","Aggregate"],"picked":"Darkness+1","floor":44},{"not_picked":["Redo","Self Repair+1"],"picked":"Go for the Eyes+1","floor":46},{"not_picked":["Reinforced Body+1","Hello World+1","Undo"],"picked":"SKIP","floor":47},{"not_picked":["Turbo+1","Sunder+1"],"picked":"Capacitor+1","floor":48}],"player_experience":1155556,"relics_obtained":[{"floor":7,"key":"Whetstone"},{"floor":9,"key":"Frozen Egg 2"},{"floor":10,"key":"Dream Catcher"},{"floor":13,"key":"Symbiotic Virus"},{"floor":23,"key":"Pantograph"},{"floor":26,"key":"Ornamental Fan"},{"floor":31,"key":"Gambling Chip"},{"floor":40,"key":"Juzu Bracelet"},{"floor":43,"key":"The Courier"},{"floor":46,"key":"Shovel"},{"floor":49,"key":"Mummified Hand"}],"event_choices":[{"damage_healed":0,"gold_gain":0,"player_choice":"Success","damage_taken":12,"relics_obtained":["Darkstone Periapt"],"max_hp_gain":0,"max_hp_loss":0,"event_name":"Scrap Ooze","floor":2,"gold_loss":0},{"damage_healed":0,"gold_gain":75,"player_choice":"Gather Gold","damage_taken":11,"max_hp_gain":0,"max_hp_loss":0,"event_name":"World of Goop","floor":3,"gold_loss":0},{"cards_removed":["Strike_B"],"damage_healed":0,"gold_gain":0,"player_choice":"Card Removal","damage_taken":0,"max_hp_gain":0,"max_hp_loss":0,"event_name":"The Cleric","floor":4,"gold_loss":50},{"cards_removed":["Strike_B"],"damage_healed":0,"gold_gain":0,"player_choice":"Card Removal","damage_taken":7,"max_hp_gain":0,"max_hp_loss":0,"event_name":"Golden Wing","floor":5,"gold_loss":0},{"damage_healed":0,"gold_gain":200,"player_choice":"Gold","damage_taken":0,"max_hp_gain":0,"max_hp_loss":0,"event_name":"Wheel of Change","floor":20,"gold_loss":0},{"damage_healed":0,"gold_gain":0,"player_choice":"Upgraded","damage_taken":0,"max_hp_gain":0,"max_hp_loss":0,"event_name":"Upgrade Shrine","floor":30,"gold_loss":0,"cards_upgraded":["Glacier"]},{"damage_healed":0,"gold_gain":0,"player_choice":"Fight","damage_taken":0,"max_hp_gain":0,"max_hp_loss":0,"event_name":"MindBloom","floor":46,"gold_loss":0}],"is_beta":false,"boss_relics":[{"not_picked":["Runic Dome","Coffee Dripper"],"picked":"Sozu"},{"not_picked":["Pandora\u0027s Box","Empty Cage"],"picked":"Astrolabe"}],"items_purged_floors":[],"is_endless":false,"potions_floor_spawned":[1,13,16,19,21,27,31,37,41,44],"ascension_level":0}