{"gold_per_floor":[111,125,125,145,145,145,156,156,179,210,210,224,295,308,308,308],"floor_reached":16,"playtime":633,"items_purged":[],"score":204,"play_id":"c5492238-38e6-4a0b-8485-4e0edc8cb5ab","local_time":"20190920172658","is_ascension_mode":true,"campfire_choices":[{"data":"Searing Blow","floor":6.0,"key":"SMITH"},{"floor":8.0,"key":"REST"},{"data":"Searing Blow+1","floor":11,"key":"SMITH"},{"data":"Searing Blow+2","floor":15,"key":"SMITH"}],"neow_cost":"PERCENT_DAMAGE","seed_source_timestamp":353156721095000,"circlet_count":0,"master_deck":["AscendersBane","Strike_R","Strike_R","Strike_R","Strike_R+1","Defend_R+1","Defend_R","Defend_R","Defend_R","Bash","Rampage","Headbutt","Searing Blow+3","Feel No Pain","Shrug It Off"],"special_seed":0,"relics":["Burning Blood","Unceasing Top","Anchor","PreservedInsect","Letter Opener"],"potions_floor_usage":[10,16],"damage_taken":[{"damage":2.0,"enemies":"Cultist","floor":1.0,"turns":4.0},{"damage":4.0,"enemies":"Jaw Worm","floor":2.0,"turns":6.0},{"damage":0.0,"enemies":"Small Slimes","floor":4.0,"turns":2.0},{"damage":29.0,"enemies":"Gremlin Gang","floor":7.0,"turns":5.0},{"damage":8,"enemies":"Gremlin Nob","floor":10,"turns":3},{"damage":10,"enemies":"Lots of Slimes","floor":12,"turns":4},{"damage":12,"enemies":"Exordium Wildlife","floor":14,"turns":4},{"damage":23,"enemies":"Hexaghost","floor":16,"turns":9}],"seed_played":"-622985920751343770","potions_obtained":[{"floor":4.0,"key":"Weak Potion"},{"floor":7.0,"key":"FearPotion"},{"floor":12,"key":"SkillPotion"}],"is_trial":false,"path_per_floor":["M","M","?","M","?","R","M","R","T","E","R","M","T","M","R","B"],"character_chosen":"IRONCLAD","items_purchased":[],"campfire_rested":1,"item_purchase_floors":[],"current_hp_per_floor":[54,56,33,39,32,32,9,31,31,29,29,25,25,19,19,0],"gold":308,"neow_bonus":"ONE_RARE_RELIC","is_prod":false,"is_daily":false,"chose_seed":false,"campfire_upgraded":3,"win_rate":0,"timestamp":1569025618,"path_taken":["M","M","?","M","?","R","M","R","T","E","R","M","?","?","R","BOSS"],"build_version":"2019-09-20","purchased_purges":0,"victory":false,"max_hp_per_floor":[75,75,75,75,75,75,75,75,75,75,75,75,75,75,75,75],"card_choices":[{"not_picked":["Thunderclap","Evolve"],"picked":"Rampage","floor":1.0},{"not_picked":["Sword Boomerang","Clothesline"],"picked":"Headbutt","floor":2.0},{"not_picked":["Dropkick","Seeing Red"],"picked":"Searing Blow","floor":4.0},{"not_picked":["Hemokinesis","Carnage"],"picked":"Feel No Pain","floor":7.0},{"not_picked":["Dropkick","Infernal Blade","Sword Boomerang"],"picked":"SKIP","floor":10},{"not_picked":["Reckless Charge","Entrench","Clothesline"],"picked":"SKIP","floor":12},{"not_picked":["Iron Wave","Barricade"],"picked":"Shrug It Off","floor":14}],"player_experience":1451898,"relics_obtained":[{"floor":9.0,"key":"Anchor"},{"floor":10,"key":"PreservedInsect"},{"floor":13,"key":"Letter Opener"}],"event_choices":[{"damage_healed":0.0,"max_hp_gain":0.0,"max_hp_loss":0.0,"gold_gain":0.0,"event_name":"Shining Light","player_choice":"Entered Light","floor":3.0,"gold_loss":0.0,"damage_taken":23.0,"cards_upgraded":["Defend_R","Strike_R"]},{"cards_removed":["Strike_R"],"damage_healed":0.0,"max_hp_gain":0.0,"max_hp_loss":0.0,"gold_gain":0.0,"event_name":"Golden Wing","player_choice":"Card Removal","floor":5.0,"gold_loss":0.0,"damage_taken":7.0}],"is_beta":true,"boss_relics":[],"items_purged_floors":[],"is_endless":false,"potions_floor_spawned":[4,7,12],"killed_by":"Hexaghost","ascension_level":20}