{"gold_per_floor":[14,14,27,27,39,39,39,57,57,87,106,120,120,130,130,232,232,249,129,142,142,142,142,142,153,180,197,197,225,236,264,264,369,369,381,393,354,354,370,370,396,99,99,114,149,49,62,62,62,62,62,62,14,39,39],"floor_reached":55,"playtime":1824,"items_purged":["Strike_R","Writhe"],"score":769,"play_id":"a0bf4e85-72b8-40c7-ac8b-f19040908030","local_time":"20190410011635","is_ascension_mode":false,"campfire_choices":[{"data":"Perfected Strike","floor":6.0,"key":"SMITH"},{"data":"Perfected Strike","floor":13.0,"key":"SMITH"},{"data":"Limit Break","floor":15.0,"key":"SMITH"},{"data":"True Grit","floor":23.0,"key":"SMITH"},{"data":"Double Tap","floor":28.0,"key":"SMITH"},{"data":"Inflame","floor":32.0,"key":"SMITH"},{"floor":40.0,"key":"RECALL"},{"floor":49.0,"key":"REST"},{"data":"Battle Trance","floor":52,"key":"SMITH"}],"neow_cost":"NO_GOLD","seed_source_timestamp":61411042160432,"circlet_count":0,"master_deck":["Strike_R+1","Strike_R+1","Strike_R+1","Strike_R+1","Defend_R+1","Defend_R+1","Defend_R+1","Bash","Limit Break+1","Perfected Strike+1","Pommel Strike","Warcry","Shrug It Off","Perfected Strike+1","Headbutt","Double Tap+1","Rampage+1","True Grit+1","Twin Strike+1","Inflame+1","Dropkick+1","Battle Trance+1","Feed+1","Shrug It Off+1","Wild Strike+1","Disarm","Pommel Strike+1","Heavy Blade+1","Twin Strike+1","Limit Break","Twin Strike+1","Berserk"],"special_seed":0,"relics":["Burning Blood","Happy Flower","WarpedTongs","Ornamental Fan","Pear","Cursed Key","Red Skull","Pen Nib","Molten Egg 2","Magic Flower","Empty Cage","Bottled Lightning","Kunai","Meat on the Bone","Shuriken"],"potions_floor_usage":[55,55,55],"damage_taken":[{"damage":8.0,"enemies":"Jaw Worm","floor":1.0,"turns":4.0},{"damage":10.0,"enemies":"Small Slimes","floor":3.0,"turns":4.0},{"damage":2.0,"enemies":"Cultist","floor":5.0,"turns":2.0},{"damage":8.0,"enemies":"2 Fungi Beasts","floor":8.0,"turns":3.0},{"damage":18.0,"enemies":"Lagavulin","floor":10.0,"turns":5.0},{"damage":10.0,"enemies":"Lots of Slimes","floor":11.0,"turns":5.0},{"damage":7.0,"enemies":"Large Slime","floor":12.0,"turns":4.0},{"damage":1.0,"enemies":"3 Louse","floor":14.0,"turns":3.0},{"damage":28.0,"enemies":"The Guardian","floor":16.0,"turns":7.0},{"damage":5.0,"enemies":"Shell Parasite","floor":18.0,"turns":2.0},{"damage":10.0,"enemies":"Spheric Guardian","floor":20.0,"turns":3.0},{"damage":0.0,"enemies":"Snake Plant","floor":25.0,"turns":2.0},{"damage":6.0,"enemies":"Chosen and Byrds","floor":27.0,"turns":4.0},{"damage":28.0,"enemies":"Gremlin Leader","floor":29.0,"turns":4.0},{"damage":13.0,"enemies":"Snecko","floor":30.0,"turns":4.0},{"damage":34.0,"enemies":"Slavers","floor":31.0,"turns":5.0},{"damage":12.0,"enemies":"Automaton","floor":33.0,"turns":6.0},{"damage":0.0,"enemies":"3 Shapes","floor":35.0,"turns":4.0},{"damage":0.0,"enemies":"Orb Walker","floor":36.0,"turns":1.0},{"damage":27.0,"enemies":"Writhing Mass","floor":39.0,"turns":3.0},{"damage":56.0,"enemies":"Nemesis","floor":41.0,"turns":7.0},{"damage":16.0,"enemies":"3 Darklings","floor":44.0,"turns":4.0},{"damage":22.0,"enemies":"Reptomancer","floor":45.0,"turns":4.0},{"damage":0.0,"enemies":"Transient","floor":47.0,"turns":5.0},{"damage":71,"enemies":"Time Eater","floor":50,"turns":7},{"damage":69,"enemies":"Shield and Spear","floor":54,"turns":6},{"damage":67,"enemies":"The Heart","floor":55,"turns":2}],"seed_played":"6692185884771637183","potions_obtained":[{"floor":1.0,"key":"Ancient Potion"},{"floor":8.0,"key":"Regen Potion"},{"floor":10.0,"key":"FearPotion"},{"floor":12.0,"key":"Dexterity Potion"},{"floor":35.0,"key":"Explosive Potion"},{"floor":38.0,"key":"FairyPotion"},{"floor":38.0,"key":"Strength Potion"},{"floor":54,"key":"Explosive Potion"}],"is_trial":false,"path_per_floor":["M","?","M","?","M","R","?","M","T","E","M","M","R","M","R","B",null,"M","$","M","?","?","R","?","M","T","M","R","E","M","E","R","B",null,"M","M","$","?","M","R","E","$","T","M","E","$","M","?","R","B",null,"R","$","E","B"],"character_chosen":"IRONCLAD","items_purchased":["True Grit","Disarm","Twin Strike+1","Kunai","SteroidPotion"],"campfire_rested":1,"item_purchase_floors":[19,37,42,42,53],"current_hp_per_floor":[78,78,74,74,78,78,78,76,76,74,70,69,69,74,74,52,90,90,90,86,86,86,86,86,90,90,90,90,68,61,47,47,44,90,94,98,98,98,80,80,33,33,33,26,13,13,40,40,69,41,98,98,98,56,0],"gold":39,"neow_bonus":"THREE_RARE_CARDS","is_prod":false,"is_daily":false,"chose_seed":false,"campfire_upgraded":7,"win_rate":0,"timestamp":1554884195,"path_taken":["M","?","M","?","?","R","?","M","T","E","M","M","R","M","R","BOSS","M","$","?","?","?","R","?","M","T","M","R","E","M","E","R","BOSS","M","M","$","?","M","R","E","?","T","M","E","?","M","?","R","BOSS","R","$","E","BOSS"],"build_version":"2019-01-23","purchased_purges":2,"victory":false,"max_hp_per_floor":[80,80,80,80,80,80,80,80,80,90,90,90,90,90,90,90,90,90,90,90,90,90,90,90,90,90,90,90,90,90,90,90,90,90,94,98,98,98,98,98,98,98,98,98,98,98,98,98,98,98,98,98,98,98,98],"card_choices":[{"not_picked":["Barricade","Juggernaut"],"picked":"Limit Break","floor":0.0},{"not_picked":["Body Slam","Anger"],"picked":"Perfected Strike","floor":1.0},{"not_picked":["Warcry","Sever Soul"],"picked":"Pommel Strike","floor":3.0},{"not_picked":["Clothesline","Burning Pact"],"picked":"Warcry","floor":5.0},{"not_picked":["Fire Breathing","Thunderclap","Body Slam"],"picked":"SKIP","floor":8.0},{"not_picked":["Entrench","Cleave"],"picked":"Shrug It Off","floor":10.0},{"not_picked":["Headbutt","Seeing Red"],"picked":"Perfected Strike","floor":11.0},{"not_picked":["Fiend Fire","Heavy Blade"],"picked":"Headbutt","floor":12.0},{"not_picked":["Armaments","Sever Soul","Warcry"],"picked":"SKIP","floor":14.0},{"not_picked":["Barricade","Fiend Fire"],"picked":"Double Tap","floor":16.0},{"not_picked":["Dropkick","Warcry"],"picked":"Rampage+1","floor":18.0},{"not_picked":["Sentinel+1","Body Slam","Clash"],"picked":"SKIP","floor":20.0},{"not_picked":["Rampage","Intimidate","Cleave"],"picked":"SKIP","floor":25.0},{"not_picked":["Evolve","True Grit"],"picked":"Twin Strike+1","floor":27.0},{"not_picked":["Metallicize","Power Through+1"],"picked":"Inflame","floor":29.0},{"not_picked":["Reckless Charge+1","Body Slam+1"],"picked":"Dropkick+1","floor":30.0},{"not_picked":["Metallicize","Bludgeon+1"],"picked":"Battle Trance","floor":31.0},{"not_picked":["Fiend Fire+1","Impervious"],"picked":"Feed+1","floor":33.0},{"not_picked":["Havoc","Battle Trance"],"picked":"Shrug It Off+1","floor":35.0},{"not_picked":["Warcry","Burning Pact"],"picked":"Wild Strike+1","floor":36.0},{"not_picked":["Clash+1","Intimidate+1"],"picked":"Pommel Strike+1","floor":39.0},{"not_picked":["Anger+1","Immolate+1"],"picked":"Heavy Blade+1","floor":41.0},{"not_picked":["True Grit","Pummel+1","Clothesline+1"],"picked":"SKIP","floor":44.0},{"not_picked":["Fire Breathing+1","Havoc"],"picked":"Limit Break","floor":45.0},{"not_picked":["Uppercut+1","Metallicize+1"],"picked":"Twin Strike+1","floor":47.0},{"not_picked":["Flex","Havoc","Reckless Charge+1"],"picked":"SKIP","floor":54}],"player_experience":1004924,"relics_obtained":[{"floor":9.0,"key":"Ornamental Fan"},{"floor":10.0,"key":"Pear"},{"floor":26.0,"key":"Pen Nib"},{"floor":29.0,"key":"Molten Egg 2"},{"floor":31.0,"key":"Magic Flower"},{"floor":41.0,"key":"Bottled Lightning"},{"floor":45.0,"key":"Meat on the Bone"},{"floor":54,"key":"Shuriken"}],"event_choices":[{"damage_healed":0.0,"max_hp_gain":0.0,"max_hp_loss":0.0,"gold_gain":0.0,"event_name":"Big Fish","player_choice":"Box","floor":2.0,"gold_loss":0.0,"damage_taken":0.0,"relics_obtained":["Happy Flower"],"cards_obtained":["Regret"]},{"damage_healed":0.0,"max_hp_gain":0.0,"max_hp_loss":0.0,"gold_gain":0.0,"event_name":"Accursed Blacksmith","player_choice":"Rummage","floor":4.0,"gold_loss":0.0,"damage_taken":0.0,"relics_obtained":["WarpedTongs"],"cards_obtained":["Pain"]},{"cards_removed":["Pain","Regret"],"damage_healed":0.0,"max_hp_gain":0.0,"max_hp_loss":0.0,"gold_gain":0.0,"event_name":"Fountain of Cleansing","player_choice":"Removed Curses","floor":7.0,"gold_loss":0.0,"damage_taken":0.0},{"damage_healed":0.0,"max_hp_gain":0.0,"max_hp_loss":0.0,"gold_gain":0.0,"event_name":"Back to Basics","player_choice":"Simplicity","floor":21.0,"gold_loss":0.0,"damage_taken":0.0,"cards_upgraded":["Strike_R","Strike_R","Strike_R","Strike_R","Defend_R","Defend_R","Defend_R","Defend_R"]},{"damage_healed":0.0,"max_hp_gain":0.0,"max_hp_loss":0.0,"gold_gain":0.0,"event_name":"Vampires","player_choice":"Ignored","floor":22.0,"gold_loss":0.0,"damage_taken":0.0},{"damage_healed":0.0,"max_hp_gain":0.0,"max_hp_loss":0.0,"gold_gain":0.0,"event_name":"Addict","player_choice":"Stole Relic","floor":24.0,"gold_loss":0.0,"damage_taken":0.0,"relics_obtained":["Red Skull"],"cards_obtained":["Shame"]},{"damage_healed":0.0,"max_hp_gain":0.0,"max_hp_loss":0.0,"gold_gain":0.0,"event_name":"Lab","player_choice":"Got Potions","floor":38.0,"gold_loss":0.0,"damage_taken":0.0},{"damage_healed":0.0,"max_hp_gain":0.0,"max_hp_loss":0.0,"gold_gain":0.0,"cards_transformed":["Defend_R"],"event_name":"Transmorgrifier","player_choice":"Transformed","floor":48.0,"gold_loss":0.0,"damage_taken":0.0,"cards_obtained":["Berserk"]}],"is_beta":false,"boss_relics":[{"not_picked":["Philosopher\u0027s Stone","Black Star"],"picked":"Cursed Key"},{"not_picked":["Runic Cube","Runic Dome"],"picked":"Empty Cage"}],"items_purged_floors":[19,46],"is_endless":false,"potions_floor_spawned":[1,8,10,12,14,29,30,35,44,54],"killed_by":"The Heart","ascension_level":0}