{"gold_per_floor":[216,127,127,142,158,193,193,2,2,2,2,2,21,21,21,98,98,114,133,144,69,88,88,88],"floor_reached":24,"playtime":956,"items_purged":[],"score":353,"play_id":"ec26cc6d-80ef-4153-8d6f-0f321ea83c84","local_time":"20190920211504","is_ascension_mode":true,"campfire_choices":[{"data":"Inflame","floor":7,"key":"SMITH"},{"data":"Apotheosis","floor":10,"key":"SMITH"},{"data":"Metallicize","floor":12,"key":"SMITH"},{"data":"Heavy Blade","floor":15,"key":"SMITH"},{"data":"Berserk","floor":23,"key":"SMITH"}],"neow_cost":"NONE","seed_source_timestamp":439985742524300,"circlet_count":0,"master_deck":["AscendersBane","Strike_R","Strike_R","Strike_R","Strike_R","Strike_R","Defend_R","Defend_R","Defend_R","Defend_R","Bash","Inflame+1","Heavy Blade+1","Metallicize+1","Apotheosis+1","Berserk+1","Cleave","Thunderclap","Whirlwind","Uppercut"],"special_seed":0,"relics":["Burning Blood","Bottled Tornado","Red Skull","Bag of Preparation","Runic Pyramid"],"potions_floor_usage":[16,18,20,22,24],"damage_taken":[{"damage":11.0,"enemies":"2 Louse","floor":1.0,"turns":3.0},{"damage":6.0,"enemies":"Cultist","floor":4.0,"turns":3.0},{"damage":0.0,"enemies":"Small Slimes","floor":5.0,"turns":3.0},{"damage":50.0,"enemies":"Lagavulin","floor":6.0,"turns":9.0},{"damage":9,"enemies":"Looter","floor":13,"turns":4},{"damage":9,"enemies":"Slime Boss","floor":16,"turns":7},{"damage":13,"enemies":"3 Byrds","floor":18,"turns":6},{"damage":26,"enemies":"2 Thieves","floor":19,"turns":4},{"damage":12,"enemies":"Snake Plant","floor":20,"turns":2},{"damage":22,"enemies":"Chosen and Byrds","floor":22,"turns":5},{"damage":18,"enemies":"Slavers","floor":24,"turns":1}],"seed_played":"1138336996678409244","potions_obtained":[{"floor":13,"key":"SteroidPotion"},{"floor":16,"key":"SkillPotion"},{"floor":19,"key":"SkillPotion"},{"floor":20,"key":"SneckoOil"},{"floor":22,"key":"Block Potion"}],"is_trial":false,"path_per_floor":["M","$","?","M","M","E","R","$","T","R","$","R","M","?","R","B",null,"M","M","M","$","M","R","E"],"character_chosen":"IRONCLAD","items_purchased":["Inflame","Apotheosis","Uppercut"],"campfire_rested":0,"item_purchase_floors":[2,8,21],"current_hp_per_floor":[63,63,68,68,74,30,30,30,30,30,30,30,27,27,27,24,66,59,39,33,33,17,17,0],"gold":88,"neow_bonus":"HUNDRED_GOLD","is_prod":false,"is_daily":false,"chose_seed":false,"campfire_upgraded":5,"win_rate":0,"timestamp":1568985304,"path_taken":["M","$","?","M","M","E","R","$","T","R","$","R","M","?","R","BOSS","M","M","?","$","M","R","E"],"build_version":"2019-07-17","purchased_purges":0,"victory":false,"max_hp_per_floor":[75,75,80,80,80,80,80,80,80,80,80,80,80,80,80,80,80,80,80,80,80,80,80,80],"card_choices":[{"not_picked":["Thunderclap","Anger","Twin Strike"],"picked":"SKIP","floor":1.0},{"not_picked":["Havoc","Combust"],"picked":"Heavy Blade","floor":4.0},{"not_picked":["Shrug It Off","Feel No Pain"],"picked":"Metallicize","floor":5.0},{"not_picked":["Sentinel","Clothesline"],"picked":"Intimidate","floor":6},{"not_picked":["Reckless Charge","Thunderclap","Warcry"],"picked":"SKIP","floor":13},{"not_picked":["Double Tap","Brutality"],"picked":"Berserk","floor":16},{"not_picked":["Clothesline","Second Wind"],"picked":"Cleave","floor":18},{"not_picked":["Dual Wield","Wild Strike"],"picked":"Thunderclap","floor":19},{"not_picked":["Disarm","Pommel Strike"],"picked":"Whirlwind","floor":20},{"not_picked":["Twin Strike","True Grit","Clash+1"],"picked":"SKIP","floor":22}],"player_experience":652404,"relics_obtained":[{"floor":6,"key":"Bottled Tornado"},{"floor":9,"key":"Red Skull"}],"event_choices":[{"damage_healed":0.0,"max_hp_gain":5.0,"max_hp_loss":0.0,"gold_gain":0.0,"event_name":"Big Fish","player_choice":"Donut","floor":3.0,"gold_loss":0.0,"damage_taken":0.0},{"cards_removed":["Intimidate"],"damage_healed":0,"gold_gain":0,"player_choice":"Gave Card","damage_taken":0,"relics_obtained":["Bag of Preparation"],"max_hp_gain":0,"max_hp_loss":0,"event_name":"WeMeetAgain","floor":14,"gold_loss":0}],"is_beta":false,"boss_relics":[{"not_picked":["Calling Bell","Fusion Hammer"],"picked":"Runic Pyramid"}],"items_purged_floors":[],"is_endless":false,"potions_floor_spawned":[13,16,19,20,22],"killed_by":"Slavers","ascension_level":16}