{"gold_per_floor":[110,110,110,185,185,185,219,369,369,401,412,428,439,449,449,449],"floor_reached":16,"playtime":655,"items_purged":[],"score":312,"play_id":"8632597f-5516-4129-8500-273a024b6e6d","local_time":"20190430000448","is_ascension_mode":true,"campfire_choices":[{"data":"Neutralize","floor":6,"key":"SMITH"},{"data":"Cloak And Dagger","floor":15,"key":"SMITH"}],"neow_cost":"NONE","seed_source_timestamp":282919638669092,"circlet_count":0,"master_deck":["AscendersBane","Defend_G","Defend_G","Defend_G","Defend_G","Defend_G","Strike_G","Strike_G","Strike_G","Strike_G","Survivor","Neutralize+1","Leg Sweep","Doubt","Footwork","Cloak And Dagger+1","Well Laid Plans","PiercingWail"],"relics":["Ring of the Snake","NeowsBlessing","Darkstone Periapt","Pocketwatch","Blue Candle","Vajra"],"potions_floor_usage":[16,16],"damage_taken":[{"damage":0,"enemies":"Cultist","floor":1,"turns":1},{"damage":0,"enemies":"Gremlin Nob","floor":7,"turns":1},{"damage":0,"enemies":"Lagavulin","floor":10,"turns":1},{"damage":1,"enemies":"Jaw Worm","floor":11,"turns":5},{"damage":0,"enemies":"2 Louse","floor":12,"turns":4},{"damage":1,"enemies":"Large Slime","floor":13,"turns":9},{"damage":6,"enemies":"3 Louse","floor":14,"turns":5},{"damage":33,"enemies":"Hexaghost","floor":16,"turns":16}],"seed_played":"5017054816437052552","potions_obtained":[{"floor":1,"key":"Block Potion"},{"floor":10,"key":"GhostInAJar"}],"is_trial":false,"path_per_floor":["M","?","?","?","?","R","E","?","T","E","M","M","M","M","R","B"],"character_chosen":"THE_SILENT","items_purchased":[],"campfire_rested":0,"item_purchase_floors":[],"current_hp_per_floor":[59,64,57,46,35,35,35,41,41,41,40,40,39,33,33,0],"gold":449,"neow_bonus":"THREE_ENEMY_KILL","is_prod":false,"is_daily":false,"chose_seed":false,"campfire_upgraded":2,"win_rate":0,"timestamp":1556607888,"path_taken":["M","?","?","?","?","R","E","?","T","E","M","M","M","M","R","BOSS"],"build_version":"2019-01-23","purchased_purges":0,"victory":false,"max_hp_per_floor":[66,71,71,71,71,71,71,77,77,77,77,77,77,77,77,77],"card_choices":[{"not_picked":["Endless Agony","Sucker Punch"],"picked":"Leg Sweep","floor":1},{"not_picked":["Riddle With Holes","Acrobatics","Sucker Punch"],"picked":"SKIP","floor":7},{"not_picked":["Dagger Throw","Masterful Stab"],"picked":"Footwork","floor":10},{"not_picked":["Quick Slash","Endless Agony"],"picked":"Cloak And Dagger","floor":11},{"not_picked":["Accuracy","Masterful Stab"],"picked":"Well Laid Plans","floor":12},{"not_picked":["Outmaneuver","Setup"],"picked":"PiercingWail","floor":13},{"not_picked":["Well Laid Plans","Dagger Throw","Flying Knee"],"picked":"SKIP","floor":14}],"player_experience":1037170,"relics_obtained":[{"floor":7,"key":"Pocketwatch"},{"floor":9,"key":"Blue Candle"},{"floor":10,"key":"Vajra"}],"event_choices":[{"damage_healed":0,"gold_gain":0,"player_choice":"Donut","damage_taken":0,"max_hp_gain":5,"max_hp_loss":0,"event_name":"Big Fish","floor":2,"gold_loss":0},{"cards_removed":["Strike_G"],"damage_healed":0,"gold_gain":0,"player_choice":"Card Removal","damage_taken":7,"max_hp_gain":0,"max_hp_loss":0,"event_name":"Golden Wing","floor":3,"gold_loss":0},{"damage_healed":0,"gold_gain":75,"player_choice":"Gather Gold","damage_taken":11,"max_hp_gain":0,"max_hp_loss":0,"event_name":"World of Goop","floor":4,"gold_loss":0},{"damage_healed":0,"gold_gain":0,"player_choice":"Success","damage_taken":11,"relics_obtained":["Darkstone Periapt"],"max_hp_gain":0,"max_hp_loss":0,"event_name":"Scrap Ooze","floor":5,"gold_loss":0},{"damage_healed":0,"gold_gain":150,"player_choice":"AGREE","damage_taken":0,"max_hp_gain":0,"max_hp_loss":0,"event_name":"Liars Game","floor":8,"gold_loss":0,"cards_obtained":["Doubt"]}],"is_beta":false,"boss_relics":[],"items_purged_floors":[],"is_endless":false,"potions_floor_spawned":[1,10,11,14],"killed_by":"Hexaghost","ascension_level":19}