{"gold_per_floor":[117,117,133,133,145,176,176,205,281,134,166,166,199,233,233,335,335,353,353,4,22,22,54,85,112,164,193,224,499,527,544,544,649,649,662,40,40,58,58,84,84,0,46,46,72,172,206,221,221,221,221,221,24,55,55],"floor_reached":56,"playtime":1845,"items_purged":["Doubt","Normality"],"score":1893,"play_id":"aa166a02-f639-4de5-8eb5-8deccaaf9ffb","local_time":"20190917020732","daily_mods":["Cursed Run","Flight","Night Terrors"],"is_ascension_mode":true,"campfire_choices":[{"data":"Self Repair","floor":7.0,"key":"SMITH"},{"data":"Hologram","floor":12.0,"key":"SMITH"},{"floor":15.0,"key":"REST"},{"data":"Doom and Gloom","floor":32.0,"key":"SMITH"},{"data":"Meteor Strike","floor":41.0,"key":"SMITH"},{"floor":44,"key":"RECALL"},{"data":"Sunder","floor":49,"key":"SMITH"},{"data":"Streamline","floor":52,"key":"SMITH"}],"neow_cost":"","seed_source_timestamp":511447254645381,"circlet_count":0,"master_deck":["Strike_B","Strike_B","Strike_B","Strike_B","Defend_B","Defend_B","Defend_B","Defend_B","Zap+1","Dualcast","Ball Lightning","Gash","Hologram+1","Self Repair+1","Rebound","Injury","Sweeping Beam","Steam","Sweeping Beam","Melter","Coolheaded","Doubt","Core Surge","Compile Driver+1","Madness","FTL","Necronomicurse","Gash+1","Sunder+1","Decay","Fusion+1","Leap+1","Regret","Doom and Gloom+1","Chill+1","Seek+1","Regret","Injury","Coolheaded+1","Meteor Strike+1","Gash","BootSequence+1","Metamorphosis+1","Trip+1","Mind Blast","Hologram+1","Shame","Hologram+1","Beam Cell+1","Streamline+1","Sweeping Beam+1","Coolheaded+1","Gash","Hologram+1","Injury"],"special_seed":0,"relics":["Cursed Key","Darkstone Periapt","Du-Vu Doll","Dead Branch","Vajra","Bottled Tornado","Pen Nib","Bronze Scales","Centennial Puzzle","Philosopher\u0027s Stone","Meat on the Bone","Necronomicon","Oddly Smooth Stone","Toxic Egg 2","Gremlin Horn","Art of War","Ice Cream","Potion Belt","Omamori","Calling Bell","Bag of Marbles","Shuriken","Incense Burner","Kunai","Runic Capacitor","Letter Opener","Red Mask","Torii","Ginger","Juzu Bracelet","Anchor"],"potions_floor_usage":[55,55,55,55],"damage_taken":[{"damage":1.0,"enemies":"Cultist","floor":1.0,"turns":3.0},{"damage":0.0,"enemies":"2 Louse","floor":3.0,"turns":2.0},{"damage":6.0,"enemies":"Jaw Worm","floor":5.0,"turns":2.0},{"damage":23.0,"enemies":"3 Sentries","floor":6.0,"turns":6.0},{"damage":25.0,"enemies":"Gremlin Nob","floor":8.0,"turns":4.0},{"damage":4.0,"enemies":"3 Sentries","floor":11.0,"turns":4.0},{"damage":27.0,"enemies":"Gremlin Nob","floor":13.0,"turns":4.0},{"damage":13.0,"enemies":"Lagavulin","floor":14.0,"turns":4.0},{"damage":0.0,"enemies":"Slime Boss","floor":16.0,"turns":6.0},{"damage":0.0,"enemies":"Spheric Guardian","floor":18.0,"turns":3.0},{"damage":14.0,"enemies":"Shell Parasite","floor":21.0,"turns":2.0},{"damage":28.0,"enemies":"Slavers","floor":23.0,"turns":3.0},{"damage":37.0,"enemies":"Book of Stabbing","floor":24.0,"turns":4.0},{"damage":30.0,"enemies":"Gremlin Leader","floor":25.0,"turns":4.0},{"damage":30.0,"enemies":"Slavers","floor":27.0,"turns":2.0},{"damage":17.0,"enemies":"Book of Stabbing","floor":28.0,"turns":3.0},{"damage":33.0,"enemies":"Slavers","floor":30.0,"turns":3.0},{"damage":0.0,"enemies":"3 Cultists","floor":31.0,"turns":2.0},{"damage":34.0,"enemies":"Collector","floor":33.0,"turns":6.0},{"damage":0.0,"enemies":"3 Shapes","floor":35.0,"turns":2.0},{"damage":0.0,"enemies":"3 Darklings","floor":38.0,"turns":1.0},{"damage":0.0,"enemies":"Reptomancer","floor":40.0,"turns":2.0},{"damage":48,"enemies":"Nemesis","floor":45,"turns":3},{"damage":0,"enemies":"Mind Bloom Boss Battle","floor":46,"turns":2},{"damage":0,"enemies":"Reptomancer","floor":47,"turns":1},{"damage":0,"enemies":"4 Shapes","floor":48,"turns":2},{"damage":41,"enemies":"Awakened One","floor":50,"turns":5},{"damage":2,"enemies":"Shield and Spear","floor":54,"turns":2},{"damage":56,"enemies":"The Heart","floor":55,"turns":3}],"seed_played":"370284448472562912","potions_obtained":[{"floor":3.0,"key":"Energy Potion"},{"floor":8.0,"key":"Explosive Potion"},{"floor":13.0,"key":"Weak Potion"},{"floor":14.0,"key":"Explosive Potion"},{"floor":18.0,"key":"Poison Potion"},{"floor":25.0,"key":"SteroidPotion"},{"floor":30.0,"key":"Dexterity Potion"},{"floor":33.0,"key":"Swift Potion"},{"floor":35.0,"key":"Ancient Potion"},{"floor":45,"key":"PowerPotion"}],"is_trial":true,"path_per_floor":["M","?","M","?","M","E","R","E","T","$","E","R","E","E","R","B",null,"M","?","$","M","?","E","E","E","T","E","E","?","E","M","R","B",null,"M","$","?","M","?","E","R","?","T","R","E","?","E","M","R","B",null,"R","$","E","B",null],"character_chosen":"DEFECT","items_purchased":["Sweeping Beam","Steam","Madness","Meat on the Bone","Kunai","Runic Capacitor","Meteor Strike","Gash","Coolheaded+1","Gash"],"campfire_rested":1,"item_purchase_floors":[10,10,20,20,36,36,36,36,53,53],"current_hp_per_floor":[74,80,80,80,74,51,51,36,42,42,48,48,31,28,82,88,88,88,88,88,84,74,68,53,45,51,43,48,54,43,65,65,53,118,118,118,118,118,108,118,118,118,124,124,86,86,86,96,96,83,130,130,130,130,90],"gold":55,"neow_bonus":"","is_prod":false,"is_daily":false,"chose_seed":false,"campfire_upgraded":6,"win_rate":0,"timestamp":1568711252,"path_taken":["M","?","?","?","?","E","R","E","T","$","E","R","E","E","R","BOSS","M","?","$","M","?","E","E","E","T","E","E","?","E","?","R","BOSS","M","$","?","M","?","E","R","?","T","R","E","?","E","M","R","BOSS","R","$","E","BOSS"],"build_version":"2019-07-17","purchased_purges":2,"victory":true,"max_hp_per_floor":[75,81,81,81,81,81,81,81,87,87,87,87,87,87,82,88,88,88,88,88,88,94,94,94,94,100,100,100,106,106,106,106,106,118,118,118,118,118,118,118,118,118,124,124,124,124,124,124,124,130,130,130,130,130,136],"card_choices":[{"not_picked":["Steam","Melter"],"picked":"Ball Lightning","floor":1.0},{"not_picked":["Aggregate","Loop"],"picked":"Gash","floor":3.0},{"not_picked":["Melter","Conserve Battery"],"picked":"Hologram","floor":5.0},{"not_picked":["Double Energy","Reprogram"],"picked":"Self Repair","floor":6.0},{"not_picked":["Doom and Gloom","Redo"],"picked":"Rebound","floor":8.0},{"not_picked":["Recycle","Compile Driver"],"picked":"Sweeping Beam","floor":11.0},{"not_picked":["Redo","Streamline"],"picked":"Melter","floor":13.0},{"not_picked":["Capacitor","Conserve Battery"],"picked":"Coolheaded","floor":14.0},{"not_picked":["Fission","Biased Cognition"],"picked":"Core Surge","floor":16.0},{"not_picked":["Steam+1","Stack+1"],"picked":"Compile Driver+1","floor":18.0},{"not_picked":["Heatsinks","Redo+1"],"picked":"FTL","floor":21.0},{"not_picked":["Turbo","Compile Driver+1"],"picked":"Echo Form","floor":23.0},{"not_picked":["Steam Power","Redo"],"picked":"Gash+1","floor":24.0},{"not_picked":["Steam Power+1","Reprogram+1"],"picked":"Sunder","floor":25.0},{"not_picked":["Reprogram+1","Melter"],"picked":"Fusion+1","floor":27.0},{"not_picked":["Rip and Tear","Static Discharge"],"picked":"Leap+1","floor":28.0},{"not_picked":["Turbo+1","Steam Power+1"],"picked":"Doom and Gloom","floor":30.0},{"not_picked":["Rip and Tear+1","Compile Driver"],"picked":"Chill+1","floor":31.0},{"not_picked":["Biased Cognition","Amplify+1"],"picked":"Seek+1","floor":33.0},{"not_picked":["Chill+1","White Noise+1"],"picked":"Coolheaded+1","floor":35.0},{"not_picked":["Cold Snap+1","Hello World"],"picked":"BootSequence+1","floor":38.0},{"not_picked":["Sadistic Nature","Deep Breath+1"],"picked":"Metamorphosis+1","floor":39.0},{"not_picked":["Deep Breath+1","Bandage Up+1"],"picked":"Trip+1","floor":39.0},{"not_picked":["Finesse+1","Trip+1"],"picked":"Mind Blast","floor":39.0},{"not_picked":["Lockon+1","Conserve Battery+1"],"picked":"Hologram+1","floor":40.0},{"not_picked":["Sunder+1","Gash"],"picked":"Hologram+1","floor":45},{"not_picked":["Blizzard+1","Cold Snap"],"picked":"Beam Cell+1","floor":46},{"not_picked":["Storm+1","Cold Snap"],"picked":"Streamline","floor":47},{"not_picked":["Cold Snap","Gash"],"picked":"Sweeping Beam+1","floor":48},{"not_picked":["Loop","Amplify+1"],"picked":"Hologram+1","floor":54}],"player_experience":1161671,"relics_obtained":[{"floor":6.0,"key":"Dead Branch"},{"floor":8.0,"key":"Vajra"},{"floor":9.0,"key":"Bottled Tornado"},{"floor":11.0,"key":"Pen Nib"},{"floor":13.0,"key":"Bronze Scales"},{"floor":14.0,"key":"Centennial Puzzle"},{"floor":22.0,"key":"Necronomicon"},{"floor":23.0,"key":"Oddly Smooth Stone"},{"floor":24.0,"key":"Toxic Egg 2"},{"floor":25.0,"key":"Gremlin Horn"},{"floor":26.0,"key":"Art of War"},{"floor":27.0,"key":"Ice Cream"},{"floor":28.0,"key":"Potion Belt"},{"floor":30.0,"key":"Omamori"},{"floor":34.0,"key":"Bag of Marbles"},{"floor":34.0,"key":"Shuriken"},{"floor":34.0,"key":"Incense Burner"},{"floor":40.0,"key":"Letter Opener"},{"floor":45,"key":"Torii"},{"floor":46,"key":"Ginger"},{"floor":47,"key":"Juzu Bracelet"},{"floor":54,"key":"Anchor"}],"event_choices":[{"damage_healed":0.0,"max_hp_gain":0.0,"max_hp_loss":0.0,"gold_gain":0.0,"event_name":"Match and Keep!","player_choice":"1 cards matched","floor":2.0,"gold_loss":0.0,"damage_taken":0.0,"cards_obtained":["Doubt"]},{"damage_healed":0.0,"max_hp_gain":0.0,"max_hp_loss":0.0,"gold_gain":0.0,"event_name":"Upgrade Shrine","player_choice":"Upgraded","floor":4.0,"gold_loss":0.0,"damage_taken":0.0,"cards_upgraded":["Zap"]},{"damage_healed":0.0,"max_hp_gain":0.0,"max_hp_loss":0.0,"gold_gain":0.0,"event_name":"Vampires","player_choice":"Ignored","floor":19.0,"gold_loss":0.0,"damage_taken":0.0},{"damage_healed":0.0,"max_hp_gain":0.0,"max_hp_loss":0.0,"gold_gain":0.0,"event_name":"Cursed Tome","player_choice":"Obtained Book","floor":22.0,"gold_loss":0.0,"damage_taken":16.0},{"damage_healed":0.0,"max_hp_gain":0.0,"max_hp_loss":0.0,"gold_gain":275.0,"event_name":"Golden Shrine","player_choice":"Desecrate","floor":29.0,"gold_loss":0.0,"damage_taken":0.0,"cards_obtained":["Regret"]},{"cards_removed":["Echo Form"],"damage_healed":0.0,"max_hp_gain":0.0,"max_hp_loss":0.0,"gold_gain":0.0,"event_name":"Falling","player_choice":"Removed Power","floor":37.0,"gold_loss":0.0,"damage_taken":0.0},{"damage_healed":0.0,"max_hp_gain":0.0,"max_hp_loss":0.0,"gold_gain":0.0,"event_name":"SensoryStone","player_choice":"Memory 3","floor":39.0,"gold_loss":0.0,"damage_taken":10.0},{"damage_healed":0.0,"max_hp_gain":0.0,"max_hp_loss":0.0,"gold_gain":0.0,"event_name":"Tomb of Lord Red Mask","player_choice":"Paid","floor":42.0,"gold_loss":84.0,"damage_taken":0.0,"relics_obtained":["Red Mask"]},{"damage_healed":0,"gold_gain":0,"player_choice":"Fight","damage_taken":0,"max_hp_gain":0,"max_hp_loss":0,"event_name":"MindBloom","floor":46,"gold_loss":0}],"is_beta":false,"boss_relics":[{"not_picked":["Snecko Eye","Ectoplasm"],"picked":"Philosopher\u0027s Stone"},{"not_picked":["Velvet Choker","Pandora\u0027s Box"],"picked":"Calling Bell"}],"items_purged_floors":[10,53],"is_endless":false,"potions_floor_spawned":[3,8,13,14,18,24,25,30,33,35,45,47,54],"ascension_level":1}