{"gold_per_floor":[128,152,164,189,201,538,563,575,587,599,634,796,808,790,802,910,922,955,857,710,710,723,766,402,426,453,453,453,453,453],"floor_reached":30,"playtime":1325,"items_purged":["Injury","Strike_R"],"score":509,"play_id":"df23b688-3faf-4b46-8b9c-3d70f1d77a5e","local_time":"20190402133104","is_ascension_mode":true,"campfire_choices":[{"floor":8.0,"key":"REST"},{"data":"True Grit","floor":13.0,"key":"SMITH"},{"data":"Uppercut","floor":15.0,"key":"SMITH"},{"floor":27.0,"key":"REST"},{"data":"Demon Form","floor":29.0,"key":"SMITH"}],"neow_cost":"NONE","seed_source_timestamp":1187855995405132,"circlet_count":0,"master_deck":["AscendersBane","Strike_R","Strike_R","Strike_R","Strike_R","Defend_R","Defend_R+1","Defend_R+1","Defend_R+1","Bash","True Grit+1","Uppercut+1","Headbutt","Sword Boomerang","Pommel Strike","Limit Break","Spot Weakness","Shrug It Off","Metallicize","Shrug It Off","Metallicize","Demon Form+1"],"special_seed":0,"relics":["Burning Blood","MawBank","Vajra","Old Coin","Darkstone Periapt","Golden Idol","Velvet Choker","Smiling Mask","Lantern","War Paint","PreservedInsect"],"potions_floor_usage":[],"damage_taken":[{"damage":4.0,"enemies":"2 Louse","floor":1.0,"turns":4.0},{"damage":5.0,"enemies":"Cultist","floor":2.0,"turns":4.0},{"damage":7.0,"enemies":"Small Slimes","floor":4.0,"turns":4.0},{"damage":46.0,"enemies":"3 Sentries","floor":6.0,"turns":11.0},{"damage":35.0,"enemies":"Exordium Wildlife","floor":7.0,"turns":4.0},{"damage":9.0,"enemies":"2 Fungi Beasts","floor":11.0,"turns":3.0},{"damage":31.0,"enemies":"Slime Boss","floor":16.0,"turns":8.0},{"damage":6.0,"enemies":"2 Thieves","floor":18.0,"turns":5.0},{"damage":23.0,"enemies":"Shell Parasite","floor":22.0,"turns":4.0},{"damage":39.0,"enemies":"Gremlin Leader","floor":23.0,"turns":7.0},{"damage":14.0,"enemies":"Shelled Parasite and Fungi","floor":25.0,"turns":8.0},{"damage":0.0,"enemies":"Sentry and Sphere","floor":28.0,"turns":1.0},{"damage":48,"enemies":"3 Cultists","floor":30,"turns":5}],"seed_played":"-5287109324107965876","potions_obtained":[{"floor":1.0,"key":"Block Potion"},{"floor":4.0,"key":"BloodPotion"},{"floor":14.0,"key":"PowerPotion"},{"floor":14.0,"key":"SmokeBomb"},{"floor":16.0,"key":"SkillPotion"},{"floor":25.0,"key":"Swift Potion"}],"is_trial":false,"path_per_floor":["M","M","?","M","$","E","M","R","T","?","M","?","R","?","R","B",null,"M","?","$","T","M","E","$","M","T","R","M","R","M"],"character_chosen":"IRONCLAD","items_purchased":["Spot Weakness","Shrug It Off","War Paint","Metallicize"],"campfire_rested":2,"item_purchase_floors":[20,24,24,24],"current_hp_per_floor":[70,71,71,70,70,37,8,30,30,36,33,39,39,39,39,14,69,69,69,69,69,52,19,19,11,11,37,43,43,0],"gold":453,"neow_bonus":"RANDOM_COMMON_RELIC","is_prod":false,"is_daily":false,"chose_seed":false,"campfire_upgraded":3,"win_rate":0,"timestamp":1554237064,"path_taken":["M","M","?","M","?","E","M","R","T","?","?","?","R","?","R","BOSS","M","?","$","?","M","E","$","M","T","R","M","R","M"],"build_version":"2019-01-23","purchased_purges":2,"victory":false,"max_hp_per_floor":[75,75,75,75,75,75,75,75,75,81,81,87,87,87,87,87,87,87,87,87,87,87,87,87,87,87,87,87,87,87],"card_choices":[{"not_picked":["Heavy Blade","Warcry"],"picked":"True Grit","floor":1.0},{"not_picked":["Havoc","Hemokinesis"],"picked":"Uppercut","floor":2.0},{"not_picked":["Sentinel","Combust"],"picked":"Headbutt","floor":4.0},{"not_picked":["Double Tap","Bludgeon"],"picked":"Sword Boomerang","floor":6.0},{"not_picked":["Headbutt","Corruption","Anger"],"picked":"SKIP","floor":7.0},{"not_picked":["Thunderclap","Pummel"],"picked":"Pommel Strike","floor":11.0},{"not_picked":["Feed","Impervious"],"picked":"Limit Break","floor":16.0},{"not_picked":["Sentinel","Ghostly Armor","Flex"],"picked":"SKIP","floor":18.0},{"not_picked":["Body Slam","Sword Boomerang"],"picked":"Shrug It Off","floor":22.0},{"not_picked":["Clothesline","Fire Breathing"],"picked":"Metallicize","floor":23.0},{"not_picked":["Second Wind","True Grit+1"],"picked":"Demon Form","floor":25.0}],"player_experience":892537,"relics_obtained":[{"floor":6.0,"key":"Old Coin"},{"floor":9.0,"key":"Darkstone Periapt"},{"floor":21.0,"key":"Smiling Mask"},{"floor":23.0,"key":"Lantern"},{"floor":26.0,"key":"PreservedInsect"}],"event_choices":[{"damage_healed":0.0,"max_hp_gain":0.0,"max_hp_loss":0.0,"gold_gain":0.0,"event_name":"WeMeetAgain","player_choice":"Gave Potion","floor":3.0,"gold_loss":0.0,"damage_taken":0.0,"relics_obtained":["Vajra"]},{"damage_healed":0.0,"max_hp_gain":0.0,"max_hp_loss":0.0,"gold_gain":0.0,"event_name":"Golden Idol","player_choice":"Take Wound","floor":10.0,"gold_loss":0.0,"damage_taken":0.0,"relics_obtained":["Golden Idol"],"cards_obtained":["Injury"]},{"damage_healed":0.0,"max_hp_gain":0.0,"max_hp_loss":0.0,"gold_gain":150.0,"event_name":"Liars Game","player_choice":"AGREE","floor":12.0,"gold_loss":0.0,"damage_taken":0.0,"cards_obtained":["Doubt"]},{"damage_healed":0.0,"max_hp_gain":0.0,"max_hp_loss":0.0,"gold_gain":0.0,"event_name":"The Woman in Blue","player_choice":"Bought 2 Potions","floor":14.0,"gold_loss":0.0,"damage_taken":0.0},{"cards_removed":["Doubt"],"damage_healed":0.0,"max_hp_gain":0.0,"max_hp_loss":0.0,"gold_gain":0.0,"event_name":"Designer","player_choice":"Upgrade and Remove","floor":19.0,"gold_loss":110.0,"damage_taken":0.0,"cards_upgraded":["Defend_R"]}],"is_beta":false,"boss_relics":[{"not_picked":["Runic Dome","Empty Cage"],"picked":"Velvet Choker"}],"items_purged_floors":[20,24],"is_endless":false,"potions_floor_spawned":[1,4,16,25],"killed_by":"3 Cultists","ascension_level":19}