{"gold_per_floor":[110,28,46,46,46,80,103,103,103,127,127],"floor_reached":11,"playtime":404,"items_purged":[],"score":146,"play_id":"f5ddfab6-0f3c-4ff9-8063-205fb14cda38","local_time":"20190429165349","is_ascension_mode":true,"campfire_choices":[],"neow_cost":"NONE","seed_source_timestamp":257295806223128,"circlet_count":0,"master_deck":["AscendersBane","Strike_R","Strike_R","Strike_R","Strike_R","Strike_R","Defend_R","Defend_R","Defend_R","Defend_R","Bash","True Grit","Shrug It Off","Clothesline","Inflame","Inflame","Sword Boomerang"],"relics":["Burning Blood","Orichalcum","Golden Idol","GremlinMask","Meat on the Bone","Darkstone Periapt"],"potions_floor_usage":[6,11],"damage_taken":[{"damage":1,"enemies":"2 Louse","floor":1,"turns":4},{"damage":4,"enemies":"Small Slimes","floor":3,"turns":4},{"damage":33,"enemies":"3 Sentries","floor":6,"turns":8},{"damage":2,"enemies":"Cultist","floor":7,"turns":4},{"damage":17,"enemies":"Large Slime","floor":10,"turns":7},{"damage":49,"enemies":"Gremlin Gang","floor":11,"turns":3}],"seed_played":"5638346727925917837","potions_obtained":[{"floor":1,"key":"Block Potion"},{"floor":8,"key":"FairyPotion"}],"is_trial":false,"path_per_floor":["M","$","M","?","?","E","M","?","T","M","M"],"character_chosen":"IRONCLAD","items_purchased":["Shrug It Off","AttackPotion"],"campfire_rested":0,"item_purchase_floors":[2,2],"current_hp_per_floor":[73,73,75,49,49,22,38,38,38,39,0],"gold":127,"neow_bonus":"RANDOM_COMMON_RELIC","is_prod":false,"is_daily":false,"chose_seed":false,"campfire_upgraded":0,"win_rate":0,"timestamp":1556582029,"path_taken":["M","$","M","?","?","E","?","?","T","?","M"],"build_version":"2019-01-23","purchased_purges":0,"victory":false,"max_hp_per_floor":[75,75,75,75,75,75,75,75,75,75,75],"card_choices":[{"not_picked":["Sever Soul","Body Slam"],"picked":"True Grit","floor":1},{"not_picked":["Shrug It Off","Entrench"],"picked":"Clothesline","floor":3},{"not_picked":["Anger","Blood for Blood"],"picked":"Inflame","floor":6},{"not_picked":["Clothesline","Thunderclap"],"picked":"Inflame","floor":7},{"not_picked":["Body Slam","Cleave"],"picked":"Sword Boomerang","floor":10}],"player_experience":1034362,"relics_obtained":[{"floor":6,"key":"Meat on the Bone"},{"floor":9,"key":"Darkstone Periapt"}],"event_choices":[{"damage_healed":0,"gold_gain":0,"player_choice":"Take Damage","damage_taken":26,"relics_obtained":["Golden Idol"],"max_hp_gain":0,"max_hp_loss":0,"event_name":"Golden Idol","floor":4,"gold_loss":0},{"damage_healed":0,"gold_gain":0,"player_choice":"Trade","damage_taken":0,"relics_obtained":["GremlinMask"],"max_hp_gain":0,"max_hp_loss":0,"event_name":"FaceTrader","floor":5,"gold_loss":0},{"damage_healed":0,"gold_gain":0,"player_choice":"Got Potions","damage_taken":0,"max_hp_gain":0,"max_hp_loss":0,"event_name":"Lab","floor":8,"gold_loss":0}],"is_beta":false,"boss_relics":[],"items_purged_floors":[],"is_endless":false,"potions_floor_spawned":[1,10],"killed_by":"Gremlin Gang","ascension_level":20}