{"gold_per_floor":[117,117,117,27,27,56,56,86,86,86,101,118,129,145,145,222,222,241,241,251,274,324,324,334,334,334,353,385,404,404,374,374,374],"floor_reached":33,"playtime":1416,"items_purged":[],"score":675,"play_id":"34bc4d9a-1abb-495c-9d66-f7cdccbab8fc","local_time":"20190430034240","is_ascension_mode":true,"campfire_choices":[{"data":"Infinite Blades","floor":7.0,"key":"SMITH"},{"data":"Neutralize","floor":10.0,"key":"SMITH"},{"data":"Blade Dance","floor":15.0,"key":"SMITH"},{"data":"Cloak And Dagger","floor":23,"key":"SMITH"},{"floor":25,"key":"DIG"},{"data":"Cloak And Dagger","floor":30,"key":"SMITH"},{"floor":32,"key":"DIG"}],"neow_cost":"NONE","seed_source_timestamp":294967047835124,"circlet_count":0,"master_deck":["AscendersBane","Defend_G","Defend_G","Defend_G","Defend_G","Survivor","Neutralize+1","Dodge and Roll","Infinite Blades+1","Flying Knee","All Out Attack","Blade Dance+1","After Image","Cloak And Dagger+1","Bite","Bite","Bite","Bite","Bite","Escape Plan","Finisher","Backflip","Leg Sweep","Cloak And Dagger+1"],"special_seed":0,"relics":["Ring of the Snake","NeowsBlessing","Potion Belt","Bottled Flame","Shovel","Gremlin Horn","WristBlade","Oddly Smooth Stone","Ancient Tea Set","Darkstone Periapt","The Courier","Mercury Hourglass"],"potions_floor_usage":[16,16,28],"damage_taken":[{"damage":0.0,"enemies":"Jaw Worm","floor":1.0,"turns":1.0},{"damage":0.0,"enemies":"Gremlin Nob","floor":6.0,"turns":1.0},{"damage":0.0,"enemies":"3 Sentries","floor":8.0,"turns":1.0},{"damage":0.0,"enemies":"Small Slimes","floor":11.0,"turns":4.0},{"damage":0.0,"enemies":"Cultist","floor":12.0,"turns":3.0},{"damage":0.0,"enemies":"2 Fungi Beasts","floor":13.0,"turns":2.0},{"damage":4.0,"enemies":"Exordium Thugs","floor":14.0,"turns":4.0},{"damage":32,"enemies":"The Guardian","floor":16,"turns":19},{"damage":5,"enemies":"3 Byrds","floor":18,"turns":6},{"damage":16,"enemies":"Shell Parasite","floor":20,"turns":6},{"damage":14,"enemies":"Centurion and Healer","floor":24,"turns":8},{"damage":15,"enemies":"Shelled Parasite and Fungi","floor":27,"turns":5},{"damage":16,"enemies":"Gremlin Leader","floor":28,"turns":5},{"damage":19,"enemies":"Snecko","floor":29,"turns":8},{"damage":54,"enemies":"Automaton","floor":33,"turns":8}],"seed_played":"-9024156137745577281","potions_obtained":[{"floor":11.0,"key":"Poison Potion"},{"floor":12.0,"key":"EssenceOfSteel"},{"floor":13.0,"key":"FearPotion"},{"floor":18,"key":"Strength Potion"},{"floor":29,"key":"EssenceOfSteel"},{"floor":31,"key":"SneckoOil"},{"floor":31,"key":"GamblersBrew"}],"is_trial":false,"path_per_floor":["M","?","?","$","?","E","R","E","T","R","M","M","M","M","R","B",null,"M","?","M","T","?","R","M","R","T","M","E","M","R","?","R","B"],"character_chosen":"THE_SILENT","items_purchased":["Infinite Blades"],"campfire_rested":0,"item_purchase_floors":[4],"current_hp_per_floor":[59,52,41,41,41,41,41,41,41,41,41,41,41,37,37,5,51,46,46,40,40,40,40,46,46,46,43,36,25,25,25,25,0],"gold":374,"neow_bonus":"THREE_ENEMY_KILL","is_prod":false,"is_daily":false,"chose_seed":false,"campfire_upgraded":5,"win_rate":0,"timestamp":1556620960,"path_taken":["M","?","?","$","?","E","R","E","T","R","M","?","M","M","R","BOSS","M","?","M","?","?","R","M","R","T","?","E","M","R","?","R","BOSS"],"build_version":"2019-01-23","purchased_purges":0,"victory":false,"max_hp_per_floor":[66,66,66,66,66,66,66,66,66,66,66,66,66,66,66,66,66,66,46,46,46,46,46,46,46,46,46,46,46,46,46,46,46],"card_choices":[{"not_picked":["Acrobatics","Deadly Poison"],"picked":"Dodge and Roll","floor":1.0},{"not_picked":["Tactician","Riddle With Holes"],"picked":"Flying Knee","floor":6.0},{"not_picked":["PiercingWail","Dodge and Roll"],"picked":"All Out Attack","floor":8.0},{"not_picked":["Acrobatics","Underhanded Strike"],"picked":"Blade Dance","floor":11.0},{"not_picked":["Outmaneuver","Slice","Distraction"],"picked":"SKIP","floor":12.0},{"not_picked":["Outmaneuver","Slice","Distraction"],"picked":"SKIP","floor":12.0},{"not_picked":["Endless Agony","Skewer"],"picked":"After Image","floor":13.0},{"not_picked":["Outmaneuver","Finisher","Prepared"],"picked":"SKIP","floor":14.0},{"not_picked":["Poisoned Stab","Escape Plan"],"picked":"Cloak And Dagger","floor":18},{"not_picked":["Slice","Bane"],"picked":"Escape Plan","floor":20},{"not_picked":["Quick Slash+1","Caltrops"],"picked":"Finisher","floor":24},{"not_picked":["Reflex","Setup"],"picked":"Backflip","floor":27},{"not_picked":["Underhanded Strike","Riddle With Holes"],"picked":"Leg Sweep","floor":28},{"not_picked":["Backstab","Outmaneuver"],"picked":"Cloak And Dagger","floor":29}],"player_experience":1044189,"relics_obtained":[{"floor":6.0,"key":"Bottled Flame"},{"floor":8.0,"key":"Shovel"},{"floor":9.0,"key":"Gremlin Horn"},{"floor":21,"key":"Oddly Smooth Stone"},{"floor":25,"key":"Ancient Tea Set"},{"floor":26,"key":"Darkstone Periapt"},{"floor":28,"key":"The Courier"},{"floor":32,"key":"Mercury Hourglass"}],"event_choices":[{"cards_removed":["Strike_G"],"damage_healed":0.0,"max_hp_gain":0.0,"max_hp_loss":0.0,"gold_gain":0.0,"event_name":"Golden Wing","player_choice":"Card Removal","floor":2.0,"gold_loss":0.0,"damage_taken":7.0},{"damage_healed":0.0,"max_hp_gain":0.0,"max_hp_loss":0.0,"gold_gain":0.0,"event_name":"Scrap Ooze","player_choice":"Success","floor":3.0,"gold_loss":0.0,"damage_taken":11.0,"relics_obtained":["Potion Belt"]},{"cards_removed":["Defend_G"],"damage_healed":0.0,"max_hp_gain":0.0,"max_hp_loss":0.0,"gold_gain":0.0,"event_name":"Purifier","player_choice":"Purged","floor":5.0,"gold_loss":0.0,"damage_taken":0.0},{"damage_healed":0,"gold_gain":0,"player_choice":"Became a vampire","damage_taken":0,"max_hp_gain":0,"max_hp_loss":20,"event_name":"Vampires","floor":19,"gold_loss":0,"cards_obtained":["Bite","Bite","Bite","Bite","Bite"]},{"damage_healed":0,"gold_gain":50,"player_choice":"Stole From Cult","damage_taken":0,"max_hp_gain":0,"max_hp_loss":0,"event_name":"Nest","floor":22,"gold_loss":0},{"damage_healed":0,"gold_gain":0,"player_choice":"Bought 2 Potions","damage_taken":0,"max_hp_gain":0,"max_hp_loss":0,"event_name":"The Woman in Blue","floor":31,"gold_loss":0}],"is_beta":false,"boss_relics":[{"not_picked":["Astrolabe","Coffee Dripper"],"picked":"WristBlade"}],"items_purged_floors":[],"is_endless":false,"potions_floor_spawned":[11,12,13,18,29],"killed_by":"Automaton","ascension_level":20}