{"gold_per_floor":[112,132,143,162,162,202,278,311,311,345,345,380,137,137,137,137],"floor_reached":16,"playtime":612,"items_purged":[],"score":228,"play_id":"293441ae-38cc-43a8-ab84-d0dfc40aa896","local_time":"20190909234725","daily_mods":["Insanity","Blue Cards","Elite Swarm"],"is_ascension_mode":false,"campfire_choices":[{"floor":15,"key":"RECALL"}],"neow_cost":"","seed_source_timestamp":0,"circlet_count":0,"master_deck":["Thunderclap","Havoc","Ball Lightning","Conserve Battery","Streamline","Turbo","Ball Lightning","Havoc","Hologram","Iron Wave","Darkness","Intimidate","Metallicize","Blood for Blood","Barrage","Beam Cell","Conserve Battery","Wild Strike","Streamline","Hologram","Pummel","Aggregate","Gash","Cleave","Stack","Seeing Red","Stack","Flex","Darkness","Rupture","Ghostly Armor","Anger","Compile Driver","Streamline","Hologram","Anger","Beam Cell","Gash","Second Wind","Anger","Chill","Streamline","Anger","Perfected Strike","Gash","Sweeping Beam","Cleave","Streamline","Fusion","Conserve Battery","Stack","Sweeping Beam","Rebound","Go for the Eyes","Echo Form","Core Surge","Berserk","Regret","Seek"],"relics":["Burning Blood","Golden Idol","Gremlin Horn","Incense Burner","Matryoshka","Paper Frog","Shuriken","Prayer Wheel","Darkstone Periapt","Ancient Tea Set"],"potions_floor_usage":[12],"damage_taken":[{"damage":0,"enemies":"2 Louse","floor":1,"turns":2},{"damage":0,"enemies":"Cultist","floor":2,"turns":3},{"damage":10,"enemies":"Small Slimes","floor":3,"turns":3},{"damage":14,"enemies":"Exordium Wildlife","floor":4,"turns":2},{"damage":9,"enemies":"Gremlin Nob","floor":6,"turns":3},{"damage":9,"enemies":"3 Sentries","floor":8,"turns":4},{"damage":11,"enemies":"Lagavulin","floor":10,"turns":7},{"damage":10,"enemies":"Gremlin Nob","floor":12,"turns":4},{"damage":29,"enemies":"The Guardian","floor":16,"turns":5}],"seed_played":"-8115870003452279789","potions_obtained":[{"floor":3,"key":"SneckoOil"},{"floor":4,"key":"AttackPotion"},{"floor":12,"key":"Fire Potion"}],"is_trial":true,"path_per_floor":["M","M","M","M","?","E","?","E","T","E","?","E","$","?","R","B"],"character_chosen":"IRONCLAD","items_purchased":["Darkstone Periapt"],"campfire_rested":0,"item_purchase_floors":[13],"current_hp_per_floor":[80,80,76,68,48,45,45,42,42,37,37,33,33,33,33,4],"gold":137,"neow_bonus":"","is_prod":false,"is_daily":false,"chose_seed":false,"campfire_upgraded":0,"win_rate":0,"timestamp":1568098045,"path_taken":["M","M","M","?","?","E","?","E","T","E","?","E","$","?","R","BOSS"],"build_version":"2019-07-17","purchased_purges":0,"victory":false,"max_hp_per_floor":[80,80,80,80,80,80,80,80,80,80,80,80,80,80,80,80],"card_choices":[{"not_picked":["Heavy Blade","Body Slam"],"picked":"Stack","floor":1},{"not_picked":["Sweeping Beam","Twin Strike","Body Slam"],"picked":"SKIP","floor":2},{"not_picked":["Twin Strike","Body Slam"],"picked":"Sweeping Beam","floor":2},{"not_picked":["Iron Wave","Cleave"],"picked":"Rebound","floor":3},{"not_picked":["Multi-Cast","Sweeping Beam"],"picked":"Go for the Eyes","floor":4},{"not_picked":["Buffer","Creative AI"],"picked":"Echo Form","floor":6},{"not_picked":["Brutality","Amplify"],"picked":"Core Surge","floor":8},{"not_picked":["Feed","Machine Learning"],"picked":"Berserk","floor":10},{"not_picked":["Buffer","Reaper"],"picked":"Seek","floor":12}],"player_experience":1093202,"relics_obtained":[{"floor":6,"key":"Gremlin Horn"},{"floor":8,"key":"Incense Burner"},{"floor":9,"key":"Matryoshka"},{"floor":10,"key":"Paper Frog"},{"floor":12,"key":"Prayer Wheel"}],"event_choices":[{"damage_healed":0,"gold_gain":0,"player_choice":"Take Damage","damage_taken":20,"relics_obtained":["Golden Idol"],"max_hp_gain":0,"max_hp_loss":0,"event_name":"Golden Idol","floor":5,"gold_loss":0},{"damage_healed":0,"gold_gain":76,"player_choice":"Gained Gold","damage_taken":0,"max_hp_gain":0,"max_hp_loss":0,"event_name":"Golden Wing","floor":7,"gold_loss":0},{"damage_healed":0,"gold_gain":0,"player_choice":"Box","damage_taken":0,"relics_obtained":["Shuriken"],"max_hp_gain":0,"max_hp_loss":0,"event_name":"Big Fish","floor":11,"gold_loss":0,"cards_obtained":["Regret"]},{"damage_healed":0,"gold_gain":0,"player_choice":"Gave Potion","damage_taken":0,"relics_obtained":["Ancient Tea Set"],"max_hp_gain":0,"max_hp_loss":0,"event_name":"WeMeetAgain","floor":14,"gold_loss":0}],"is_beta":false,"boss_relics":[],"items_purged_floors":[],"is_endless":false,"potions_floor_spawned":[3,4,12],"killed_by":"The Guardian","ascension_level":0}