{"gold_per_floor":[99,99,99,99,64,64,64,64,64,64,19,19,19,19,19,19,19,19,19,19,19,19,19,19,19,19,19,19,19,19,19,19,19,19,19,19,19,19,19,19,19,19,19,19,19,19,19,19,19,19],"floor_reached":51,"playtime":5811,"items_purged":[],"score":1436,"play_id":"c1816b2d-c47d-433f-b556-b6e1a9625379","local_time":"20190923213645","is_ascension_mode":true,"campfire_choices":[{"data":"Capacitor","floor":6.0,"key":"SMITH"},{"data":"Cold Snap","floor":8.0,"key":"SMITH"},{"data":"Glacier","floor":10.0,"key":"SMITH"},{"data":"Defragment","floor":13.0,"key":"SMITH"},{"floor":15.0,"key":"REST"},{"data":"Barrage","floor":23.0,"key":"SMITH"},{"data":"RitualDagger","floor":30.0,"key":"SMITH"},{"data":"Capacitor","floor":32.0,"key":"SMITH"},{"floor":41.0,"key":"REST"},{"data":"Barrage","floor":45.0,"key":"SMITH"},{"floor":47.0,"key":"REST"},{"floor":49.0,"key":"REST"}],"neow_cost":"NONE","seed_source_timestamp":0,"circlet_count":0,"master_deck":["AscendersBane","Strike_B+1","Defend_B","Defend_B","Defend_B+1","Zap+1","Dualcast+1","Cold Snap+1","Undo","Capacitor+1","Glacier+1","Ball Lightning","Defragment+1","Biased Cognition","Barrage+1","Chill","RitualDagger+1","Capacitor+1","Ghostly","Ghostly","Ghostly","Ghostly","Ghostly","Barrage+1","Electrodynamics"],"special_seed":0,"relics":["Ectoplasm","Tiny Chest","Matryoshka","Busted Crown","Omamori","Oddly Smooth Stone","Smiling Mask","Bag of Marbles","War Paint","Thread and Needle","Empty Cage","Mercury Hourglass","Ancient Tea Set","PreservedInsect","Lantern","Mummified Hand","DataDisk"],"potions_floor_usage":[50],"damage_taken":[{"damage":3.0,"enemies":"Small Slimes","floor":1.0,"turns":2.0},{"damage":7.0,"enemies":"Jaw Worm","floor":2.0,"turns":3.0},{"damage":2.0,"enemies":"2 Louse","floor":3.0,"turns":3.0},{"damage":5.0,"enemies":"2 Fungi Beasts","floor":4.0,"turns":5.0},{"damage":12.0,"enemies":"3 Louse","floor":7.0,"turns":5.0},{"damage":0.0,"enemies":"Looter","floor":11.0,"turns":4.0},{"damage":0.0,"enemies":"Lagavulin","floor":12.0,"turns":8.0},{"damage":0.0,"enemies":"The Guardian","floor":16.0,"turns":11.0},{"damage":1.0,"enemies":"Spheric Guardian","floor":18.0,"turns":5.0},{"damage":14.0,"enemies":"Shell Parasite","floor":20.0,"turns":6.0},{"damage":0.0,"enemies":"Snecko","floor":22.0,"turns":6.0},{"damage":5.0,"enemies":"Book of Stabbing","floor":24.0,"turns":5.0},{"damage":0.0,"enemies":"Centurion and Healer","floor":27.0,"turns":8.0},{"damage":0.0,"enemies":"Sentry and Sphere","floor":31.0,"turns":6.0},{"damage":0.0,"enemies":"Collector","floor":33.0,"turns":13.0},{"damage":0.0,"enemies":"Orb Walker","floor":35.0,"turns":6.0},{"damage":0.0,"enemies":"3 Darklings","floor":37.0,"turns":10.0},{"damage":14.0,"enemies":"Reptomancer","floor":40.0,"turns":9.0},{"damage":0.0,"enemies":"Giant Head","floor":42.0,"turns":9.0},{"damage":0.0,"enemies":"Jaw Worm Horde","floor":44.0,"turns":5.0},{"damage":22.0,"enemies":"Nemesis","floor":46.0,"turns":7.0},{"damage":0.0,"enemies":"Writhing Mass","floor":48.0,"turns":8.0},{"damage":13,"enemies":"Awakened One","floor":50,"turns":13}],"seed_played":"6365874109030616400","potions_obtained":[{"floor":1.0,"key":"Swift Potion"},{"floor":12.0,"key":"SpeedPotion"},{"floor":16.0,"key":"Fire Potion"},{"floor":22.0,"key":"Energy Potion"},{"floor":27.0,"key":"SpeedPotion"},{"floor":36.0,"key":"Fruit Juice"},{"floor":36.0,"key":"Regen Potion"},{"floor":37.0,"key":"SpeedPotion"}],"is_trial":false,"path_per_floor":["M","M","M","M","$","R","M","R","T","R","M","E","R","?","R","B",null,"M","?","M","T","M","R","E","?","T","M","?","?","R","M","R","B",null,"M","?","M","T","T","E","R","E","T","M","R","E","R","M","R","B",null],"character_chosen":"DEFECT","items_purchased":["Glacier"],"campfire_rested":4,"item_purchase_floors":[5],"current_hp_per_floor":[65,58,56,51,51,51,39,39,39,39,39,39,39,24,46,46,68,67,67,53,53,53,53,48,42,42,42,37,37,37,37,37,37,37,37,42,42,42,42,28,40,40,40,40,40,18,30,30,42,29],"gold":19,"neow_bonus":"BOSS_RELIC","is_prod":false,"is_daily":false,"chose_seed":false,"campfire_upgraded":8,"win_rate":0,"timestamp":1569289005,"path_taken":["M","M","M","M","$","R","M","R","T","R","M","E","R","?","R","BOSS","M","?","M","?","M","R","E","?","T","M","?","?","R","M","R","BOSS","M","?","?","?","?","E","R","E","T","?","R","E","R","M","R","BOSS"],"build_version":"2019-07-17","purchased_purges":0,"victory":true,"max_hp_per_floor":[75,75,75,75,75,75,75,75,75,75,75,75,75,75,75,75,75,75,75,75,75,75,75,75,75,75,75,37,37,37,37,37,37,37,37,42,42,42,42,42,42,42,42,42,42,42,42,42,42,42],"card_choices":[{"not_picked":["Steam Power","Heatsinks"],"picked":"Cold Snap","floor":1.0},{"not_picked":["Coolheaded","Heatsinks"],"picked":"Undo","floor":2.0},{"not_picked":["Leap","Cold Snap","Fusion"],"picked":"SKIP","floor":3.0},{"not_picked":["Barrage","Steam"],"picked":"Capacitor","floor":4.0},{"not_picked":["Rebound","Leap"],"picked":"Ball Lightning","floor":7.0},{"not_picked":["Heatsinks","Fusion","Sweeping Beam"],"picked":"SKIP","floor":11.0},{"not_picked":["Heatsinks","Doom and Gloom"],"picked":"Defragment","floor":12.0},{"not_picked":["Reboot","Thunder Strike"],"picked":"Biased Cognition","floor":16.0},{"not_picked":["Hello World"],"picked":"SKIP","floor":18.0},{"not_picked":["Beam Cell"],"picked":"SKIP","floor":20.0},{"not_picked":["Go for the Eyes"],"picked":"SKIP","floor":22.0},{"not_picked":["Cold Snap"],"picked":"SKIP","floor":24.0},{"not_picked":["Cold Snap"],"picked":"SKIP","floor":24.0},{"not_picked":[],"picked":"Capacitor","floor":27.0},{"not_picked":["Turbo"],"picked":"SKIP","floor":31.0},{"not_picked":["Beam Cell"],"picked":"SKIP","floor":35.0},{"not_picked":[],"picked":"Barrage","floor":37.0},{"not_picked":["White Noise"],"picked":"SKIP","floor":40.0},{"not_picked":["Gash"],"picked":"SKIP","floor":42.0},{"not_picked":["White Noise"],"picked":"SKIP","floor":44.0},{"not_picked":[],"picked":"Electrodynamics","floor":46.0},{"not_picked":["Redo"],"picked":"SKIP","floor":48.0}],"player_experience":357515,"relics_obtained":[{"floor":9.0,"key":"Tiny Chest"},{"floor":12.0,"key":"Matryoshka"},{"floor":21.0,"key":"Omamori"},{"floor":21.0,"key":"Oddly Smooth Stone"},{"floor":24.0,"key":"Smiling Mask"},{"floor":26.0,"key":"Bag of Marbles"},{"floor":26.0,"key":"War Paint"},{"floor":38.0,"key":"Mercury Hourglass"},{"floor":39.0,"key":"Ancient Tea Set"},{"floor":40.0,"key":"PreservedInsect"},{"floor":42.0,"key":"Lantern"},{"floor":43.0,"key":"Mummified Hand"},{"floor":46.0,"key":"DataDisk"}],"event_choices":[{"damage_healed":0.0,"max_hp_gain":0.0,"max_hp_loss":0.0,"gold_gain":0.0,"event_name":"Shining Light","player_choice":"Entered Light","floor":14.0,"gold_loss":0.0,"damage_taken":15.0,"cards_upgraded":["Dualcast","Strike_B"]},{"damage_healed":0.0,"max_hp_gain":0.0,"max_hp_loss":0.0,"gold_gain":0.0,"cards_transformed":["Strike_B","Strike_B"],"event_name":"Drug Dealer","player_choice":"Became Test Subject","floor":19.0,"gold_loss":0.0,"damage_taken":0.0,"cards_obtained":["Barrage","Chill"]},{"damage_healed":0.0,"max_hp_gain":0.0,"max_hp_loss":0.0,"gold_gain":0.0,"event_name":"Nest","player_choice":"Joined the Cult","floor":25.0,"gold_loss":0.0,"damage_taken":6.0,"cards_obtained":["RitualDagger"]},{"damage_healed":0.0,"max_hp_gain":0.0,"max_hp_loss":38.0,"gold_gain":0.0,"event_name":"Ghosts","player_choice":"Became a Ghost","floor":28.0,"gold_loss":0.0,"damage_taken":0.0,"cards_obtained":["Ghostly","Ghostly","Ghostly","Ghostly","Ghostly"]},{"damage_healed":0.0,"max_hp_gain":0.0,"max_hp_loss":0.0,"gold_gain":0.0,"event_name":"Addict","player_choice":"Stole Relic","floor":29.0,"gold_loss":0.0,"damage_taken":0.0,"relics_obtained":["Thread and Needle"],"cards_obtained":["Shame"]},{"damage_healed":0.0,"max_hp_gain":0.0,"max_hp_loss":0.0,"gold_gain":0.0,"event_name":"Lab","player_choice":"Got Potions","floor":36.0,"gold_loss":0.0,"damage_taken":0.0}],"is_beta":false,"boss_relics":[{"not_picked":["Velvet Choker","Eternal Feather"],"picked":"Busted Crown"},{"not_picked":["Runic Dome","Orrery"],"picked":"Empty Cage"}],"items_purged_floors":[],"is_endless":false,"potions_floor_spawned":[1,12,16,22,27,37,40],"ascension_level":13}