{"gold_per_floor":[118,118,129,279,279,279,307,41,41,41,41,13,13],"floor_reached":13,"playtime":505,"items_purged":["Doubt"],"score":146,"play_id":"72e86211-9a13-49a5-afca-d5fdfc762752","local_time":"20190920015359","is_ascension_mode":true,"campfire_choices":[{"data":"Zap","floor":6,"key":"SMITH"}],"neow_cost":"NONE","seed_source_timestamp":370805052263300,"circlet_count":0,"master_deck":["AscendersBane","Strike_B","Strike_B+1","Strike_B+1","Defend_B","Defend_B","Defend_B","Defend_B","Zap+1","Dualcast","Capacitor","BootSequence","Electrodynamics","Thinking Ahead","Hologram"],"relics":["Cracked Core","Juzu Bracelet","Mummified Hand","Matryoshka","Golden Idol"],"potions_floor_usage":[7,13],"damage_taken":[{"damage":3,"enemies":"2 Louse","floor":1,"turns":2},{"damage":2,"enemies":"Jaw Worm","floor":3,"turns":3},{"damage":35,"enemies":"3 Sentries","floor":7,"turns":9},{"damage":3,"enemies":"Gremlin Nob","floor":13,"turns":2}],"seed_played":"4226355769444741401","potions_obtained":[{"floor":1,"key":"Energy Potion"},{"floor":3,"key":"PowerPotion"},{"floor":7,"key":"LiquidBronze"}],"is_trial":false,"path_per_floor":["M","?","M","?","T","R","E","$","T","?","?","$","E"],"character_chosen":"DEFECT","items_purchased":["Thinking Ahead","Hologram"],"campfire_rested":0,"item_purchase_floors":[8,12],"current_hp_per_floor":[61,40,38,38,38,38,3,3,3,3,3,3,0],"gold":13,"neow_bonus":"RANDOM_COMMON_RELIC","is_prod":false,"is_daily":false,"chose_seed":false,"campfire_upgraded":1,"win_rate":0,"timestamp":1568915639,"path_taken":["M","?","M","?","?","R","E","$","T","?","?","$","E"],"build_version":"2019-07-17","purchased_purges":1,"victory":false,"max_hp_per_floor":[71,71,71,71,71,71,71,71,71,71,64,64,64],"card_choices":[{"not_picked":["Tempest","Rebound"],"picked":"Capacitor","floor":1},{"not_picked":["Barrage","Cold Snap"],"picked":"BootSequence","floor":3},{"not_picked":["Barrage","Rebound"],"picked":"Electrodynamics","floor":7}],"player_experience":639800,"relics_obtained":[{"floor":7,"key":"Mummified Hand"},{"floor":9,"key":"Matryoshka"}],"event_choices":[{"damage_healed":0,"gold_gain":0,"player_choice":"Entered Light","damage_taken":21,"max_hp_gain":0,"max_hp_loss":0,"event_name":"Shining Light","floor":2,"gold_loss":0,"cards_upgraded":["Strike_B","Strike_B"]},{"damage_healed":0,"gold_gain":150,"player_choice":"AGREE","damage_taken":0,"max_hp_gain":0,"max_hp_loss":0,"event_name":"Liars Game","floor":4,"gold_loss":0,"cards_obtained":["Doubt"]},{"cards_removed":["Strike_B"],"damage_healed":0,"gold_gain":0,"player_choice":"Forget","damage_taken":0,"max_hp_gain":0,"max_hp_loss":0,"event_name":"Living Wall","floor":10,"gold_loss":0},{"damage_healed":0,"gold_gain":0,"player_choice":"Lose Max HP","damage_taken":0,"relics_obtained":["Golden Idol"],"max_hp_gain":0,"max_hp_loss":7,"event_name":"Golden Idol","floor":11,"gold_loss":0}],"is_beta":false,"boss_relics":[],"items_purged_floors":[8],"is_endless":false,"potions_floor_spawned":[1,3,7],"killed_by":"Gremlin Nob","ascension_level":17}