{"gold_per_floor":[114,289,289,307,382,416,416,442,442,442],"floor_reached":10,"playtime":233,"items_purged":[],"score":103,"play_id":"72036d7c-9efa-4925-ae36-1200ce10a210","local_time":"20190911000125","daily_mods":["Specialized","Diverse","Terminal"],"is_ascension_mode":true,"campfire_choices":[{"data":"Bash","floor":7,"key":"SMITH"}],"neow_cost":"","seed_source_timestamp":0,"circlet_count":0,"master_deck":["Strike_R","Strike_R","Strike_R","Strike_R","Strike_R","Defend_R","Defend_R","Defend_R","Defend_R","Bash+1","Rainbow","Rainbow","Rainbow","Rainbow","Rainbow","Headbutt","Doubt","Shrug It Off","Leap","Caltrops"],"relics":["Burning Blood","FaceOfCleric","Pear","Blood Vial","Pen Nib"],"potions_floor_usage":[6],"damage_taken":[{"damage":0,"enemies":"Cultist","floor":1,"turns":3},{"damage":0,"enemies":"Jaw Worm","floor":4,"turns":3},{"damage":17,"enemies":"Gremlin Nob","floor":6,"turns":4},{"damage":15,"enemies":"Lagavulin","floor":8,"turns":9},{"damage":1,"enemies":"Gremlin Nob","floor":10,"turns":3}],"seed_played":"-3751492630779722470","potions_obtained":[{"floor":4,"key":"Explosive Potion"},{"floor":8,"key":"Weak Potion"}],"is_trial":true,"path_per_floor":["M","?","?","M","?","E","R","E","T","E"],"character_chosen":"IRONCLAD","items_purchased":[],"campfire_rested":0,"item_purchase_floors":[],"current_hp_per_floor":[78,77,76,76,65,65,65,57,57,58],"gold":442,"neow_bonus":"","is_prod":false,"is_daily":false,"chose_seed":false,"campfire_upgraded":1,"win_rate":0,"timestamp":1568185285,"path_taken":["M","?","?","?","?","E","R","E","T","E"],"build_version":"2019-07-17","purchased_purges":0,"victory":false,"max_hp_per_floor":[78,77,76,76,75,85,84,84,83,83],"card_choices":[{"not_picked":["Fire Breathing","Ghostly Armor"],"picked":"Headbutt","floor":1},{"not_picked":["Body Slam","Accuracy"],"picked":"Shrug It Off","floor":4},{"not_picked":["Loop","Clash"],"picked":"Leap","floor":6},{"not_picked":["Prepared","Iron Wave"],"picked":"Caltrops","floor":8}],"player_experience":1110052,"relics_obtained":[{"floor":6,"key":"Pear"},{"floor":8,"key":"Blood Vial"},{"floor":9,"key":"Pen Nib"}],"event_choices":[{"damage_healed":0,"gold_gain":175,"player_choice":"AGREE","damage_taken":0,"max_hp_gain":0,"max_hp_loss":0,"event_name":"Liars Game","floor":2,"gold_loss":0,"cards_obtained":["Doubt"]},{"damage_healed":0,"gold_gain":0,"player_choice":"Trade","damage_taken":0,"relics_obtained":["FaceOfCleric"],"max_hp_gain":0,"max_hp_loss":0,"event_name":"FaceTrader","floor":3,"gold_loss":0},{"damage_healed":0,"gold_gain":75,"player_choice":"Gather Gold","damage_taken":11,"max_hp_gain":0,"max_hp_loss":0,"event_name":"World of Goop","floor":5,"gold_loss":0}],"is_beta":false,"boss_relics":[],"items_purged_floors":[],"is_endless":false,"potions_floor_spawned":[4,8],"killed_by":"Gremlin Nob","ascension_level":1}