{"gold_per_floor":[159,159,234,293,293,397,397,501,580,678,853,954,1009,1071,1071,1409,1409,1471,1504,816,816,868,966,966,1025,1049,1049,1153,1208,1208,1309,1309,1634,1634,1693,1021,1083,1122,808,945,945,1052,1052,1133,1133,364,455,502,502,502,502,502,13,114,114],"floor_reached":56,"playtime":3613,"items_purged":[],"score":2141,"play_id":"e4478f19-d439-4329-acf6-b1c45a3fce47","local_time":"20190912023438","daily_mods":["Draft","Hoarder","Midas"],"is_ascension_mode":true,"campfire_choices":[{"floor":7,"key":"REST"},{"floor":15,"key":"RECALL"},{"floor":24,"key":"REST"},{"floor":27,"key":"REST"},{"floor":32,"key":"REST"},{"floor":41,"key":"REST"},{"floor":49,"key":"REST"},{"floor":52,"key":"REST"}],"neow_cost":"","seed_source_timestamp":0,"circlet_count":0,"master_deck":["Coolheaded+1","Coolheaded","Coolheaded","Capacitor","Capacitor","Capacitor","Hologram","Hologram","Hologram","Coolheaded","Coolheaded","Coolheaded","Cold Snap","Cold Snap","Cold Snap","Turbo","Turbo","Turbo","Gash","Gash","Gash","Stack","Stack","Stack","Leap","Leap","Leap","Aggregate","Aggregate","Aggregate","Beam Cell","Beam Cell","Beam Cell","Aggregate","Aggregate","Aggregate","Sweeping Beam","Sweeping Beam","Sweeping Beam","Gash","Gash","Gash","Hologram","Hologram","Hologram","Go for the Eyes","Go for the Eyes","Go for the Eyes","Rainbow","Rainbow","Rainbow","Go for the Eyes","Go for the Eyes","Go for the Eyes","Sweeping Beam","Sweeping Beam","Sweeping Beam","Loop","Loop","Loop","Creative AI","Creative AI","Creative AI","Blizzard","Blizzard","Blizzard","Buffer","Buffer","Buffer","Gash+1","Gash+1","Gash+1","Beam Cell","Beam Cell","Beam Cell","The Bomb","The Bomb","The Bomb","Glacier+1","Glacier+1","Glacier+1","Hologram","Hologram","Hologram","Aggregate","Aggregate","Aggregate","Machine Learning","Machine Learning","Machine Learning","Skim","Skim","Skim","Purity","Purity","Purity","Coolheaded+1","Coolheaded+1","Coolheaded+1","Seek","Seek","Seek","Hologram","Hologram","Hologram","Defragment","Defragment","Defragment","Coolheaded+1","Coolheaded+1","Coolheaded+1","Gash+1","Gash+1","Gash+1","Defragment","Defragment","Defragment","Deep Breath","Deep Breath","Deep Breath","Double Energy","Double Energy","Double Energy","Compile Driver","Compile Driver","Compile Driver","Steam Power+1","Steam Power+1","Steam Power+1","Defragment","Defragment","Defragment","Seek","Seek","Seek","FTL","FTL","FTL","Seek","Seek","Seek","Gash","Gash","Gash","Steam Power+1","Steam Power+1","Steam Power+1","Double Energy+1","Double Energy+1","Double Energy+1","Turbo+1","Turbo+1","Turbo+1"],"relics":["Cracked Core","Golden Idol","Anchor","Bag of Preparation","Meat on the Bone","Omamori","Vajra","Black Star","Juzu Bracelet","Strawberry","Medical Kit","Happy Flower","Bronze Scales","Ornamental Fan","Lantern","Turnip","WingedGreaves","Orrery","Ice Cream","Bottled Tornado","FossilizedHelix","Peace Pipe","Tiny Chest","Centennial Puzzle","Sundial","Ancient Tea Set","Darkstone Periapt","Blue Candle","Dead Branch","Mango","Dream Catcher","Toxic Egg 2","Orichalcum","Bottled Lightning","Gremlin Horn","Pantograph","Letter Opener"],"potions_floor_usage":[50,55],"damage_taken":[{"damage":0,"enemies":"Small Slimes","floor":1,"turns":4},{"damage":5,"enemies":"Jaw Worm","floor":4,"turns":4},{"damage":2,"enemies":"3 Sentries","floor":6,"turns":5},{"damage":0,"enemies":"Lagavulin","floor":8,"turns":4},{"damage":2,"enemies":"Gremlin Nob","floor":10,"turns":5},{"damage":1,"enemies":"Lagavulin","floor":12,"turns":6},{"damage":0,"enemies":"2 Louse","floor":13,"turns":1},{"damage":0,"enemies":"Blue Slaver","floor":14,"turns":4},{"damage":32,"enemies":"The Guardian","floor":16,"turns":10},{"damage":0,"enemies":"Spheric Guardian","floor":18,"turns":3},{"damage":0,"enemies":"Chosen","floor":19,"turns":4},{"damage":22,"enemies":"Snake Plant","floor":22,"turns":3},{"damage":0,"enemies":"Gremlin Leader","floor":23,"turns":5},{"damage":0,"enemies":"Cultist and Chosen","floor":25,"turns":5},{"damage":5,"enemies":"Book of Stabbing","floor":28,"turns":5},{"damage":0,"enemies":"Sentry and Sphere","floor":29,"turns":5},{"damage":0,"enemies":"Gremlin Leader","floor":31,"turns":5},{"damage":6,"enemies":"Champ","floor":33,"turns":8},{"damage":17,"enemies":"3 Darklings","floor":35,"turns":6},{"damage":0,"enemies":"3 Shapes","floor":37,"turns":4},{"damage":0,"enemies":"Spire Growth","floor":38,"turns":4},{"damage":0,"enemies":"Reptomancer","floor":40,"turns":5},{"damage":0,"enemies":"Nemesis","floor":42,"turns":3},{"damage":0,"enemies":"Reptomancer","floor":44,"turns":4},{"damage":0,"enemies":"Nemesis","floor":47,"turns":3},{"damage":0,"enemies":"Awakened One","floor":50,"turns":3},{"damage":0,"enemies":"Shield and Spear","floor":54,"turns":1},{"damage":0,"enemies":"The Heart","floor":55,"turns":4}],"seed_played":"-2808214242556197513","potions_obtained":[{"floor":8,"key":"Regen Potion"},{"floor":10,"key":"AttackPotion"},{"floor":12,"key":"SmokeBomb"},{"floor":16,"key":"Ancient Potion"}],"is_trial":true,"path_per_floor":["M","?","?","M","?","E","R","E","T","E","?","E","M","M","R","B",null,"M","M","$","?","M","E","R","M","T","R","E","M","?","E","R","B",null,"M","$","M","M","$","E","R","E","T","E","?","$","E","T","R","B",null,"R","$","E","B",null],"character_chosen":"DEFECT","items_purchased":["Juzu Bracelet","Strawberry","Medical Kit","The Bomb","Ice Cream","Defragment","Bottled Tornado","Deep Breath","FossilizedHelix","FTL","Dead Branch","Seek","Mango","Bottled Lightning","Gremlin Horn"],"campfire_rested":7,"item_purchase_floors":[20,20,20,20,36,36,36,36,39,46,46,46,46,53,53],"current_hp_per_floor":[75,57,46,41,41,39,61,61,61,59,59,58,58,58,58,38,75,75,75,82,82,60,60,82,82,82,82,77,77,61,61,82,76,82,65,65,65,65,65,65,82,82,82,82,82,96,96,96,96,96,96,96,96,96,96],"gold":114,"neow_bonus":"","is_prod":false,"is_daily":false,"chose_seed":false,"campfire_upgraded":0,"win_rate":0,"timestamp":1568280878,"path_taken":["M","?","?","M","?","E","R","E","T","E","?","E","?","M","R","BOSS","M","?","$","?","M","E","R","M","T","R","E","M","?","E","R","BOSS","M","$","M","M","$","E","R","E","T","E","?","$","E","?","R","BOSS","R","$","E","BOSS"],"build_version":"2019-07-17","purchased_purges":0,"victory":true,"max_hp_per_floor":[75,75,75,75,75,75,75,75,75,75,75,75,75,75,75,75,75,75,75,82,82,82,82,82,82,82,82,82,82,82,82,82,82,82,82,82,82,82,82,82,82,82,82,82,82,96,96,96,96,96,96,96,96,96,96],"card_choices":[{"not_picked":["Hologram","Leap"],"picked":"Coolheaded","floor":0},{"not_picked":["Stack","Go for the Eyes"],"picked":"Capacitor","floor":0},{"not_picked":["Storm","Tempest"],"picked":"Hologram","floor":0},{"not_picked":["Sweeping Beam","Rebound"],"picked":"Coolheaded","floor":0},{"not_picked":["Melter","Steam"],"picked":"Cold Snap","floor":0},{"not_picked":["Hello World","Static Discharge"],"picked":"Turbo","floor":0},{"not_picked":["Streamline","Turbo"],"picked":"Gash","floor":0},{"not_picked":["Steam Power","Compile Driver"],"picked":"Stack","floor":0},{"not_picked":["Sweeping Beam","Loop"],"picked":"Leap","floor":0},{"not_picked":["Steam","Stack"],"picked":"Aggregate","floor":0},{"not_picked":["Recycle","Compile Driver"],"picked":"Beam Cell","floor":0},{"not_picked":["Undo","Turbo"],"picked":"Aggregate","floor":0},{"not_picked":["Recycle","Rebound"],"picked":"Sweeping Beam","floor":0},{"not_picked":["Sunder","Cold Snap"],"picked":"Gash","floor":0},{"not_picked":["Streamline","Double Energy"],"picked":"Hologram","floor":0},{"not_picked":["Rebound","Conserve Battery"],"picked":"Go for the Eyes","floor":1},{"not_picked":["Chaos","Turbo","Darkness"],"picked":"SKIP","floor":4},{"not_picked":["Ball Lightning","Chaos"],"picked":"Rainbow","floor":6},{"not_picked":["Cold Snap","Conserve Battery"],"picked":"Go for the Eyes","floor":8},{"not_picked":["Sunder","Chill"],"picked":"Sweeping Beam","floor":10},{"not_picked":["Rebound","Barrage"],"picked":"Loop","floor":12},{"not_picked":["Barrage","Compile Driver"],"picked":"Creative AI","floor":13},{"not_picked":["Conserve Battery","Go for the Eyes"],"picked":"Blizzard","floor":14},{"not_picked":["Reboot","Machine Learning"],"picked":"Buffer","floor":16},{"not_picked":["Skim","Chill"],"picked":"Gash+1","floor":18},{"not_picked":["Reprogram+1","Undo"],"picked":"Beam Cell","floor":19},{"not_picked":["Rebound+1","Coolheaded"],"picked":"Glacier+1","floor":22},{"not_picked":["Cold Snap+1","Leap"],"picked":"Hologram","floor":23},{"not_picked":["Compile Driver","Steam"],"picked":"Aggregate","floor":25},{"not_picked":["Leap","Hologram"],"picked":"Machine Learning","floor":28},{"not_picked":["Redo","Go for the Eyes"],"picked":"Skim","floor":29},{"not_picked":["Loop","Redo"],"picked":"Coolheaded+1","floor":31},{"not_picked":["Multi-Cast","Echo Form"],"picked":"Seek","floor":33},{"not_picked":["White Noise","Chill"],"picked":"Hologram","floor":34},{"not_picked":["Steam","Compile Driver+1"],"picked":"Defragment","floor":34},{"not_picked":["Go for the Eyes","Heatsinks+1"],"picked":"Coolheaded+1","floor":34},{"not_picked":["Streamline+1","Cold Snap"],"picked":"Gash+1","floor":34},{"not_picked":["Conserve Battery","Auto Shields+1","Doom and Gloom+1"],"picked":"SKIP","floor":35},{"not_picked":["Compile Driver","Conserve Battery"],"picked":"Double Energy","floor":37},{"not_picked":["Static Discharge+1","Cold Snap+1"],"picked":"Compile Driver","floor":38},{"not_picked":["Force Field","Rebound"],"picked":"Steam Power+1","floor":40},{"not_picked":["Chill","Steam+1","Go for the Eyes+1"],"picked":"SKIP","floor":42},{"not_picked":["Go for the Eyes+1","Doom and Gloom+1"],"picked":"Defragment","floor":44},{"not_picked":["Force Field","Self Repair"],"picked":"Gash","floor":47},{"not_picked":["Ball Lightning+1","Cold Snap+1"],"picked":"Steam Power+1","floor":49},{"not_picked":["Go for the Eyes","Ball Lightning"],"picked":"Double Energy+1","floor":52},{"not_picked":["Creative AI","Lockon"],"picked":"Turbo+1","floor":54}],"player_experience":1113370,"relics_obtained":[{"floor":6,"key":"Anchor"},{"floor":8,"key":"Bag of Preparation"},{"floor":9,"key":"Meat on the Bone"},{"floor":10,"key":"Omamori"},{"floor":12,"key":"Vajra"},{"floor":23,"key":"Happy Flower"},{"floor":23,"key":"Bronze Scales"},{"floor":28,"key":"Ornamental Fan"},{"floor":28,"key":"Lantern"},{"floor":31,"key":"Turnip"},{"floor":31,"key":"WingedGreaves"},{"floor":40,"key":"Peace Pipe"},{"floor":40,"key":"Tiny Chest"},{"floor":42,"key":"Centennial Puzzle"},{"floor":42,"key":"Sundial"},{"floor":43,"key":"Ancient Tea Set"},{"floor":44,"key":"Darkstone Periapt"},{"floor":44,"key":"Blue Candle"},{"floor":47,"key":"Dream Catcher"},{"floor":47,"key":"Toxic Egg 2"},{"floor":48,"key":"Orichalcum"},{"floor":54,"key":"Pantograph"},{"floor":54,"key":"Letter Opener"}],"event_choices":[{"damage_healed":0,"gold_gain":0,"player_choice":"Take Damage","damage_taken":18,"relics_obtained":["Golden Idol"],"max_hp_gain":0,"max_hp_loss":0,"event_name":"Golden Idol","floor":2,"gold_loss":0},{"damage_healed":0,"gold_gain":75,"player_choice":"Gather Gold","damage_taken":11,"max_hp_gain":0,"max_hp_loss":0,"event_name":"World of Goop","floor":3,"gold_loss":0},{"damage_healed":0,"gold_gain":0,"player_choice":"Grow","damage_taken":0,"max_hp_gain":0,"max_hp_loss":0,"event_name":"Living Wall","floor":5,"gold_loss":0,"cards_upgraded":["Coolheaded"]},{"damage_healed":0,"gold_gain":175,"player_choice":"AGREE","damage_taken":0,"max_hp_gain":0,"max_hp_loss":0,"event_name":"Liars Game","floor":11,"gold_loss":0,"cards_obtained":["Doubt"]},{"damage_healed":0,"gold_gain":0,"player_choice":"Ignored","damage_taken":0,"max_hp_gain":0,"max_hp_loss":0,"event_name":"Ghosts","floor":21,"gold_loss":0},{"damage_healed":0,"gold_gain":0,"player_choice":"CARD ","damage_taken":16,"max_hp_gain":0,"max_hp_loss":0,"event_name":"Knowing Skull","floor":30,"potions_obtained":[],"gold_loss":0,"cards_obtained":["Purity"]},{"damage_healed":0,"gold_gain":0,"player_choice":"Copied","damage_taken":0,"max_hp_gain":0,"max_hp_loss":0,"event_name":"Duplicator","floor":45,"gold_loss":0,"cards_obtained":["Seek"]}],"is_beta":false,"boss_relics":[{"not_picked":["Coffee Dripper","Inserter"],"picked":"Black Star"},{"not_picked":["Busted Crown","Snecko Eye"],"picked":"Orrery"}],"items_purged_floors":[],"is_endless":false,"potions_floor_spawned":[8,10,12,16,19,22,23,29,38,42,44],"ascension_level":1}