{"gold_per_floor":[212,387,403,415,40,67,67,77,77,92,121,121,192,207,207,307,307,320,333,71,90,109,109,136,136,162,191,191],"floor_reached":28,"playtime":2075,"items_purged":["Doubt"],"score":270,"play_id":"419bc8e1-24da-45d1-8c4c-d97bea15931c","local_time":"20181220224242","is_ascension_mode":false,"campfire_choices":[{"floor":7.0,"key":"REST"},{"floor":12,"key":"REST"},{"floor":15,"key":"REST"},{"floor":23,"key":"REST"},{"floor":25,"key":"REST"}],"neow_cost":"NONE","seed_source_timestamp":0,"circlet_count":0,"master_deck":["Survivor","Neutralize","Cloak And Dagger","Backflip","Sucker Punch","Dagger Spray","Deadly Poison","Bane","After Image","Crippling Poison","Die Die Die","Flechettes","Quick Slash","Accuracy","Phantasmal Killer","Blade Dance","Dagger Throw","A Thousand Cuts","Venomology","Dagger Throw","Bane","Backstab","Prepared","Deadly Poison+1","Blur","Noxious Fumes","Poisoned Stab+1"],"special_seed":0,"relics":["Ring of the Snake","Ginger","Girya","Pocketwatch","Bottled Flame","Pandora\u0027s Box","Singing Bowl","Lantern","Centennial Puzzle","Frozen Egg 2"],"potions_floor_usage":[16,16,19,21,22,27,27],"damage_taken":[{"damage":2.0,"enemies":"Small Slimes","floor":1.0,"turns":5.0},{"damage":3.0,"enemies":"Jaw Worm","floor":3.0,"turns":6.0},{"damage":10.0,"enemies":"Cultist","floor":4.0,"turns":5.0},{"damage":27.0,"enemies":"3 Sentries","floor":6.0,"turns":11.0},{"damage":1.0,"enemies":"2 Fungi Beasts","floor":8.0,"turns":3.0},{"damage":10.0,"enemies":"Exordium Wildlife","floor":10.0,"turns":4.0},{"damage":32,"enemies":"Lagavulin","floor":11,"turns":9},{"damage":4,"enemies":"Blue Slaver","floor":14,"turns":4},{"damage":26,"enemies":"Slime Boss","floor":16,"turns":13},{"damage":4,"enemies":"3 Byrds","floor":18,"turns":3},{"damage":5,"enemies":"Shell Parasite","floor":19,"turns":4},{"damage":12,"enemies":"Cultist and Chosen","floor":21,"turns":5},{"damage":8,"enemies":"Chosen and Byrds","floor":22,"turns":4},{"damage":34,"enemies":"Gremlin Leader","floor":24,"turns":5},{"damage":32,"enemies":"Slavers","floor":27,"turns":6},{"damage":20,"enemies":"Shelled Parasite and Fungi","floor":28,"turns":3}],"seed_played":"-2769169941945792826","potions_obtained":[{"floor":6.0,"key":"Energy Potion"},{"floor":11,"key":"Poison Potion"},{"floor":14,"key":"Energy Potion"},{"floor":19,"key":"AttackPotion"},{"floor":21,"key":"FearPotion"},{"floor":27,"key":"EssenceOfSteel"}],"is_trial":false,"path_per_floor":["M","?","M","M","$","E","R","M","T","M","E","R","T","M","R","B",null,"M","M","$","M","M","R","E","R","T","E","M"],"character_chosen":"THE_SILENT","items_purchased":["Ginger","Singing Bowl"],"campfire_rested":5,"item_purchase_floors":[5,20],"current_hp_per_floor":[68,68,65,55,55,28,49,48,48,38,6,27,27,23,44,18,70,66,61,61,49,41,62,28,49,49,17,0],"gold":191,"neow_bonus":"HUNDRED_GOLD","is_prod":false,"is_daily":false,"chose_seed":false,"campfire_upgraded":0,"win_rate":0,"timestamp":1545374562,"path_taken":["M","?","M","M","$","E","R","M","T","M","E","R","?","?","R","BOSS","M","M","$","M","M","R","E","R","T","E","M"],"build_version":"2018-12-20","purchased_purges":1,"victory":false,"max_hp_per_floor":[70,70,70,70,70,70,70,70,70,70,70,70,70,70,70,70,70,70,70,70,70,70,70,70,70,70,70,70],"card_choices":[{"not_picked":["Bane","Quick Slash"],"picked":"Cloak And Dagger","floor":1.0},{"not_picked":["Cloak And Dagger","PiercingWail"],"picked":"Backflip","floor":3.0},{"not_picked":["Endless Agony","Cloak And Dagger"],"picked":"Sucker Punch","floor":4.0},{"not_picked":["Skewer","Well Laid Plans"],"picked":"Dagger Spray","floor":6.0},{"not_picked":["Infinite Blades","Dodge and Roll"],"picked":"Deadly Poison","floor":8.0},{"not_picked":["Backflip","Endless Agony"],"picked":"Bane","floor":10.0},{"not_picked":["Dash","Outmaneuver"],"picked":"After Image","floor":11},{"not_picked":["Dagger Spray","Dodge and Roll"],"picked":"Crippling Poison","floor":14},{"not_picked":["Night Terror","Storm of Steel"],"picked":"Die Die Die","floor":16},{"not_picked":["Acrobatics+1","Sucker Punch"],"picked":"Backstab","floor":18},{"not_picked":["Dagger Spray","Flechettes"],"picked":"Prepared","floor":19},{"not_picked":["Predator","Slice+1"],"picked":"Deadly Poison+1","floor":21},{"not_picked":["Backflip","Cloak And Dagger"],"picked":"Blur","floor":22},{"not_picked":["Slice","Setup"],"picked":"Noxious Fumes","floor":24},{"not_picked":["Well Laid Plans","Bane"],"picked":"Poisoned Stab+1","floor":27}],"player_experience":774456,"relics_obtained":[{"floor":6.0,"key":"Girya"},{"floor":11,"key":"Pocketwatch"},{"floor":13,"key":"Bottled Flame"},{"floor":24,"key":"Lantern"},{"floor":26,"key":"Centennial Puzzle"},{"floor":27,"key":"Frozen Egg 2"}],"event_choices":[{"damage_healed":0.0,"max_hp_gain":0.0,"max_hp_loss":0.0,"gold_gain":175.0,"event_name":"Liars Game","player_choice":"AGREE","floor":2.0,"gold_loss":0.0,"damage_taken":0.0,"cards_obtained":["Doubt"]}],"is_beta":false,"boss_relics":[{"not_picked":["Black Star","WristBlade"],"picked":"Pandora\u0027s Box"}],"items_purged_floors":[5],"is_endless":false,"potions_floor_spawned":[6,11,14,19,21,27],"killed_by":"Shelled Parasite and Fungi","ascension_level":0}