{"gold_per_floor":[111,126,126,126,126,126,144,165,165,183,207,228,228,243,243,243],"floor_reached":16,"playtime":599,"items_purged":[],"score":192,"play_id":"3dd46cd7-1877-47cd-9913-d57d61b85331","local_time":"20190916024106","is_ascension_mode":true,"campfire_choices":[{"data":"Good Instincts","floor":6.0,"key":"SMITH"},{"data":"Armaments","floor":13,"key":"SMITH"},{"data":"Body Slam","floor":15,"key":"SMITH"}],"neow_cost":"PERCENT_DAMAGE","seed_source_timestamp":429568823844188,"circlet_count":0,"master_deck":["AscendersBane","Strike_R","Strike_R","Strike_R","Strike_R","Strike_R","Defend_R","Defend_R","Defend_R","Defend_R","Bash+1","Good Instincts+1","Purity","Battle Trance","Pommel Strike+1","Injury","Body Slam+1","Armaments+1","Shrug It Off"],"special_seed":0,"relics":["Burning Blood","Golden Idol","Pantograph"],"potions_floor_usage":[14,16],"damage_taken":[{"damage":4.0,"enemies":"Jaw Worm","floor":1.0,"turns":4.0},{"damage":5.0,"enemies":"Small Slimes","floor":2.0,"turns":5.0},{"damage":0.0,"enemies":"Cultist","floor":7.0,"turns":2.0},{"damage":28,"enemies":"Exordium Thugs","floor":8,"turns":5},{"damage":10,"enemies":"2 Fungi Beasts","floor":10,"turns":5},{"damage":8,"enemies":"Exordium Wildlife","floor":11,"turns":3},{"damage":11,"enemies":"3 Louse","floor":12,"turns":5},{"damage":8,"enemies":"Blue Slaver","floor":14,"turns":5},{"damage":69,"enemies":"Hexaghost","floor":16,"turns":13}],"seed_played":"252014617599238877","potions_obtained":[{"floor":2.0,"key":"GamblersBrew"},{"floor":7.0,"key":"SpeedPotion"},{"floor":11,"key":"BloodPotion"}],"is_trial":false,"path_per_floor":["M","M","?","?","?","R","M","M","T","M","M","M","R","M","R","B"],"character_chosen":"IRONCLAD","items_purchased":[],"campfire_rested":0,"item_purchase_floors":[],"current_hp_per_floor":[52,53,53,53,53,53,59,37,37,33,31,26,26,42,42,0],"gold":243,"neow_bonus":"RANDOM_COLORLESS_2","is_prod":false,"is_daily":false,"chose_seed":false,"campfire_upgraded":3,"win_rate":0,"timestamp":1568626866,"path_taken":["M","M","?","?","?","R","M","?","T","M","M","M","R","M","R","BOSS"],"build_version":"2019-07-17","purchased_purges":0,"victory":false,"max_hp_per_floor":[75,75,75,75,75,75,75,75,75,75,75,75,75,75,75,75],"card_choices":[{"not_picked":["Blood for Blood","Twin Strike"],"picked":"Battle Trance","floor":1.0},{"not_picked":["Hemokinesis","Ghostly Armor"],"picked":"Pommel Strike","floor":2.0},{"not_picked":["Flex","Iron Wave","Wild Strike"],"picked":"SKIP","floor":7.0},{"not_picked":["Flex","Iron Wave","Wild Strike"],"picked":"SKIP","floor":7.0},{"not_picked":["Evolve","Cleave"],"picked":"Body Slam","floor":8},{"not_picked":["Battle Trance","Heavy Blade","Thunderclap"],"picked":"SKIP","floor":10},{"not_picked":["Pommel Strike","Fire Breathing","Rupture"],"picked":"SKIP","floor":11},{"not_picked":["Corruption","Pommel Strike"],"picked":"Armaments","floor":12},{"not_picked":["Bludgeon","Wild Strike"],"picked":"Shrug It Off","floor":14}],"player_experience":1154957,"relics_obtained":[{"floor":9,"key":"Pantograph"}],"event_choices":[{"damage_healed":0.0,"max_hp_gain":0.0,"max_hp_loss":0.0,"gold_gain":0.0,"event_name":"Golden Idol","player_choice":"Take Wound","floor":3.0,"gold_loss":0.0,"damage_taken":0.0,"relics_obtained":["Golden Idol"],"cards_obtained":["Injury"]},{"damage_healed":0.0,"max_hp_gain":0.0,"max_hp_loss":0.0,"gold_gain":0.0,"event_name":"Living Wall","player_choice":"Grow","floor":4.0,"gold_loss":0.0,"damage_taken":0.0,"cards_upgraded":["Bash"]},{"damage_healed":0.0,"max_hp_gain":0.0,"max_hp_loss":0.0,"gold_gain":0.0,"event_name":"Upgrade Shrine","player_choice":"Upgraded","floor":5.0,"gold_loss":0.0,"damage_taken":0.0,"cards_upgraded":["Pommel Strike"]}],"is_beta":false,"boss_relics":[],"items_purged_floors":[],"is_endless":false,"potions_floor_spawned":[2,7,10,11],"killed_by":"Hexaghost","ascension_level":20}