{"gold_per_floor":[114,39,39,39,59,94,94,94,146,177,190,190,190,201,201,299,299,318,330,330,345,345,345,363,363,363,108,108,122,122,139,139,234,234,249,349,349,349,359,376,376,393,393,413,423,436,451,87,87,87],"floor_reached":51,"playtime":3450,"items_purged":["Strike_R","Bash+1","Strike_R+1"],"score":861,"play_id":"05eb0fcc-f639-4808-928a-16c61f1d1799","local_time":"20190917083920","is_ascension_mode":false,"campfire_choices":[{"data":"Shockwave","floor":7,"key":"SMITH"},{"data":"Uppercut","floor":12,"key":"SMITH"},{"data":"True Grit","floor":15,"key":"SMITH"},{"data":"Body Slam","floor":23,"key":"SMITH"},{"data":"Berserk","floor":25,"key":"SMITH"},{"data":"Good Instincts","floor":30,"key":"SMITH"},{"data":"Metallicize","floor":32,"key":"SMITH"},{"data":"Barricade","floor":41,"key":"SMITH"},{"data":"Body Slam","floor":49,"key":"SMITH"}],"neow_cost":"NONE","seed_source_timestamp":0,"circlet_count":0,"master_deck":["Strike_R+1","Strike_R+1","Defend_R+1","Defend_R+1","Defend_R+1","Defend_R+1","Shockwave+1","Uppercut+1","True Grit+1","Berserk+1","Body Slam+1","Inflame+1","Metallicize+1","Good Instincts+1","Barricade+1","Intimidate+1","Burning Pact+1","Body Slam+1","Metallicize","Metallicize","Master of Strategy"],"special_seed":0,"relics":["Burning Blood","Mercury Hourglass","Red Skull","Bag of Marbles","Question Card","Runic Pyramid","Nilry\u0027s Codex","Darkstone Periapt","Mark of Pain","WingedGreaves","Blue Candle"],"potions_floor_usage":[6,29,42,50],"damage_taken":[{"damage":6,"enemies":"Jaw Worm","floor":1,"turns":3},{"damage":0,"enemies":"2 Louse","floor":5,"turns":2},{"damage":25,"enemies":"Gremlin Nob","floor":6,"turns":4},{"damage":21,"enemies":"Lagavulin","floor":10,"turns":6},{"damage":0,"enemies":"Small Slimes","floor":11,"turns":2},{"damage":12,"enemies":"Exordium Thugs","floor":14,"turns":3},{"damage":29,"enemies":"Hexaghost","floor":16,"turns":11},{"damage":15,"enemies":"Spheric Guardian","floor":18,"turns":9},{"damage":12,"enemies":"Chosen","floor":19,"turns":4},{"damage":6,"enemies":"3 Cultists","floor":21,"turns":6},{"damage":10,"enemies":"Snecko","floor":24,"turns":6},{"damage":2,"enemies":"Snake Plant","floor":29,"turns":4},{"damage":1,"enemies":"Centurion and Healer","floor":31,"turns":5},{"damage":18,"enemies":"Champ","floor":33,"turns":8},{"damage":10,"enemies":"Orb Walker","floor":35,"turns":4},{"damage":7,"enemies":"Mind Bloom Boss Battle","floor":36,"turns":6},{"damage":4,"enemies":"3 Darklings","floor":39,"turns":6},{"damage":0,"enemies":"Sphere and 2 Shapes","floor":40,"turns":5},{"damage":9,"enemies":"4 Shapes","floor":42,"turns":4},{"damage":0,"enemies":"Maw","floor":44,"turns":7},{"damage":39,"enemies":"Sphere and 2 Shapes","floor":45,"turns":6},{"damage":5,"enemies":"3 Darklings","floor":46,"turns":5},{"damage":7,"enemies":"4 Shapes","floor":47,"turns":5},{"damage":2,"enemies":"Time Eater","floor":50,"turns":9}],"seed_played":"5422398832817438354","potions_obtained":[{"floor":5,"key":"Explosive Potion"},{"floor":6,"key":"LiquidBronze"},{"floor":11,"key":"GamblersBrew"},{"floor":21,"key":"EssenceOfSteel"},{"floor":29,"key":"SteroidPotion"},{"floor":40,"key":"Block Potion"},{"floor":46,"key":"Fire Potion"},{"floor":47,"key":"Explosive Potion"}],"is_trial":false,"path_per_floor":["M","$","?","$","M","E","R","?","T","E","M","R","?","M","R","B",null,"M","M","?","M","?","R","M","R","T","$","?","M","R","M","R","B",null,"M","?","?","?","M","M","R","M","T","M","M","M","M","$","R","B",null],"character_chosen":"IRONCLAD","items_purchased":["Metallicize","Good Instincts","Metallicize","Master of Strategy"],"campfire_rested":0,"item_purchase_floors":[27,27,48,48],"current_hp_per_floor":[80,80,77,77,80,61,61,54,54,39,45,45,50,44,44,21,85,76,70,54,54,38,38,34,34,34,34,34,38,38,43,43,31,90,86,85,85,85,87,90,90,87,87,90,57,58,57,57,57,61],"gold":87,"neow_bonus":"UPGRADE_CARD","is_prod":false,"is_daily":false,"chose_seed":false,"campfire_upgraded":9,"win_rate":0,"timestamp":1568680760,"path_taken":["M","$","?","$","M","E","R","?","T","E","?","R","?","M","R","BOSS","M","M","?","M","?","R","M","R","T","$","?","M","R","M","R","BOSS","M","?","?","?","M","M","R","M","T","M","M","M","?","$","R","BOSS"],"build_version":"2019-07-17","purchased_purges":3,"victory":true,"max_hp_per_floor":[80,80,80,80,80,80,80,80,80,80,80,80,85,85,85,85,85,85,85,90,90,90,90,90,90,90,90,90,90,90,90,90,90,90,90,90,90,90,90,90,90,90,90,90,90,90,90,90,90,90],"card_choices":[{"not_picked":["Perfected Strike","Rupture","Seeing Red"],"picked":"SKIP","floor":1},{"not_picked":["Carnage","Perfected Strike","Second Wind"],"picked":"SKIP","floor":5},{"not_picked":["Havoc","Headbutt"],"picked":"Shockwave","floor":6},{"not_picked":["Iron Wave","Burning Pact"],"picked":"Uppercut","floor":10},{"not_picked":["Sever Soul","Infernal Blade","Armaments"],"picked":"True Grit","floor":11},{"not_picked":["Wild Strike","Havoc","Fire Breathing","True Grit"],"picked":"SKIP","floor":14},{"not_picked":["Double Tap","Impervious","Juggernaut"],"picked":"Berserk","floor":16},{"not_picked":["Feel No Pain","Blood for Blood","Wild Strike"],"picked":"Disarm","floor":18},{"not_picked":["Shockwave","Headbutt","Iron Wave"],"picked":"Body Slam","floor":19},{"not_picked":["Clothesline+1","Ghostly Armor","Sever Soul+1"],"picked":"Inflame+1","floor":21},{"not_picked":["Second Wind","True Grit","Perfected Strike","Sword Boomerang"],"picked":"SKIP","floor":24},{"not_picked":["Wild Strike","Evolve+1","Sword Boomerang","Headbutt"],"picked":"SKIP","floor":29},{"not_picked":["Twin Strike","Heavy Blade","Fiend Fire","Fire Breathing"],"picked":"SKIP","floor":31},{"not_picked":["Bludgeon","Dark Embrace","Feed"],"picked":"Barricade","floor":33},{"not_picked":["Armaments+1","Wild Strike+1","Burning Pact+1","Pommel Strike+1"],"picked":"SKIP","floor":35},{"not_picked":["Heavy Blade","Battle Trance","Rampage"],"picked":"Intimidate+1","floor":36},{"not_picked":["Hemokinesis","Havoc","Fire Breathing"],"picked":"Burning Pact+1","floor":39},{"not_picked":["Sever Soul+1","Sword Boomerang","Havoc"],"picked":"Body Slam","floor":40},{"not_picked":["Armaments","Dual Wield","Feel No Pain+1","Iron Wave"],"picked":"SKIP","floor":42},{"not_picked":["True Grit","Uppercut","Clash+1","Thunderclap"],"picked":"SKIP","floor":44},{"not_picked":["Bloodletting+1","Feel No Pain","Blood for Blood+1","Evolve"],"picked":"SKIP","floor":45},{"not_picked":["Carnage","Pummel","Pommel Strike+1","Spot Weakness+1"],"picked":"SKIP","floor":46},{"not_picked":["Shrug It Off","Cleave+1","Clothesline"],"picked":"Metallicize","floor":47}],"player_experience":624718,"relics_obtained":[{"floor":6,"key":"Red Skull"},{"floor":9,"key":"Bag of Marbles"},{"floor":10,"key":"Question Card"},{"floor":22,"key":"Nilry\u0027s Codex"},{"floor":26,"key":"Darkstone Periapt"},{"floor":36,"key":"WingedGreaves"},{"floor":43,"key":"Blue Candle"}],"event_choices":[{"damage_healed":0,"gold_gain":0,"player_choice":"Success","damage_taken":3,"relics_obtained":["Mercury Hourglass"],"max_hp_gain":0,"max_hp_loss":0,"event_name":"Scrap Ooze","floor":3,"gold_loss":0},{"cards_removed":["Strike_R"],"damage_healed":0,"gold_gain":0,"player_choice":"Card Removal","damage_taken":7,"max_hp_gain":0,"max_hp_loss":0,"event_name":"Golden Wing","floor":8,"gold_loss":0},{"damage_healed":0,"gold_gain":0,"player_choice":"Donut","damage_taken":0,"max_hp_gain":5,"max_hp_loss":0,"event_name":"Big Fish","floor":13,"gold_loss":0},{"damage_healed":0,"gold_gain":0,"player_choice":"Shed Blood","damage_taken":21,"max_hp_gain":5,"max_hp_loss":0,"event_name":"Forgotten Altar","floor":20,"gold_loss":0},{"damage_healed":0,"gold_gain":0,"player_choice":"Obtained Book","damage_taken":16,"max_hp_gain":0,"max_hp_loss":0,"event_name":"Cursed Tome","floor":22,"gold_loss":0},{"damage_healed":0,"gold_gain":0,"player_choice":"Simplicity","damage_taken":0,"max_hp_gain":0,"max_hp_loss":0,"event_name":"Back to Basics","floor":28,"gold_loss":0,"cards_upgraded":["Strike_R","Strike_R","Strike_R","Defend_R","Defend_R","Defend_R","Defend_R"]},{"damage_healed":0,"gold_gain":0,"player_choice":"Fight","damage_taken":0,"max_hp_gain":0,"max_hp_loss":0,"event_name":"MindBloom","floor":36,"gold_loss":0},{"cards_removed":["Disarm"],"damage_healed":0,"gold_gain":0,"player_choice":"Removed Skill","damage_taken":0,"max_hp_gain":0,"max_hp_loss":0,"event_name":"Falling","floor":37,"gold_loss":0},{"damage_healed":0,"gold_gain":0,"player_choice":"Memory 1","damage_taken":0,"max_hp_gain":0,"max_hp_loss":0,"event_name":"SensoryStone","floor":38,"gold_loss":0}],"is_beta":false,"boss_relics":[{"not_picked":["Lizard Tail","Busted Crown"],"picked":"Runic Pyramid"},{"not_picked":["Pandora\u0027s Box","Fusion Hammer"],"picked":"Mark of Pain"}],"items_purged_floors":[2,27,48],"is_endless":false,"potions_floor_spawned":[5,6,11,21,24,29,33,39,40,46,47],"ascension_level":0}