{"gold_per_floor":[114,128,145,95,170,170,345,361,384,384],"floor_reached":10,"playtime":569,"items_purged":[],"score":58,"play_id":"ca4aba23-7235-486a-b04a-7204a7de4a82","local_time":"20190213233551","is_ascension_mode":false,"campfire_choices":[{"data":"Dualcast","floor":6,"key":"SMITH"}],"neow_cost":"NONE","seed_source_timestamp":1923929570872775,"circlet_count":0,"master_deck":["Strike_B","Strike_B","Strike_B","Defend_B","Defend_B","Defend_B","Defend_B","Zap","Dualcast+1","BootSequence","Capacitor","Leap","Doubt","Amplify"],"relics":["Cracked Core","NeowsBlessing","Happy Flower"],"potions_floor_usage":[10,10],"damage_taken":[{"damage":0,"enemies":"Jaw Worm","floor":1,"turns":1},{"damage":0,"enemies":"2 Louse","floor":2,"turns":1},{"damage":0,"enemies":"Small Slimes","floor":3,"turns":1},{"damage":8,"enemies":"2 Fungi Beasts","floor":8,"turns":5},{"damage":70,"enemies":"Gremlin Nob","floor":10,"turns":5}],"seed_played":"5798685288958950966","potions_obtained":[{"floor":1,"key":"AttackPotion"},{"floor":3,"key":"EssenceOfSteel"}],"is_trial":false,"path_per_floor":["M","M","M","?","?","R","?","M","T","E"],"character_chosen":"DEFECT","items_purchased":[],"campfire_rested":0,"item_purchase_floors":[],"current_hp_per_floor":[75,75,75,75,64,64,64,56,56,0],"gold":384,"neow_bonus":"THREE_ENEMY_KILL","is_prod":false,"is_daily":false,"chose_seed":false,"campfire_upgraded":1,"win_rate":0,"timestamp":1550118951,"path_taken":["M","M","M","?","?","R","?","M","T","E"],"build_version":"2019-01-23","purchased_purges":0,"victory":false,"max_hp_per_floor":[75,75,75,75,75,75,75,75,75,75],"card_choices":[{"not_picked":["Redo","Turbo"],"picked":"BootSequence","floor":1},{"not_picked":["Loop","Turbo"],"picked":"Capacitor","floor":2},{"not_picked":["Turbo","Compile Driver"],"picked":"Leap","floor":3},{"not_picked":["Steam","Hologram"],"picked":"Amplify","floor":8}],"player_experience":80087,"relics_obtained":[{"floor":9,"key":"Happy Flower"}],"event_choices":[{"cards_removed":["Strike_B"],"damage_healed":0,"gold_gain":0,"player_choice":"Card Removal","damage_taken":0,"max_hp_gain":0,"max_hp_loss":0,"event_name":"The Cleric","floor":4,"gold_loss":50},{"damage_healed":0,"gold_gain":75,"player_choice":"Gather Gold","damage_taken":11,"max_hp_gain":0,"max_hp_loss":0,"event_name":"World of Goop","floor":5,"gold_loss":0},{"damage_healed":0,"gold_gain":175,"player_choice":"AGREE","damage_taken":0,"max_hp_gain":0,"max_hp_loss":0,"event_name":"Liars Game","floor":7,"gold_loss":0,"cards_obtained":["Doubt"]}],"is_beta":false,"boss_relics":[],"items_purged_floors":[],"is_endless":false,"potions_floor_spawned":[1,3],"killed_by":"Gremlin Nob","ascension_level":0}