{"gold_per_floor":[117,67,79,79,12,12,56,72,98,50,50,73,96,117,117,241,241,257,270,369,369,383,383,402,402,402,402],"floor_reached":27,"playtime":904,"items_purged":[],"score":361,"play_id":"4859e982-c398-488e-94ac-72a66346410e","local_time":"20190129232142","is_ascension_mode":true,"campfire_choices":[{"data":"Zap","floor":6.0,"key":"SMITH"},{"data":"Ball Lightning","floor":15.0,"key":"SMITH"},{"data":"Self Repair","floor":23,"key":"SMITH"},{"floor":25,"key":"REST"}],"neow_cost":"NONE","seed_source_timestamp":190347055637284,"circlet_count":0,"master_deck":["Strike_B","Strike_B","Strike_B","Defend_B","Defend_B","Defend_B","Defend_B","Zap+1","Dualcast","Sweeping Beam","Gash","Self Repair+1","Ball Lightning+1","Leap","Leap","Gash","Conserve Battery","All For One","Gash","Hologram+1","All For One","Reinforced Body","Gash","FTL","Ball Lightning","Leap","Beam Cell+1"],"special_seed":0,"relics":["Cracked Core","NeowsBlessing","Golden Idol","Vajra","Dream Catcher","Orrery","Bottled Flame"],"potions_floor_usage":[16,16],"damage_taken":[{"damage":0.0,"enemies":"Small Slimes","floor":1.0,"turns":1.0},{"damage":0.0,"enemies":"Jaw Worm","floor":3.0,"turns":1.0},{"damage":0.0,"enemies":"3 Sentries","floor":7.0,"turns":1.0},{"damage":1.0,"enemies":"Cultist","floor":8.0,"turns":3.0},{"damage":7.0,"enemies":"Gremlin Gang","floor":12.0,"turns":3.0},{"damage":0.0,"enemies":"Large Slime","floor":13.0,"turns":5.0},{"damage":9.0,"enemies":"Red Slaver","floor":14.0,"turns":3.0},{"damage":36,"enemies":"Hexaghost","floor":16,"turns":10},{"damage":0,"enemies":"Spheric Guardian","floor":18,"turns":2},{"damage":6,"enemies":"3 Byrds","floor":19,"turns":3},{"damage":25,"enemies":"3 Cultists","floor":22,"turns":5},{"damage":19,"enemies":"Sentry and Sphere","floor":24,"turns":4},{"damage":53,"enemies":"Slavers","floor":27,"turns":3}],"seed_played":"-3794341708843663872","potions_obtained":[{"floor":1.0,"key":"Swift Potion"},{"floor":12.0,"key":"SpeedPotion"},{"floor":13.0,"key":"Strength Potion"},{"floor":16,"key":"Ancient Potion"},{"floor":18,"key":"LiquidBronze"}],"is_trial":false,"path_per_floor":["M","?","M","?","$","R","E","M","T","$","$","M","M","M","R","B",null,"M","M","?","?","M","R","M","R","T","E"],"character_chosen":"DEFECT","items_purchased":["Self Repair","Leap"],"campfire_rested":1,"item_purchase_floors":[5,10],"current_hp_per_floor":[68,68,68,50,50,50,57,63,63,63,63,63,63,54,54,25,63,63,64,64,64,46,46,27,49,49,0],"gold":402,"neow_bonus":"THREE_ENEMY_KILL","is_prod":false,"is_daily":false,"chose_seed":false,"campfire_upgraded":3,"win_rate":0,"timestamp":1548822102,"path_taken":["M","?","M","?","$","R","E","M","T","?","$","?","M","M","R","BOSS","M","?","?","?","M","R","?","R","T","E"],"build_version":"2019-01-23","purchased_purges":0,"victory":false,"max_hp_per_floor":[75,75,75,75,75,75,75,75,75,75,75,75,75,75,75,75,75,75,75,75,75,75,75,75,75,75,75],"card_choices":[{"not_picked":["Aggregate","Lockon"],"picked":"Sweeping Beam","floor":1.0},{"not_picked":["Turbo","Reprogram"],"picked":"Gash","floor":3.0},{"not_picked":["Doom and Gloom","Recycle"],"picked":"Ball Lightning","floor":7.0},{"not_picked":["Chill","Rebound","Sweeping Beam"],"picked":"SKIP","floor":8.0},{"not_picked":["BootSequence","Barrage"],"picked":"Leap","floor":12.0},{"not_picked":["Go for the Eyes","Coolheaded"],"picked":"Gash","floor":13.0},{"not_picked":["Multi-Cast","Doom and Gloom"],"picked":"Conserve Battery","floor":14.0},{"not_picked":["Fission","Rainbow"],"picked":"All For One","floor":16},{"not_picked":["Compile Driver","Rebound"],"picked":"Gash","floor":17},{"not_picked":["Recycle","Tempest"],"picked":"Hologram","floor":17},{"not_picked":["Genetic Algorithm","Streamline"],"picked":"All For One","floor":17},{"not_picked":["Cold Snap","Gash"],"picked":"Reinforced Body","floor":17},{"not_picked":["Coolheaded","Self Repair"],"picked":"Gash","floor":17},{"not_picked":["Chill","Coolheaded+1"],"picked":"FTL","floor":18},{"not_picked":["Rip and Tear","FTL"],"picked":"Ball Lightning","floor":19},{"not_picked":["Sweeping Beam","All For One","Stack"],"picked":"SKIP","floor":22},{"not_picked":["Ball Lightning","Tempest"],"picked":"Leap","floor":24},{"not_picked":["Sunder","Compile Driver"],"picked":"Beam Cell+1","floor":25}],"player_experience":368821,"relics_obtained":[{"floor":7.0,"key":"Vajra"},{"floor":9.0,"key":"Dream Catcher"},{"floor":26,"key":"Bottled Flame"}],"event_choices":[{"cards_removed":["Strike_B"],"damage_healed":0.0,"max_hp_gain":0.0,"max_hp_loss":0.0,"gold_gain":0.0,"event_name":"The Cleric","player_choice":"Card Removal","floor":2.0,"gold_loss":50.0,"damage_taken":0.0},{"damage_healed":0.0,"max_hp_gain":0.0,"max_hp_loss":0.0,"gold_gain":0.0,"event_name":"Golden Idol","player_choice":"Take Damage","floor":4.0,"gold_loss":0.0,"damage_taken":18.0,"relics_obtained":["Golden Idol"]},{"damage_healed":0,"gold_gain":99,"player_choice":"Stole From Cult","damage_taken":0,"max_hp_gain":0,"max_hp_loss":0,"event_name":"Nest","floor":20,"gold_loss":0},{"damage_healed":0,"gold_gain":0,"player_choice":"Forge","damage_taken":0,"max_hp_gain":0,"max_hp_loss":0,"event_name":"Accursed Blacksmith","floor":21,"gold_loss":0,"cards_upgraded":["Hologram"]}],"is_beta":false,"boss_relics":[{"not_picked":["Velvet Choker","Sozu"],"picked":"Orrery"}],"items_purged_floors":[],"is_endless":false,"potions_floor_spawned":[1,12,13,16,18,24],"killed_by":"Slavers","ascension_level":8}