{"gold_per_floor":[110,110,125,139,155,155,81,116,143,143,68,68,68,86,86,182,182,172,172,172,182,182],"floor_reached":22,"playtime":1336,"items_purged":["Strike_B"],"score":258,"play_id":"6f6ecbcf-78cc-4a28-80c0-a894794159ae","local_time":"20190214205016","is_ascension_mode":true,"campfire_choices":[{"floor":6,"key":"REST"},{"floor":10,"key":"REST"},{"data":"Defragment","floor":12,"key":"SMITH"},{"floor":15,"key":"REST"}],"neow_cost":"NONE","seed_source_timestamp":72771607483399,"circlet_count":0,"master_deck":["Strike_B","Strike_B+1","Strike_B","Defend_B","Defend_B","Defend_B","Defend_B","Zap","Dualcast","Compile Driver","Blind","Conserve Battery+1","Gash","Beam Cell","Defragment+1","Beam Cell","Rip and Tear","Creative AI","Gash","Rip and Tear"],"relics":["Cracked Core","Ancient Tea Set","Happy Flower","Black Star"],"potions_floor_usage":[8,16],"damage_taken":[{"damage":5,"enemies":"Small Slimes","floor":1,"turns":3},{"damage":0,"enemies":"Cultist","floor":3,"turns":4},{"damage":2,"enemies":"Jaw Worm","floor":4,"turns":3},{"damage":18,"enemies":"3 Louse","floor":5,"turns":3},{"damage":39,"enemies":"Gremlin Nob","floor":8,"turns":5},{"damage":9,"enemies":"Blue Slaver","floor":14,"turns":3},{"damage":23,"enemies":"The Guardian","floor":16,"turns":13},{"damage":18,"enemies":"2 Thieves","floor":18,"turns":4},{"damage":8,"enemies":"Chosen","floor":21,"turns":5},{"damage":74,"enemies":"3 Cultists","floor":22,"turns":5}],"seed_played":"-4563731673251822109","potions_obtained":[{"floor":3,"key":"Swift Potion"},{"floor":4,"key":"SkillPotion"},{"floor":5,"key":"SteroidPotion"}],"is_trial":false,"path_per_floor":["M","?","M","M","M","R","$","E","T","R","$","R","?","M","R","B",null,"M","?","?","M","M"],"character_chosen":"DEFECT","items_purchased":["Defragment"],"campfire_rested":3,"item_purchase_floors":[7],"current_hp_per_floor":[70,70,70,68,50,74,74,35,35,59,59,59,43,34,58,35,70,52,52,82,74,0],"gold":182,"neow_bonus":"TEN_PERCENT_HP_BONUS","is_prod":false,"is_daily":false,"chose_seed":false,"campfire_upgraded":1,"win_rate":0,"timestamp":1550206216,"path_taken":["M","?","?","M","M","R","$","E","T","R","$","R","?","M","R","BOSS","M","?","?","M","?"],"build_version":"2019-01-23","purchased_purges":1,"victory":false,"max_hp_per_floor":[82,82,82,82,82,82,82,82,82,82,82,82,82,82,82,82,82,82,82,82,82,82],"card_choices":[{"not_picked":["Hologram","Steam"],"picked":"Compile Driver","floor":1},{"not_picked":["Double Energy","Stack"],"picked":"Conserve Battery","floor":3},{"not_picked":["Compile Driver","Turbo"],"picked":"Gash","floor":4},{"not_picked":["Undo","Barrage"],"picked":"Beam Cell","floor":5},{"not_picked":["Turbo","Consume"],"picked":"Beam Cell","floor":8},{"not_picked":["Tempest","Stack"],"picked":"Rip and Tear","floor":14},{"not_picked":["Seek","Hyperbeam"],"picked":"Creative AI","floor":16},{"not_picked":["Redo+1","Go for the Eyes"],"picked":"Gash","floor":18},{"not_picked":["Cold Snap","Coolheaded+1"],"picked":"Rip and Tear","floor":21}],"player_experience":395024,"relics_obtained":[{"floor":8,"key":"Ancient Tea Set"},{"floor":9,"key":"Happy Flower"}],"event_choices":[{"damage_healed":0,"gold_gain":0,"player_choice":"2 cards matched","damage_taken":0,"max_hp_gain":0,"max_hp_loss":0,"event_name":"Match and Keep!","floor":2,"gold_loss":0,"cards_obtained":["Blind","Blizzard"]},{"damage_healed":0,"gold_gain":0,"player_choice":"2 cards matched","damage_taken":0,"max_hp_gain":0,"max_hp_loss":0,"event_name":"Match and Keep!","floor":2,"gold_loss":0,"cards_obtained":["Blind","Blizzard"]},{"damage_healed":0,"gold_gain":0,"player_choice":"Entered Light","damage_taken":16,"max_hp_gain":0,"max_hp_loss":0,"event_name":"Shining Light","floor":13,"gold_loss":0,"cards_upgraded":["Conserve Battery","Strike_B"]},{"damage_healed":0,"gold_gain":0,"player_choice":"Ignored","damage_taken":0,"max_hp_gain":0,"max_hp_loss":0,"event_name":"Vampires","floor":19,"gold_loss":0},{"cards_removed":["Blizzard"],"damage_healed":30,"gold_gain":0,"player_choice":"Offered Uncommon","damage_taken":0,"max_hp_gain":0,"max_hp_loss":0,"event_name":"Bonfire Elementals","floor":20,"gold_loss":0}],"is_beta":false,"boss_relics":[{"not_picked":["Tiny House","Snecko Eye"],"picked":"Black Star"}],"items_purged_floors":[11],"is_endless":false,"potions_floor_spawned":[3,4,5],"killed_by":"3 Cultists","ascension_level":8}