{"gold_per_floor":[111,111,286,361,311,337,337,357,383,403,420,430,460,475,475,570,570,588,588,268,285,304,304,304,75,159,185,185,185,205,231,231,334,334,352,312,326,326,343,373,0,26,26,37,17,17,17,35,35,35],"floor_reached":50,"playtime":1690,"items_purged":["Shame"],"score":715,"play_id":"d197faa6-70c7-4f15-9c22-e803083b783d","local_time":"20190128182706","is_ascension_mode":true,"campfire_choices":[{"floor":7.0,"key":"REST"},{"data":"Bash","floor":15.0,"key":"SMITH"},{"data":"Barricade","floor":23.0,"key":"SMITH"},{"data":"Juggernaut","floor":28.0,"key":"SMITH"},{"data":"Flame Barrier","floor":32.0,"key":"SMITH"},{"floor":46.0,"key":"REST"},{"floor":49.0,"key":"REST"}],"neow_cost":"NONE","seed_source_timestamp":625950929974153,"circlet_count":0,"master_deck":["Strike_R","Strike_R","Strike_R","Strike_R","Defend_R","Defend_R","Defend_R+1","Defend_R","Bash+1","Armaments+1","Twin Strike+1","Perfected Strike+1","Ghostly Armor","Shrug It Off","Juggernaut+1","Flame Barrier+1","Sword Boomerang+1","Barricade+1","True Grit+1","Spot Weakness","PiercingWail+1","Iron Wave+1","Rampage+1","Predator+1","Night Terror+1","Burst","Conserve Battery+1","Phantasmal Killer","Quick Slash+1","Burning Pact+1","Body Slam+1","Pommel Strike+1","Clothesline+1","Leap+1"],"special_seed":0,"relics":["Burning Blood","Smiling Mask","Molten Egg 2","Happy Flower","Vajra","Philosopher\u0027s Stone","Ginger","PrismaticShard","PreservedInsect","Tiny Chest","Potion Belt","The Courier","Mark of Pain","Red Skull","Membership Card","Bag of Marbles","Blood Vial","Anchor","Omamori"],"potions_floor_usage":[50,50],"damage_taken":[{"damage":3.0,"enemies":"Jaw Worm","floor":1.0,"turns":5.0},{"damage":49.0,"enemies":"Lagavulin","floor":6.0,"turns":9.0},{"damage":2.0,"enemies":"Small Slimes","floor":8.0,"turns":3.0},{"damage":1.0,"enemies":"2 Louse","floor":10.0,"turns":2.0},{"damage":0.0,"enemies":"Large Slime","floor":11.0,"turns":5.0},{"damage":6.0,"enemies":"3 Louse","floor":12.0,"turns":2.0},{"damage":12.0,"enemies":"3 Sentries","floor":13.0,"turns":7.0},{"damage":11.0,"enemies":"Exordium Thugs","floor":14.0,"turns":5.0},{"damage":15.0,"enemies":"Slime Boss","floor":16.0,"turns":5.0},{"damage":0.0,"enemies":"Chosen","floor":18.0,"turns":4.0},{"damage":0.0,"enemies":"Spheric Guardian","floor":21.0,"turns":4.0},{"damage":20.0,"enemies":"Snake Plant","floor":22.0,"turns":5.0},{"damage":12.0,"enemies":"Slavers","floor":27.0,"turns":4.0},{"damage":19.0,"enemies":"Snecko","floor":30.0,"turns":4.0},{"damage":12.0,"enemies":"Gremlin Leader","floor":31.0,"turns":4.0},{"damage":52.0,"enemies":"Champ","floor":33.0,"turns":11.0},{"damage":4.0,"enemies":"3 Shapes","floor":35.0,"turns":5.0},{"damage":25.0,"enemies":"3 Darklings","floor":37.0,"turns":6.0},{"damage":24.0,"enemies":"Jaw Worm Horde","floor":39.0,"turns":5.0},{"damage":26.0,"enemies":"Giant Head","floor":40.0,"turns":7.0},{"damage":9.0,"enemies":"Reptomancer","floor":42.0,"turns":4.0},{"damage":0.0,"enemies":"Writhing Mass","floor":44.0,"turns":3.0},{"damage":2.0,"enemies":"Transient","floor":48.0,"turns":5.0},{"damage":80,"enemies":"Donu and Deca","floor":50,"turns":6}],"seed_played":"-2841960326742536562","potions_obtained":[{"floor":8.0,"key":"Fire Potion"},{"floor":11.0,"key":"LiquidBronze"},{"floor":13.0,"key":"SkillPotion"},{"floor":18.0,"key":"FairyPotion"},{"floor":27.0,"key":"SkillPotion"},{"floor":33.0,"key":"Block Potion"},{"floor":35.0,"key":"GamblersBrew"},{"floor":39.0,"key":"PowerPotion"},{"floor":42.0,"key":"SpeedPotion"},{"floor":44.0,"key":"Explosive Potion"}],"is_trial":false,"path_per_floor":["M","?","?","?","?","E","R","M","T","M","M","M","E","M","R","B",null,"M","?","$","M","M","R","?","$","T","E","R","$","M","E","R","B",null,"M","?","M","?","M","E","$","E","T","M","$","R","?","M","R","B"],"character_chosen":"IRONCLAD","items_purchased":["PrismaticShard","Spot Weakness","PreservedInsect","Rampage+1","Membership Card","Regen Potion","Swift Potion","GamblersBrew","Body Slam+1","Bag of Marbles","Blood Vial","Clothesline+1"],"campfire_rested":3,"item_purchase_floors":[20,20,25,25,41,41,41,41,41,41,41,45],"current_hp_per_floor":[75,75,75,64,64,21,45,49,49,54,60,60,54,49,49,40,70,76,76,76,80,66,66,66,66,66,60,60,60,47,41,41,14,64,66,66,47,47,29,9,9,20,20,28,28,52,52,58,80,0],"gold":35,"neow_bonus":"RANDOM_COMMON_RELIC","is_prod":false,"is_daily":false,"chose_seed":false,"campfire_upgraded":4,"win_rate":0,"timestamp":1548692826,"path_taken":["M","?","?","?","?","E","R","M","T","?","M","M","E","M","R","BOSS","M","?","$","M","M","R","?","$","T","E","R","$","M","E","R","BOSS","M","?","?","?","M","E","?","E","T","M","$","R","?","M","R","BOSS"],"build_version":"2019-01-23","purchased_purges":1,"victory":false,"max_hp_per_floor":[80,80,80,80,80,80,80,80,80,80,80,80,80,80,80,80,80,80,80,80,80,80,80,80,80,80,80,80,80,80,80,80,80,80,80,80,80,80,80,80,80,80,80,80,80,80,80,80,80,80],"card_choices":[{"not_picked":["Cleave","Dropkick"],"picked":"Armaments","floor":1.0},{"not_picked":["Anger","Intimidate"],"picked":"Twin Strike","floor":6.0},{"not_picked":["Twin Strike+1","Iron Wave+1"],"picked":"Perfected Strike+1","floor":8.0},{"not_picked":["Pummel+1","Armaments"],"picked":"Ghostly Armor","floor":10.0},{"not_picked":["Armaments","Anger+1"],"picked":"Shrug It Off","floor":11.0},{"not_picked":["Warcry","Pommel Strike+1"],"picked":"Juggernaut","floor":12.0},{"not_picked":["Dropkick+1","Anger+1"],"picked":"Flame Barrier","floor":13.0},{"not_picked":["Cleave+1","Hemokinesis+1"],"picked":"Sword Boomerang+1","floor":14.0},{"not_picked":["Offering","Bludgeon+1"],"picked":"Barricade","floor":16.0},{"not_picked":["Second Wind+1","Heavy Blade+1"],"picked":"True Grit+1","floor":18.0},{"not_picked":["Body Slam+1","Sever Soul+1"],"picked":"PiercingWail+1","floor":21.0},{"not_picked":["Wild Strike+1","Doom and Gloom+1"],"picked":"Iron Wave+1","floor":22.0},{"not_picked":["Compile Driver+1","Blade Dance","Wild Strike+1"],"picked":"SKIP","floor":27.0},{"not_picked":["Stack+1","Deflect"],"picked":"Predator+1","floor":30.0},{"not_picked":["Steam","Genetic Algorithm+1"],"picked":"Night Terror","floor":31.0},{"not_picked":["Transmutation","Tools of the Trade"],"picked":"Burst","floor":33.0},{"not_picked":["Scrape+1","Perfected Strike+1"],"picked":"Conserve Battery+1","floor":35.0},{"not_picked":["Rebound+1","Havoc"],"picked":"Phantasmal Killer","floor":37.0},{"not_picked":["Ball Lightning+1","Deadly Poison+1"],"picked":"Quick Slash+1","floor":39.0},{"not_picked":["Redo","Dark Shackles"],"picked":"Burning Pact+1","floor":40.0},{"not_picked":["HandOfGreed+1","Bouncing Flask"],"picked":"Pommel Strike+1","floor":42.0},{"not_picked":["Wild Strike+1","Ball Lightning+1","Bane+1"],"picked":"SKIP","floor":44.0},{"not_picked":["Sentinel","Heavy Blade+1"],"picked":"Leap+1","floor":48.0}],"player_experience":133423,"relics_obtained":[{"floor":6.0,"key":"Molten Egg 2"},{"floor":9.0,"key":"Happy Flower"},{"floor":13.0,"key":"Vajra"},{"floor":26.0,"key":"Tiny Chest"},{"floor":27.0,"key":"Potion Belt"},{"floor":31.0,"key":"The Courier"},{"floor":40.0,"key":"Red Skull"},{"floor":42.0,"key":"Anchor"},{"floor":43.0,"key":"Omamori"}],"event_choices":[{"damage_healed":0.0,"max_hp_gain":0.0,"max_hp_loss":0.0,"gold_gain":0.0,"event_name":"Living Wall","player_choice":"Grow","floor":2.0,"gold_loss":0.0,"damage_taken":0.0,"cards_upgraded":["Armaments"]},{"damage_healed":0.0,"max_hp_gain":0.0,"max_hp_loss":0.0,"gold_gain":175.0,"event_name":"Liars Game","player_choice":"AGREE","floor":3.0,"gold_loss":0.0,"damage_taken":0.0,"cards_obtained":["Doubt"]},{"damage_healed":0.0,"max_hp_gain":0.0,"max_hp_loss":0.0,"gold_gain":75.0,"event_name":"World of Goop","player_choice":"Gather Gold","floor":4.0,"gold_loss":0.0,"damage_taken":11.0},{"cards_removed":["Doubt"],"damage_healed":0.0,"max_hp_gain":0.0,"max_hp_loss":0.0,"gold_gain":0.0,"event_name":"The Cleric","player_choice":"Card Removal","floor":5.0,"gold_loss":50.0,"damage_taken":0.0},{"damage_healed":0.0,"max_hp_gain":0.0,"max_hp_loss":0.0,"gold_gain":0.0,"event_name":"Addict","player_choice":"Stole Relic","floor":19.0,"gold_loss":0.0,"damage_taken":0.0,"relics_obtained":["Ginger"],"cards_obtained":["Shame"]},{"damage_healed":0.0,"max_hp_gain":0.0,"max_hp_loss":0.0,"gold_gain":0.0,"event_name":"Ghosts","player_choice":"Ignored","floor":24.0,"gold_loss":0.0,"damage_taken":0.0},{"damage_healed":0.0,"max_hp_gain":0.0,"max_hp_loss":0.0,"gold_gain":0.0,"event_name":"Designer","player_choice":"Upgraded Two","floor":36.0,"gold_loss":40.0,"damage_taken":0.0,"cards_upgraded":["Night Terror","Defend_R"]},{"cards_removed":["Strike_R"],"damage_healed":0.0,"max_hp_gain":0.0,"max_hp_loss":0.0,"gold_gain":0.0,"event_name":"Bonfire Elementals","player_choice":"Offered Basic","floor":38.0,"gold_loss":0.0,"damage_taken":0.0},{"damage_healed":0.0,"max_hp_gain":0.0,"max_hp_loss":0.0,"gold_gain":0.0,"event_name":"Mysterious Sphere","player_choice":"Ignored","floor":47.0,"gold_loss":0.0,"damage_taken":0.0}],"is_beta":false,"boss_relics":[{"not_picked":["Snecko Eye","Calling Bell"],"picked":"Philosopher\u0027s Stone"},{"not_picked":["Astrolabe","Runic Dome"],"picked":"Mark of Pain"}],"items_purged_floors":[20],"is_endless":false,"potions_floor_spawned":[8,11,13,18,27,33,35,39,42,44],"killed_by":"Donu and Deca","ascension_level":6}