{"gold_per_floor":[115,130,130,130,130,130,164,164,188,223,235,297,312,344,344,344],"floor_reached":16,"playtime":1031,"items_purged":[],"score":160,"play_id":"13f96c36-9ccc-4f26-b037-7e7ff3813613","local_time":"20190131235025","is_ascension_mode":true,"campfire_choices":[{"data":"Shrug It Off","floor":6,"key":"SMITH"},{"floor":8,"key":"REST"},{"floor":15,"key":"REST"}],"neow_cost":"NONE","seed_source_timestamp":1683109319339967,"circlet_count":0,"master_deck":["Strike_R","Strike_R","Strike_R","Strike_R","Strike_R","Defend_R","Defend_R","Defend_R","Bash","Forethought","Cleave","Shrug It Off+1","Berserk","Flex","Pommel Strike","Iron Wave","Shrug It Off","Thunderclap","Flex"],"relics":["Burning Blood","The Courier","Potion Belt","Dream Catcher","Tiny Chest","Bag of Preparation"],"potions_floor_usage":[10,12,16],"damage_taken":[{"damage":1,"enemies":"Cultist","floor":1,"turns":4},{"damage":5,"enemies":"2 Louse","floor":2,"turns":2},{"damage":21,"enemies":"Gremlin Nob","floor":7,"turns":4},{"damage":34,"enemies":"3 Sentries","floor":10,"turns":6},{"damage":7,"enemies":"Jaw Worm","floor":11,"turns":3},{"damage":39,"enemies":"Gremlin Nob","floor":12,"turns":5},{"damage":6,"enemies":"Blue Slaver","floor":13,"turns":4},{"damage":29,"enemies":"3 Sentries","floor":14,"turns":9},{"damage":35,"enemies":"The Guardian","floor":16,"turns":7}],"seed_played":"130139820036459461","potions_obtained":[{"floor":7,"key":"Explosive Potion"},{"floor":10,"key":"Energy Potion"},{"floor":11,"key":"Regen Potion"}],"is_trial":false,"path_per_floor":["M","M","$","?","$","R","E","R","T","E","M","E","M","E","R","B"],"character_chosen":"IRONCLAD","items_purchased":[],"campfire_rested":2,"item_purchase_floors":[],"current_hp_per_floor":[80,80,80,80,80,80,65,80,80,52,51,32,32,9,33,0],"gold":344,"neow_bonus":"RANDOM_COLORLESS","is_prod":false,"is_daily":false,"chose_seed":false,"campfire_upgraded":1,"win_rate":0,"timestamp":1549007425,"path_taken":["M","?","$","?","?","R","E","R","T","E","M","E","M","E","R","BOSS"],"build_version":"2019-01-23","purchased_purges":0,"victory":false,"max_hp_per_floor":[80,80,80,80,80,80,80,80,80,80,80,80,80,80,80,80],"card_choices":[{"not_picked":["Havoc","Ghostly Armor"],"picked":"Cleave","floor":1},{"not_picked":["Twin Strike","Disarm"],"picked":"Shrug It Off","floor":2},{"not_picked":["Infernal Blade","Disarm"],"picked":"Berserk","floor":7},{"not_picked":["Feel No Pain","Cleave"],"picked":"Flex","floor":10},{"not_picked":["Burning Pact","Carnage"],"picked":"Pommel Strike","floor":11},{"not_picked":["Clash","Headbutt"],"picked":"Iron Wave","floor":12},{"not_picked":["Thunderclap","Sword Boomerang"],"picked":"Shrug It Off","floor":13},{"not_picked":["Rage","Blood for Blood"],"picked":"Thunderclap","floor":14},{"not_picked":["Anger","Sword Boomerang"],"picked":"Flex","floor":15}],"player_experience":247725,"relics_obtained":[{"floor":7,"key":"The Courier"},{"floor":9,"key":"Potion Belt"},{"floor":10,"key":"Dream Catcher"},{"floor":12,"key":"Tiny Chest"},{"floor":14,"key":"Bag of Preparation"}],"event_choices":[{"cards_removed":["Defend_R"],"damage_healed":0,"gold_gain":0,"player_choice":"Offered Basic","damage_taken":0,"max_hp_gain":0,"max_hp_loss":0,"event_name":"Bonfire Elementals","floor":4,"gold_loss":0}],"is_beta":false,"boss_relics":[],"items_purged_floors":[],"is_endless":false,"potions_floor_spawned":[7,10,11],"killed_by":"The Guardian","ascension_level":5}