{"gold_per_floor":[117,117,131,51,71,71,100,100,100,100,100,129,140,140,140,237,237,248,109,119,219,219,219,219,0,24,38,38,48,48,64,64,160,210,228,228,246,262,262,262,291,291,291,301,38,73,73,73,73,73],"floor_reached":51,"playtime":2839,"items_purged":[],"score":814,"play_id":"70c58ffb-dab1-429c-b631-12fc71153add","local_time":"20190117204604","is_ascension_mode":true,"campfire_choices":[{"data":"Hologram","floor":6,"key":"SMITH"},{"data":"Zap","floor":10,"key":"SMITH"},{"data":"Buffer","floor":15,"key":"SMITH"},{"data":"Writhe","floor":23,"key":"PURGE"},{"floor":28,"key":"REST"},{"data":"Echo Form","floor":30,"key":"SMITH"},{"data":"Capacitor","floor":32,"key":"SMITH"},{"data":"Electrodynamics","floor":40,"key":"SMITH"},{"data":"Writhe","floor":49,"key":"PURGE"}],"neow_cost":"TEN_PERCENT_HP_LOSS","seed_source_timestamp":412810964986695,"circlet_count":0,"master_deck":["Strike_B+1","Strike_B","Defend_B+1","Defend_B","Defend_B+1","Defend_B","Zap+1","Dualcast+1","Ball Lightning","Go for the Eyes+1","Chill","Hologram+1","Hyperbeam","Buffer+1","Capacitor+1","Echo Form+1","Leap","Electrodynamics+1","Cold Snap","Hologram+1","Conserve Battery","Undo+1","Seek","Coolheaded","Consume","Apotheosis","Capacitor"],"relics":["Cracked Core","Peace Pipe","Gremlin Horn","Pear","Ancient Tea Set","Sozu","WingedGreaves","Matryoshka","Kunai","Whetstone","Smiling Mask","Tiny House","Mummified Hand","Juzu Bracelet","Bottled Tornado","Vajra"],"potions_floor_usage":[16,21,50],"damage_taken":[{"damage":0,"enemies":"Small Slimes","floor":1,"turns":2},{"damage":4,"enemies":"Jaw Worm","floor":3,"turns":3},{"damage":0,"enemies":"2 Louse","floor":5,"turns":1},{"damage":23,"enemies":"Gremlin Nob","floor":7,"turns":4},{"damage":20,"enemies":"Lagavulin","floor":12,"turns":6},{"damage":0,"enemies":"Large Slime","floor":13,"turns":4},{"damage":12,"enemies":"Slime Boss","floor":16,"turns":10},{"damage":11,"enemies":"Spheric Guardian","floor":18,"turns":4},{"damage":3,"enemies":"Chosen","floor":20,"turns":5},{"damage":18,"enemies":"Colosseum Slavers","floor":21,"turns":3},{"damage":30,"enemies":"Colosseum Nobs","floor":21,"turns":4},{"damage":0,"enemies":"Centurion and Healer","floor":27,"turns":5},{"damage":0,"enemies":"Snake Plant","floor":29,"turns":4},{"damage":4,"enemies":"Sentry and Sphere","floor":31,"turns":8},{"damage":9,"enemies":"Automaton","floor":33,"turns":12},{"damage":0,"enemies":"3 Shapes","floor":35,"turns":2},{"damage":1,"enemies":"Orb Walker","floor":37,"turns":7},{"damage":0,"enemies":"4 Shapes","floor":38,"turns":2},{"damage":0,"enemies":"Giant Head","floor":41,"turns":14},{"damage":0,"enemies":"Maw","floor":44,"turns":7},{"damage":23,"enemies":"Nemesis","floor":46,"turns":7},{"damage":12,"enemies":"Time Eater","floor":50,"turns":11}],"seed_played":"-3094330396739695890","potions_obtained":[{"floor":3,"key":"Regen Potion"},{"floor":7,"key":"Dexterity Potion"},{"floor":13,"key":"SpeedPotion"},{"floor":16,"key":"Dexterity Potion"}],"is_trial":false,"path_per_floor":["M","?","M","$","M","R","E","?","T","R","?","E","M","$","R","B",null,"M","$","M","?","?","R","?","?","T","M","R","M","R","M","R","B",null,"M","$","M","M","$","R","E","?","T","M","$","E","?","?","R","B",null],"character_chosen":"DEFECT","items_purchased":["Chill","Electrodynamics","Apotheosis","Capacitor"],"campfire_rested":1,"item_purchase_floors":[4,19,45,45],"current_hp_per_floor":[68,68,64,64,64,64,41,27,37,37,37,17,17,17,17,19,78,67,67,64,16,16,16,16,16,16,16,39,39,39,35,35,26,83,83,83,82,82,82,82,82,83,83,83,83,60,60,81,81,69],"gold":73,"neow_bonus":"ONE_RARE_RELIC","is_prod":false,"is_daily":false,"chose_seed":false,"campfire_upgraded":6,"win_rate":0,"timestamp":1547750764,"path_taken":["M","?","M","$","M","R","E","?","T","R","?","E","M","?","R","BOSS","M","$","M","?","?","R","?","?","T","M","R","?","R","M","R","BOSS","M","$","M","M","$","R","E","?","T","M","$","E","?","?","R","BOSS"],"build_version":"2019-01-10","purchased_purges":0,"victory":true,"max_hp_per_floor":[68,68,68,68,68,68,68,68,78,78,78,78,78,78,78,78,78,78,78,78,78,78,78,78,78,78,78,78,78,78,78,78,78,83,83,83,83,83,83,83,83,83,83,83,83,83,83,83,83,83],"card_choices":[{"not_picked":["Coolheaded","Rebound"],"picked":"Ball Lightning","floor":1},{"not_picked":["FTL","Darkness"],"picked":"Go for the Eyes","floor":3},{"not_picked":["Rip and Tear","Tempest"],"picked":"Hologram","floor":5},{"not_picked":["Darkness","Gash","Force Field"],"picked":"SKIP","floor":7},{"not_picked":["Steam Power","Hologram"],"picked":"Buffer","floor":12},{"not_picked":["Steam Power","Leap"],"picked":"Capacitor","floor":13},{"not_picked":["Meteor Strike","Rainbow"],"picked":"Echo Form","floor":16},{"not_picked":["Turbo","Compile Driver"],"picked":"Leap","floor":18},{"not_picked":["Streamline+1","Force Field"],"picked":"Cold Snap","floor":20},{"not_picked":["Leap","Gash"],"picked":"Hologram+1","floor":21},{"not_picked":["Coolheaded","Streamline"],"picked":"Conserve Battery","floor":27},{"not_picked":["Tempest","Sunder"],"picked":"Undo+1","floor":29},{"not_picked":["Hologram","Gash+1","Genetic Algorithm+1"],"picked":"SKIP","floor":31},{"not_picked":["Electrodynamics","Hyperbeam"],"picked":"Seek","floor":33},{"not_picked":["Force Field","Leap"],"picked":"Coolheaded","floor":35},{"not_picked":["Hologram","Coolheaded+1","Blizzard+1"],"picked":"SKIP","floor":37},{"not_picked":["Coolheaded","White Noise","Hologram+1"],"picked":"SKIP","floor":38},{"not_picked":["Echo Form","Leap"],"picked":"Consume","floor":41},{"not_picked":["Conserve Battery","Chill+1","Beam Cell+1"],"picked":"SKIP","floor":44},{"not_picked":["Leap","Go for the Eyes","Heatsinks"],"picked":"SKIP","floor":46}],"player_experience":94682,"relics_obtained":[{"floor":7,"key":"Gremlin Horn"},{"floor":9,"key":"Pear"},{"floor":12,"key":"Ancient Tea Set"},{"floor":21,"key":"WingedGreaves"},{"floor":21,"key":"Matryoshka"},{"floor":26,"key":"Whetstone"},{"floor":26,"key":"Smiling Mask"},{"floor":41,"key":"Mummified Hand"},{"floor":43,"key":"Juzu Bracelet"},{"floor":43,"key":"Bottled Tornado"},{"floor":46,"key":"Vajra"}],"event_choices":[{"damage_healed":0,"gold_gain":0,"player_choice":"Leave","damage_taken":0,"max_hp_gain":0,"max_hp_loss":0,"event_name":"The Cleric","floor":2,"gold_loss":0},{"damage_healed":0,"gold_gain":0,"player_choice":"Entered Light","damage_taken":14,"max_hp_gain":0,"max_hp_loss":0,"event_name":"Shining Light","floor":8,"gold_loss":0,"cards_upgraded":["Defend_B","Dualcast"]},{"damage_healed":0,"gold_gain":0,"cards_transformed":["Strike_B"],"player_choice":"Change","damage_taken":0,"max_hp_gain":0,"max_hp_loss":0,"event_name":"Living Wall","floor":11,"gold_loss":0,"cards_obtained":["Hyperbeam"]},{"damage_healed":0,"gold_gain":0,"player_choice":"Fight","damage_taken":0,"max_hp_gain":0,"max_hp_loss":0,"event_name":"Colosseum","floor":21,"gold_loss":0},{"damage_healed":0,"gold_gain":0,"player_choice":"Fought Nobs","damage_taken":0,"max_hp_gain":0,"max_hp_loss":0,"event_name":"Colosseum","floor":21,"gold_loss":0},{"damage_healed":0,"gold_gain":0,"player_choice":"Opened","damage_taken":0,"relics_obtained":["Kunai"],"max_hp_gain":0,"max_hp_loss":0,"event_name":"The Mausoleum","floor":22,"gold_loss":0,"cards_obtained":["Writhe"]},{"cards_removed":["Strike_B"],"damage_healed":0,"gold_gain":0,"player_choice":"Elegance","damage_taken":0,"max_hp_gain":0,"max_hp_loss":0,"event_name":"Back to Basics","floor":24,"gold_loss":0},{"damage_healed":0,"gold_gain":0,"player_choice":"Paid Fearfully","damage_taken":0,"max_hp_gain":0,"max_hp_loss":0,"event_name":"Masked Bandits","floor":25,"gold_loss":219},{"damage_healed":1,"gold_gain":0,"player_choice":"Full Heal","damage_taken":0,"max_hp_gain":0,"max_hp_loss":0,"event_name":"Wheel of Change","floor":42,"gold_loss":0},{"damage_healed":0,"gold_gain":0,"player_choice":"Memory 1","damage_taken":0,"max_hp_gain":0,"max_hp_loss":0,"event_name":"SensoryStone","floor":47,"gold_loss":0},{"damage_healed":21,"gold_gain":0,"player_choice":"Writhe","damage_taken":0,"max_hp_gain":0,"max_hp_loss":0,"event_name":"Winding Halls","floor":48,"gold_loss":0,"cards_obtained":["Writhe"]}],"is_beta":false,"boss_relics":[{"not_picked":["Nuclear Battery","Busted Crown"],"picked":"Sozu"},{"not_picked":["Coffee Dripper","FrozenCore"],"picked":"Tiny House"}],"items_purged_floors":[],"is_endless":false,"potions_floor_spawned":[3,7,13,16,21,21,31,37,46],"ascension_level":3}