{"gold_per_floor":[117,137,16,16,16,16,16,26,26,36,53,63,63,77,77,172,172,185,195,0,12,24,24,55,55],"floor_reached":25,"playtime":867,"items_purged":[],"score":267,"play_id":"f1d20568-4895-45c0-93f1-f5f99e699055","local_time":"20190103013500","is_ascension_mode":false,"campfire_choices":[{"data":"Blade Dance","floor":13.0,"key":"SMITH"},{"data":"Neutralize","floor":15.0,"key":"SMITH"},{"floor":23.0,"key":"REST"}],"neow_cost":"NONE","seed_source_timestamp":29655344605948,"circlet_count":0,"master_deck":["Defend_G","Defend_G","Defend_G","Defend_G","Defend_G","Strike_G","Strike_G","Strike_G","Strike_G","Strike_G","Survivor","Neutralize+1","Blade Dance+1","Cloak And Dagger","Footwork","Backflip","Masterful Stab","Cloak And Dagger","Blade Dance+1","Masterful Stab","Acrobatics","Burst","Prepared+1","Choke","Flying Knee","Dash","Dagger Spray"],"special_seed":0,"relics":["WristBlade"],"potions_floor_usage":[25],"damage_taken":[{"damage":0.0,"enemies":"Small Slimes","floor":1.0,"turns":4.0},{"damage":1.0,"enemies":"Jaw Worm","floor":2.0,"turns":3.0},{"damage":0.0,"enemies":"Cultist","floor":8.0,"turns":3.0},{"damage":0.0,"enemies":"Looter","floor":10.0,"turns":2.0},{"damage":3.0,"enemies":"Large Slime","floor":11.0,"turns":3.0},{"damage":3.0,"enemies":"Red Slaver","floor":12.0,"turns":3.0},{"damage":0.0,"enemies":"2 Fungi Beasts","floor":14.0,"turns":3.0},{"damage":0.0,"enemies":"Slime Boss","floor":16.0,"turns":6.0},{"damage":13.0,"enemies":"2 Thieves","floor":18.0,"turns":4.0},{"damage":0.0,"enemies":"Chosen","floor":19.0,"turns":3.0},{"damage":16.0,"enemies":"Shelled Parasite and Fungi","floor":21.0,"turns":6.0},{"damage":18.0,"enemies":"Snake Plant","floor":22.0,"turns":4.0},{"damage":33.0,"enemies":"Gremlin Leader","floor":24.0,"turns":5.0},{"damage":11,"enemies":"Snecko","floor":25,"turns":3}],"seed_played":"8424549650921642303","potions_obtained":[{"floor":8.0,"key":"Energy Potion"},{"floor":10.0,"key":"LiquidBronze"},{"floor":12.0,"key":"GamblersBrew"},{"floor":16.0,"key":"Fire Potion"},{"floor":21.0,"key":"FearPotion"},{"floor":22.0,"key":"AttackPotion"},{"floor":24.0,"key":"Poison Potion"}],"is_trial":false,"path_per_floor":["M","M","$","?","$","?","$","M","T","M","M","M","R","M","R","B",null,"M","M","?","M","M","R","E","M"],"character_chosen":"THE_SILENT","items_purchased":["Footwork","Backflip"],"campfire_rested":1,"item_purchase_floors":[3,3],"current_hp_per_floor":[70,69,69,69,69,69,69,69,69,69,66,63,63,63,63,63,70,57,57,57,41,23,44,11,0],"gold":55,"neow_bonus":"BOSS_RELIC","is_prod":false,"is_daily":false,"chose_seed":false,"campfire_upgraded":2,"win_rate":0,"timestamp":1546472100,"path_taken":["M","M","$","?","$","?","?","M","T","M","M","M","R","?","R","BOSS","M","M","?","M","M","R","E","M"],"build_version":"2018-12-20","purchased_purges":0,"victory":false,"max_hp_per_floor":[70,70,70,70,70,70,70,70,70,70,70,70,70,70,70,70,70,70,70,70,70,70,70,70,70],"card_choices":[{"not_picked":["Quick Slash","Flying Knee"],"picked":"Blade Dance","floor":1.0},{"not_picked":["Sucker Punch","Predator"],"picked":"Cloak And Dagger","floor":2.0},{"not_picked":["Skewer","Bane"],"picked":"Masterful Stab","floor":8.0},{"not_picked":["Slice","Underhanded Strike"],"picked":"Cloak And Dagger","floor":10.0},{"not_picked":["Sucker Punch","Poisoned Stab"],"picked":"Blade Dance","floor":11.0},{"not_picked":["Unload","Poisoned Stab"],"picked":"Masterful Stab","floor":12.0},{"not_picked":["Dagger Spray","Finisher"],"picked":"Acrobatics","floor":14.0},{"not_picked":["Night Terror","Glass Knife"],"picked":"Burst","floor":16.0},{"not_picked":["Calculated Gamble","Deflect"],"picked":"Prepared+1","floor":18.0},{"not_picked":["Cloak And Dagger","Dodge and Roll"],"picked":"Choke","floor":19.0},{"not_picked":["Deadly Poison+1","Calculated Gamble"],"picked":"Flying Knee","floor":21.0},{"not_picked":["Dagger Spray","Outmaneuver"],"picked":"Dash","floor":22.0},{"not_picked":["Catalyst+1","Heel Hook"],"picked":"Dagger Spray","floor":24.0}],"player_experience":73400,"relics_obtained":[],"event_choices":[{"damage_healed":0.0,"max_hp_gain":0.0,"max_hp_loss":0.0,"gold_gain":0.0,"event_name":"The Cleric","player_choice":"Leave","floor":4.0,"gold_loss":0.0,"damage_taken":0.0},{"damage_healed":0.0,"max_hp_gain":0.0,"max_hp_loss":0.0,"gold_gain":0.0,"event_name":"Living Wall","player_choice":"Grow","floor":6.0,"gold_loss":0.0,"damage_taken":0.0,"cards_upgraded":["Blade Dance"]},{"damage_healed":0.0,"max_hp_gain":0.0,"max_hp_loss":0.0,"gold_gain":0.0,"event_name":"Masked Bandits","player_choice":"Paid Fearfully","floor":20.0,"gold_loss":195.0,"damage_taken":0.0}],"is_beta":false,"boss_relics":[{"not_picked":["Empty Cage","Busted Crown","Runic Pyramid"]}],"items_purged_floors":[],"is_endless":false,"potions_floor_spawned":[8,10,12,16,21,22,24],"killed_by":"Snecko","ascension_level":0}