{"gold_per_floor":[117,117,127,127,144,170,170,199,199,228,81,101,101,112,112,217,217,235,252,252,252,252,252,27,27,27,42,60,77,108,108,108,207,207,219,219,231,231,231,259,275,288,288,288,42,42,42,66,66,66],"floor_reached":51,"playtime":1780,"items_purged":["Pain"],"score":1146,"play_id":"049d9493-c5a5-44a3-84a3-0e4f5129ed21","local_time":"20190131214517","is_ascension_mode":true,"campfire_choices":[{"floor":7.0,"key":"REST"},{"data":"Corruption","floor":13.0,"key":"SMITH"},{"data":"Uppercut","floor":15.0,"key":"SMITH"},{"data":"Bash","floor":23.0,"key":"SMITH"},{"data":"Metallicize","floor":32.0,"key":"SMITH"},{"data":"Dark Embrace","floor":44,"key":"SMITH"},{"data":"Heavy Blade","floor":46,"key":"SMITH"},{"floor":49,"key":"REST"}],"neow_cost":"NONE","seed_source_timestamp":897434709630769,"circlet_count":0,"master_deck":["Strike_R","Strike_R","Strike_R","Strike_R","Strike_R","Defend_R","Defend_R+1","Defend_R+1","Defend_R+1","Bash+1","Perfected Strike","Inflame+1","Headbutt","Armaments+1","Impervious+1","Uppercut+1","Corruption+1","Spot Weakness+1","Limit Break+1","Dark Embrace+1","Pommel Strike+1","Heavy Blade+1","Writhe","Metallicize+1","Seeing Red+1","Double Tap+1","Warcry+1","Barricade+1","Fiend Fire","Decay","Regret"],"special_seed":0,"relics":["Burning Blood","NeowsBlessing","WarpedTongs","Toxic Egg 2","Thread and Needle","Gambling Chip","Boot","Cursed Key","Art of War","Nilry\u0027s Codex","Vajra","Blue Candle","Juzu Bracelet","Velvet Choker","War Paint","StoneCalendar","Ornamental Fan","Bronze Scales"],"potions_floor_usage":[50],"damage_taken":[{"damage":0.0,"enemies":"Cultist","floor":1.0,"turns":1.0},{"damage":2.0,"enemies":"2 Louse","floor":3.0,"turns":1.0},{"damage":0.0,"enemies":"Small Slimes","floor":5.0,"turns":1.0},{"damage":34.0,"enemies":"Gremlin Nob","floor":6.0,"turns":4.0},{"damage":23.0,"enemies":"Lagavulin","floor":8.0,"turns":5.0},{"damage":15.0,"enemies":"3 Sentries","floor":10.0,"turns":6.0},{"damage":0.0,"enemies":"Exordium Wildlife","floor":12.0,"turns":5.0},{"damage":8.0,"enemies":"Large Slime","floor":14.0,"turns":5.0},{"damage":14.0,"enemies":"The Guardian","floor":16.0,"turns":8.0},{"damage":0.0,"enemies":"2 Thieves","floor":18.0,"turns":4.0},{"damage":4.0,"enemies":"Shell Parasite","floor":19.0,"turns":3.0},{"damage":10.0,"enemies":"Snecko","floor":27.0,"turns":3.0},{"damage":4.0,"enemies":"Snake Plant","floor":28.0,"turns":3.0},{"damage":13.0,"enemies":"Centurion and Healer","floor":29.0,"turns":5.0},{"damage":9.0,"enemies":"Book of Stabbing","floor":30.0,"turns":3.0},{"damage":1.0,"enemies":"Collector","floor":33.0,"turns":8.0},{"damage":1.0,"enemies":"Orb Walker","floor":35.0,"turns":4.0},{"damage":11.0,"enemies":"3 Shapes","floor":37.0,"turns":5.0},{"damage":24.0,"enemies":"Reptomancer","floor":40.0,"turns":7.0},{"damage":8,"enemies":"Writhing Mass","floor":41,"turns":4},{"damage":11,"enemies":"Transient","floor":42,"turns":5},{"damage":40,"enemies":"Awakened One","floor":50,"turns":8}],"seed_played":"-816821738936854967","potions_obtained":[{"floor":3.0,"key":"SkillPotion"},{"floor":5.0,"key":"GamblersBrew"},{"floor":10.0,"key":"Energy Potion"},{"floor":14.0,"key":"BloodPotion"},{"floor":27.0,"key":"Energy Potion"},{"floor":42,"key":"Explosive Potion"}],"is_trial":false,"path_per_floor":["M","?","M","?","M","E","R","E","T","E","$","M","R","M","R","B",null,"M","M","?","?","?","R","$","?","T","M","M","M","E","?","R","B",null,"M","?","M","?","$","E","M","M","T","R","$","R","?","T","R","B",null],"character_chosen":"IRONCLAD","items_purchased":["Corruption","Seeing Red+1","Vajra","Ornamental Fan"],"campfire_rested":2,"item_purchase_floors":[11,24,24,45],"current_hp_per_floor":[78,78,80,64,70,42,66,49,49,40,40,46,46,44,44,36,69,75,77,77,77,61,61,61,53,53,57,59,52,49,49,49,54,74,79,79,74,74,74,56,54,49,49,49,49,49,49,49,73,39],"gold":66,"neow_bonus":"THREE_ENEMY_KILL","is_prod":false,"is_daily":false,"chose_seed":false,"campfire_upgraded":6,"win_rate":0,"timestamp":1548963917,"path_taken":["M","?","?","?","M","E","R","E","T","E","$","M","R","M","R","BOSS","M","M","?","?","?","R","$","?","T","M","?","M","E","?","R","BOSS","M","?","M","?","$","E","M","M","T","R","?","R","?","?","R","BOSS"],"build_version":"2019-01-23","purchased_purges":1,"victory":true,"max_hp_per_floor":[80,80,80,80,80,80,80,80,80,80,80,80,80,80,80,80,80,80,80,80,80,80,80,80,80,80,80,80,80,80,80,80,80,80,80,80,80,80,80,80,80,80,80,80,80,80,80,80,80,80],"card_choices":[{"not_picked":["Headbutt","Shrug It Off"],"picked":"Perfected Strike","floor":1.0},{"not_picked":["Sword Boomerang","Clothesline"],"picked":"Inflame","floor":3.0},{"not_picked":["Reckless Charge","Heavy Blade"],"picked":"Headbutt","floor":5.0},{"not_picked":["Warcry","Clothesline"],"picked":"Armaments","floor":6.0},{"not_picked":["Flex+1","Carnage"],"picked":"Impervious+1","floor":8.0},{"not_picked":["Anger","Sword Boomerang"],"picked":"Uppercut","floor":10.0},{"not_picked":["Sword Boomerang","Headbutt"],"picked":"Spot Weakness+1","floor":12.0},{"not_picked":["Sword Boomerang","Clash"],"picked":"Limit Break+1","floor":14.0},{"not_picked":["Impervious+1","Bludgeon"],"picked":"Dark Embrace","floor":16.0},{"not_picked":["Fire Breathing+1","Iron Wave"],"picked":"Pommel Strike+1","floor":18.0},{"not_picked":["Warcry+1","Headbutt+1"],"picked":"Heavy Blade","floor":19.0},{"not_picked":["Wild Strike","Anger","Heavy Blade"],"picked":"SKIP","floor":27.0},{"not_picked":["Clothesline+1","Pommel Strike+1"],"picked":"Double Tap+1","floor":28.0},{"not_picked":["Thunderclap","Armaments+1"],"picked":"Warcry+1","floor":29.0},{"not_picked":["Seeing Red+1","Flex+1"],"picked":"Barricade","floor":30.0},{"not_picked":["Berserk","Dark Embrace"],"picked":"Fiend Fire","floor":33.0},{"not_picked":["Anger+1","Infernal Blade+1","Uppercut+1"],"picked":"SKIP","floor":35.0},{"not_picked":["Thunderclap","Cleave+1","Flex+1"],"picked":"SKIP","floor":37.0},{"not_picked":["Warcry+1","Clash","Clothesline+1"],"picked":"SKIP","floor":40.0},{"not_picked":["Warcry+1","Clash","Clothesline+1"],"picked":"SKIP","floor":40.0},{"not_picked":["Ghostly Armor+1","Anger+1","Burning Pact+1"],"picked":"SKIP","floor":41},{"not_picked":["Clothesline+1","Fire Breathing","Dual Wield+1"],"picked":"SKIP","floor":42}],"player_experience":156534,"relics_obtained":[{"floor":6.0,"key":"Toxic Egg 2"},{"floor":8.0,"key":"Thread and Needle"},{"floor":9.0,"key":"Gambling Chip"},{"floor":10.0,"key":"Boot"},{"floor":22.0,"key":"Nilry\u0027s Codex"},{"floor":26.0,"key":"Blue Candle"},{"floor":30.0,"key":"Juzu Bracelet"},{"floor":40.0,"key":"War Paint"},{"floor":43,"key":"StoneCalendar"},{"floor":48,"key":"Bronze Scales"}],"event_choices":[{"damage_healed":0.0,"max_hp_gain":0.0,"max_hp_loss":0.0,"gold_gain":0.0,"event_name":"Accursed Blacksmith","player_choice":"Rummage","floor":2.0,"gold_loss":0.0,"damage_taken":0.0,"relics_obtained":["WarpedTongs"],"cards_obtained":["Pain"]},{"damage_healed":0.0,"max_hp_gain":0.0,"max_hp_loss":0.0,"gold_gain":0.0,"event_name":"Shining Light","player_choice":"Entered Light","floor":4.0,"gold_loss":0.0,"damage_taken":16.0,"cards_upgraded":["Inflame","Defend_R"]},{"damage_healed":0.0,"max_hp_gain":0.0,"max_hp_loss":0.0,"gold_gain":0.0,"event_name":"The Mausoleum","player_choice":"Opened","floor":20.0,"gold_loss":0.0,"damage_taken":0.0,"relics_obtained":["Art of War"],"cards_obtained":["Writhe"]},{"damage_healed":0.0,"max_hp_gain":0.0,"max_hp_loss":0.0,"gold_gain":0.0,"event_name":"The Library","player_choice":"Read","floor":21.0,"gold_loss":0.0,"damage_taken":0.0,"cards_obtained":["Metallicize"]},{"damage_healed":0.0,"max_hp_gain":0.0,"max_hp_loss":0.0,"gold_gain":0.0,"event_name":"Cursed Tome","player_choice":"Obtained Book","floor":22.0,"gold_loss":0.0,"damage_taken":16.0},{"damage_healed":0.0,"max_hp_gain":0.0,"max_hp_loss":0.0,"gold_gain":0.0,"event_name":"Knowing Skull","player_choice":"","floor":25.0,"potions_obtained":[],"gold_loss":0.0,"damage_taken":8.0,"cards_obtained":[]},{"damage_healed":0.0,"max_hp_gain":0.0,"max_hp_loss":0.0,"gold_gain":0.0,"event_name":"Upgrade Shrine","player_choice":"Upgraded","floor":31.0,"gold_loss":0.0,"damage_taken":0.0,"cards_upgraded":["Barricade"]},{"damage_healed":0.0,"max_hp_gain":0.0,"max_hp_loss":0.0,"gold_gain":0.0,"event_name":"Tomb of Lord Red Mask","player_choice":"Ignored","floor":36.0,"gold_loss":0.0,"damage_taken":0.0},{"cards_removed":["Shame"],"damage_healed":0.0,"max_hp_gain":0.0,"max_hp_loss":0.0,"gold_gain":0.0,"event_name":"Purifier","player_choice":"Purged","floor":38.0,"gold_loss":0.0,"damage_taken":0.0},{"damage_healed":0,"gold_gain":0,"player_choice":"Ignored","damage_taken":0,"max_hp_gain":0,"max_hp_loss":0,"event_name":"SecretPortal","floor":47,"gold_loss":0}],"is_beta":false,"boss_relics":[{"not_picked":["White Beast Statue","Mark of Pain"],"picked":"Cursed Key"},{"not_picked":["Runic Dome","Pandora\u0027s Box"],"picked":"Velvet Choker"}],"items_purged_floors":[11],"is_endless":false,"potions_floor_spawned":[3,5,10,14,27,33,42],"ascension_level":7}