{"gold_per_floor":[119,47,58,76,76,119,119,163,163,163,241,257,300,1,1,127,127,140,40,58,102,102,102,123,123,171,212,225,150,65,65,65,185,185,201,201,215,215,179,179,54,54,77,77,92,113,23,46,46,46],"floor_reached":51,"playtime":6048,"items_purged":["Strike_B","Strike_B","Strike_B+1"],"score":797,"play_id":"cd8539db-f917-4d75-a75b-f53968b21a51","local_time":"20190224214056","is_ascension_mode":true,"campfire_choices":[{"floor":7,"key":"REST"},{"floor":15,"key":"REST"},{"data":"Defragment","floor":23,"key":"SMITH"},{"floor":25,"key":"REST"},{"data":"Dualcast","floor":32,"key":"SMITH"},{"data":"Blind","floor":40,"key":"SMITH"},{"data":"White Noise","floor":42,"key":"SMITH"},{"floor":49,"key":"REST"}],"neow_cost":"NONE","seed_source_timestamp":16173681192194,"circlet_count":0,"master_deck":["Defend_B+1","Defend_B+1","Defend_B+1","Zap+1","Dualcast+1","Capacitor+1","Go for the Eyes+1","Hologram+1","Cold Snap+1","Consume+1","Darkness+1","Double Energy+1","Defragment+1","Gash+1","Cold Snap+1","Undo+1","Seek+1","Gash+1","Gash+1","Hologram+1","Capacitor+1","Ball Lightning+1","Electrodynamics+1","Gash+1","Hologram+1","Blind+1","White Noise+1","Hologram+1","Reinforced Body+1"],"relics":["FrozenCore","Golden Idol","Bottled Flame","Pear","Letter Opener","Sundial","PreservedInsect","Incense Burner","Regal Pillow","Red Mask","Bronze Scales","Happy Flower","Ancient Tea Set","Runic Dome","Mark of the Bloom","War Paint"],"potions_floor_usage":[6,11,13,13,16,45,48,50,50,50],"damage_taken":[{"damage":1,"enemies":"Cultist","floor":1,"turns":4},{"damage":9,"enemies":"Jaw Worm","floor":3,"turns":2},{"damage":0,"enemies":"2 Louse","floor":4,"turns":2},{"damage":26,"enemies":"Lagavulin","floor":6,"turns":6},{"damage":16,"enemies":"Gremlin Nob","floor":8,"turns":5},{"damage":12,"enemies":"Gremlin Nob","floor":11,"turns":4},{"damage":6,"enemies":"Looter","floor":12,"turns":4},{"damage":13,"enemies":"Lagavulin","floor":13,"turns":5},{"damage":9,"enemies":"Hexaghost","floor":16,"turns":10},{"damage":0,"enemies":"Shell Parasite","floor":18,"turns":7},{"damage":17,"enemies":"2 Thieves","floor":20,"turns":5},{"damage":37,"enemies":"Masked Bandits","floor":21,"turns":5},{"damage":26,"enemies":"Cultist and Chosen","floor":24,"turns":10},{"damage":0,"enemies":"Book of Stabbing","floor":27,"turns":6},{"damage":0,"enemies":"Sentry and Sphere","floor":28,"turns":10},{"damage":6,"enemies":"Champ","floor":33,"turns":12},{"damage":0,"enemies":"3 Shapes","floor":35,"turns":2},{"damage":0,"enemies":"3 Darklings","floor":37,"turns":2},{"damage":0,"enemies":"Sphere and 2 Shapes","floor":45,"turns":1},{"damage":0,"enemies":"Spire Growth","floor":46,"turns":5},{"damage":0,"enemies":"3 Darklings","floor":48,"turns":5},{"damage":22,"enemies":"Time Eater","floor":50,"turns":10}],"seed_played":"6235824757931529324","potions_obtained":[{"floor":3,"key":"Weak Potion"},{"floor":8,"key":"Dexterity Potion"},{"floor":11,"key":"SpeedPotion"},{"floor":12,"key":"FearPotion"},{"floor":18,"key":"Ancient Potion"},{"floor":24,"key":"Poison Potion"},{"floor":37,"key":"Swift Potion"},{"floor":45,"key":"PowerPotion"},{"floor":46,"key":"EssenceOfSteel"},{"floor":48,"key":"Block Potion"}],"is_trial":false,"path_per_floor":["M","$","M","M","?","E","R","E","T","T","?","M","E","$","R","B",null,"M","$","M","?","?","R","M","R","T","E","M","?","?","$","R","B",null,"M","?","M","?","$","R","$","R","T","$","M","M","?","M","R","B",null],"character_chosen":"DEFECT","items_purchased":["Hologram","Cold Snap","Regal Pillow","FocusPotion","White Noise"],"campfire_rested":4,"item_purchase_floors":[2,2,14,14,39],"current_hp_per_floor":[74,74,65,65,47,21,43,37,37,37,25,19,6,6,46,37,85,85,85,68,31,59,59,33,73,73,73,73,73,73,73,73,67,85,85,85,85,85,85,85,85,85,85,85,85,85,85,85,85,63],"gold":46,"neow_bonus":"THREE_CARDS","is_prod":false,"is_daily":false,"chose_seed":false,"campfire_upgraded":4,"win_rate":0,"timestamp":1551040856,"path_taken":["M","$","M","M","?","E","R","E","T","?","?","M","E","$","R","BOSS","M","$","M","?","?","R","M","R","T","E","?","?","?","?","R","BOSS","M","?","M","?","$","R","$","R","T","?","?","M","?","?","R","BOSS"],"build_version":"2019-02-06","purchased_purges":3,"victory":true,"max_hp_per_floor":[75,75,75,75,75,75,75,85,85,85,85,85,85,85,85,85,85,85,85,85,85,85,85,85,85,85,85,85,85,85,85,85,85,85,85,85,85,85,85,85,85,85,85,85,85,85,85,85,85,85],"card_choices":[{"not_picked":["Barrage","Streamline"],"picked":"Capacitor","floor":0},{"not_picked":["Leap","Scrape"],"picked":"Go for the Eyes","floor":1},{"not_picked":["Leap","Stack"],"picked":"Consume","floor":3},{"not_picked":["Gash","Steam Power"],"picked":"Darkness","floor":4},{"not_picked":["Redo","Heatsinks"],"picked":"Double Energy","floor":6},{"not_picked":["Electrodynamics","Leap"],"picked":"Defragment","floor":8},{"not_picked":["Rebound","Streamline"],"picked":"Gash","floor":11},{"not_picked":["Barrage","Skim"],"picked":"Cold Snap","floor":12},{"not_picked":["Amplify","Redo"],"picked":"Undo","floor":13},{"not_picked":["Hyperbeam","Biased Cognition"],"picked":"Seek","floor":16},{"not_picked":["Stack","Darkness+1"],"picked":"Gash+1","floor":18},{"not_picked":["Conserve Battery","Stack"],"picked":"Gash+1","floor":20},{"not_picked":["Ball Lightning","Auto Shields"],"picked":"Hologram","floor":21},{"not_picked":["Heatsinks+1","Coolheaded","Compile Driver"],"picked":"SKIP","floor":24},{"not_picked":["Reboot","Double Energy"],"picked":"Capacitor","floor":27},{"not_picked":["Cold Snap","Steam Power"],"picked":"Ball Lightning+1","floor":28},{"not_picked":["All For One","Meteor Strike"],"picked":"Electrodynamics","floor":33},{"not_picked":["Rebound","Sweeping Beam+1"],"picked":"Gash+1","floor":35},{"not_picked":["Compile Driver","Leap"],"picked":"Hologram+1","floor":37},{"not_picked":["Metamorphosis","Madness"],"picked":"Blind","floor":38},{"not_picked":["Darkness","Barrage"],"picked":"Hologram+1","floor":45},{"not_picked":["Loop","Skim"],"picked":"Reinforced Body","floor":46},{"not_picked":["Turbo+1","Cold Snap","Streamline+1"],"picked":"SKIP","floor":48}],"player_experience":15497,"relics_obtained":[{"floor":6,"key":"Bottled Flame"},{"floor":8,"key":"Pear"},{"floor":9,"key":"Letter Opener"},{"floor":10,"key":"Sundial"},{"floor":11,"key":"PreservedInsect"},{"floor":13,"key":"Incense Burner"},{"floor":21,"key":"Red Mask"},{"floor":26,"key":"Bronze Scales"},{"floor":27,"key":"Happy Flower"},{"floor":43,"key":"War Paint"}],"event_choices":[{"damage_healed":0,"gold_gain":0,"player_choice":"Take Damage","damage_taken":18,"relics_obtained":["Golden Idol"],"max_hp_gain":0,"max_hp_loss":0,"event_name":"Golden Idol","floor":5,"gold_loss":0},{"damage_healed":0,"gold_gain":0,"player_choice":"Searched \u00272\u0027 times","damage_taken":0,"max_hp_gain":0,"max_hp_loss":0,"event_name":"Dead Adventurer","floor":11,"gold_loss":0},{"damage_healed":0,"gold_gain":0,"player_choice":"Fought Bandits","damage_taken":0,"max_hp_gain":0,"max_hp_loss":0,"event_name":"Masked Bandits","floor":21,"gold_loss":0},{"damage_healed":28,"gold_gain":0,"player_choice":"Heal","damage_taken":0,"max_hp_gain":0,"max_hp_loss":0,"event_name":"The Library","floor":22,"gold_loss":0},{"cards_removed":["Strike_B"],"damage_healed":0,"gold_gain":0,"player_choice":"Gave Gold","damage_taken":0,"max_hp_gain":0,"max_hp_loss":0,"event_name":"Beggar","floor":29,"gold_loss":75},{"damage_healed":0,"gold_gain":0,"player_choice":"Obtained Relic","damage_taken":0,"relics_obtained":["Ancient Tea Set"],"max_hp_gain":0,"max_hp_loss":0,"event_name":"Addict","floor":30,"gold_loss":85},{"damage_healed":0,"gold_gain":0,"player_choice":"Upgrade","damage_taken":0,"relics_obtained":["Mark of the Bloom"],"max_hp_gain":0,"max_hp_loss":0,"event_name":"MindBloom","floor":36,"gold_loss":0,"cards_upgraded":["Strike_B","Defend_B","Defend_B","Defend_B","Defend_B","Zap","Capacitor","Go for the Eyes","Hologram","Cold Snap","Consume","Darkness","Double Energy","Gash","Cold Snap","Undo","Seek","Hologram","Capacitor","Electrodynamics"]},{"damage_healed":0,"gold_gain":0,"player_choice":"Memory 1","damage_taken":0,"max_hp_gain":0,"max_hp_loss":0,"event_name":"SensoryStone","floor":38,"gold_loss":0},{"cards_removed":["Defend_B"],"damage_healed":0,"gold_gain":0,"player_choice":"Upgrade and Remove","damage_taken":0,"max_hp_gain":0,"max_hp_loss":0,"event_name":"Designer","floor":47,"gold_loss":90,"cards_upgraded":["Reinforced Body"]}],"is_beta":true,"boss_relics":[{"not_picked":["Snecko Eye","Runic Pyramid"],"picked":"FrozenCore"},{"not_picked":["Nuclear Battery","Black Star"],"picked":"Runic Dome"}],"items_purged_floors":[14,19,41],"is_endless":false,"potions_floor_spawned":[3,8,11,12,18,24,37,45,46,48],"ascension_level":2}