{"gold_per_floor":[18,30,46,46,63,63,73,108,133,145,186,6,6,20,20,116,116,133,13,13,13,13,43,43,43,97,97,111,111,121,141,141,141],"floor_reached":33,"playtime":5707,"items_purged":["Strike_R"],"score":275,"play_id":"91e2d9b6-16f0-4c18-8eca-2ce832c671e8","local_time":"20190225213346","is_ascension_mode":false,"campfire_choices":[{"data":"True Grit","floor":6.0,"key":"SMITH"},{"data":"Metallicize","floor":13.0,"key":"SMITH"},{"data":"Clothesline","floor":15.0,"key":"SMITH"},{"floor":25,"key":"REST"},{"data":"True Grit","floor":27,"key":"SMITH"},{"floor":32,"key":"REST"}],"neow_cost":"NO_GOLD","seed_source_timestamp":793505878224170,"circlet_count":0,"master_deck":["Strike_R","Strike_R+1","Strike_R","Strike_R","Defend_R","Defend_R","Defend_R","Defend_R","Bash+1","True Grit+1","Heavy Blade","Ghostly Armor","Flex","Clothesline+1","Metallicize+1","Dual Wield","Dropkick","Fiend Fire","Headbutt+1","Feel No Pain","True Grit+1","Double Tap","Decay","Reaper","Armaments","Shrug It Off"],"special_seed":0,"relics":["Burning Blood","Ginger","Anchor","MawBank","Whetstone","Mark of Pain","Centennial Puzzle","Oddly Smooth Stone"],"potions_floor_usage":[31,31,31,31,33,33,33],"damage_taken":[{"damage":0.0,"enemies":"Small Slimes","floor":1.0,"turns":3.0},{"damage":0.0,"enemies":"Cultist","floor":2.0,"turns":3.0},{"damage":3.0,"enemies":"Jaw Worm","floor":3.0,"turns":5.0},{"damage":7.0,"enemies":"Large Slime","floor":5.0,"turns":7.0},{"damage":1.0,"enemies":"Looter","floor":7.0,"turns":3.0},{"damage":13.0,"enemies":"Gremlin Nob","floor":8.0,"turns":4.0},{"damage":27.0,"enemies":"Lagavulin","floor":11.0,"turns":10.0},{"damage":0.0,"enemies":"Exordium Wildlife","floor":14.0,"turns":5.0},{"damage":34.0,"enemies":"The Guardian","floor":16.0,"turns":19.0},{"damage":18.0,"enemies":"Spheric Guardian","floor":18.0,"turns":6.0},{"damage":66,"enemies":"Slavers","floor":23,"turns":13},{"damage":10,"enemies":"3 Byrds","floor":28,"turns":6},{"damage":4,"enemies":"Centurion and Healer","floor":30,"turns":8},{"damage":54,"enemies":"3 Cultists","floor":31,"turns":8},{"damage":84,"enemies":"Automaton","floor":33,"turns":12}],"seed_played":"-1132321186917418517","potions_obtained":[{"floor":2.0,"key":"Energy Potion"},{"floor":5.0,"key":"SteroidPotion"},{"floor":11.0,"key":"Dexterity Potion"},{"floor":14.0,"key":"Weak Potion"},{"floor":16.0,"key":"SpeedPotion"},{"floor":23,"key":"SneckoOil"},{"floor":28,"key":"EntropicBrew"},{"floor":30,"key":"PowerPotion"},{"floor":31,"key":"FearPotion"}],"is_trial":false,"path_per_floor":["M","M","M","?","M","R","M","E","T","?","E","$","R","M","R","B",null,"M","$","?","$","?","E","?","R","T","R","M","?","M","M","R","B"],"character_chosen":"IRONCLAD","items_purchased":["Dual Wield","Dropkick","Feel No Pain","True Grit"],"campfire_rested":2,"item_purchase_floors":[12,12,19,19],"current_hp_per_floor":[80,80,80,80,79,79,80,73,73,78,57,57,57,63,63,35,85,73,73,73,73,73,13,13,38,38,38,34,62,71,34,59,0],"gold":141,"neow_bonus":"ONE_RARE_RELIC","is_prod":false,"is_daily":false,"chose_seed":false,"campfire_upgraded":4,"win_rate":0,"timestamp":1551098026,"path_taken":["M","M","M","?","M","R","?","E","T","?","E","$","R","M","R","BOSS","M","$","?","$","?","E","?","R","T","R","?","?","M","M","R","BOSS"],"build_version":"2019-01-23","purchased_purges":1,"victory":false,"max_hp_per_floor":[80,80,80,80,80,80,80,80,80,85,85,85,85,85,85,85,85,85,85,85,85,85,85,85,85,85,85,85,85,85,85,85,85],"card_choices":[{"not_picked":["Headbutt","Twin Strike"],"picked":"True Grit","floor":1.0},{"not_picked":["Sever Soul","Thunderclap"],"picked":"Heavy Blade","floor":2.0},{"not_picked":["Infernal Blade","Bloodletting"],"picked":"Ghostly Armor","floor":3.0},{"not_picked":["Wild Strike","Twin Strike"],"picked":"Flex","floor":5.0},{"not_picked":["Sword Boomerang","Cleave"],"picked":"Clothesline","floor":7.0},{"not_picked":["Ghostly Armor","Heavy Blade"],"picked":"Metallicize","floor":8.0},{"not_picked":["Sentinel","Reckless Charge","Pommel Strike"],"picked":"SKIP","floor":11.0},{"not_picked":["Fire Breathing","Carnage","Havoc"],"picked":"SKIP","floor":14.0},{"not_picked":["Berserk","Feed"],"picked":"Fiend Fire","floor":16.0},{"not_picked":["Sever Soul","Anger"],"picked":"Headbutt+1","floor":18.0},{"not_picked":["Shrug It Off","Clash"],"picked":"Double Tap","floor":23},{"not_picked":["Headbutt","Heavy Blade"],"picked":"Reaper","floor":28},{"not_picked":["Headbutt","Clothesline"],"picked":"Armaments","floor":30},{"not_picked":["Disarm","Sword Boomerang"],"picked":"Shrug It Off","floor":31}],"player_experience":421704,"relics_obtained":[{"floor":8.0,"key":"Anchor"},{"floor":9.0,"key":"MawBank"},{"floor":11.0,"key":"Whetstone"},{"floor":23,"key":"Centennial Puzzle"},{"floor":26,"key":"Oddly Smooth Stone"}],"event_choices":[{"damage_healed":0.0,"max_hp_gain":0.0,"max_hp_loss":0.0,"gold_gain":0.0,"event_name":"Wheel of Change","player_choice":"Full Heal","floor":4.0,"gold_loss":0.0,"damage_taken":0.0},{"damage_healed":0.0,"max_hp_gain":5.0,"max_hp_loss":0.0,"gold_gain":0.0,"event_name":"Big Fish","player_choice":"Donut","floor":10.0,"gold_loss":0.0,"damage_taken":0.0},{"damage_healed":0.0,"max_hp_gain":0.0,"max_hp_loss":0.0,"gold_gain":0.0,"event_name":"Ghosts","player_choice":"Ignored","floor":20.0,"gold_loss":0.0,"damage_taken":0.0},{"damage_healed":0,"gold_gain":0,"player_choice":"Smashed Altar","damage_taken":0,"max_hp_gain":0,"max_hp_loss":0,"event_name":"Forgotten Altar","floor":24,"gold_loss":0,"cards_obtained":["Decay"]},{"damage_healed":28,"gold_gain":0,"player_choice":"Heal","damage_taken":0,"max_hp_gain":0,"max_hp_loss":0,"event_name":"The Library","floor":29,"gold_loss":0}],"is_beta":false,"boss_relics":[{"not_picked":["Cursed Key","Pandora\u0027s Box"],"picked":"Mark of Pain"}],"items_purged_floors":[12],"is_endless":false,"potions_floor_spawned":[2,5,11,14,16,23,28,30,31],"killed_by":"Automaton","ascension_level":0}