{"gold_per_floor":[111,123,123,136,61,80,80,30,30,47,47,61,61,61,61,61],"floor_reached":16,"playtime":796,"items_purged":["Strike_G"],"score":92,"play_id":"68fbb1bf-cb51-4122-b0b4-6290bb458c9d","local_time":"20190216021342","is_ascension_mode":false,"campfire_choices":[{"floor":7,"key":"RECALL"},{"data":"Finisher","floor":11,"key":"SMITH"},{"data":"Cloak And Dagger","floor":15,"key":"SMITH"}],"neow_cost":"NONE","seed_source_timestamp":915131921460936,"circlet_count":0,"master_deck":["Defend_G","Defend_G","Defend_G+1","Defend_G+1","Defend_G","Strike_G","Strike_G","Survivor","Neutralize","Backflip","Dodge and Roll","Finisher+1","Quick Slash","PiercingWail","Cloak And Dagger+1"],"relics":["Ring of the Snake","Toxic Egg 2"],"potions_floor_usage":[16],"damage_taken":[{"damage":4,"enemies":"Cultist","floor":1,"turns":5},{"damage":0,"enemies":"Jaw Worm","floor":2,"turns":5},{"damage":1,"enemies":"2 Louse","floor":4,"turns":4},{"damage":11,"enemies":"Large Slime","floor":6,"turns":17},{"damage":2,"enemies":"Looter","floor":10,"turns":4},{"damage":1,"enemies":"Blue Slaver","floor":12,"turns":6},{"damage":46,"enemies":"The Guardian","floor":16,"turns":21}],"seed_played":"-2065143509261557688","potions_obtained":[{"floor":12,"key":"Explosive Potion"}],"is_trial":false,"path_per_floor":["M","M","?","M","$","M","R","?","T","M","R","M","?","T","R","B"],"character_chosen":"THE_SILENT","items_purchased":[],"campfire_rested":0,"item_purchase_floors":[],"current_hp_per_floor":[73,73,73,72,72,61,61,61,61,59,59,58,43,43,43,0],"gold":61,"neow_bonus":"TEN_PERCENT_HP_BONUS","is_prod":false,"is_daily":false,"chose_seed":false,"campfire_upgraded":2,"win_rate":0,"timestamp":1550301222,"path_taken":["M","M","?","M","?","M","R","?","T","M","R","M","?","?","R","BOSS"],"build_version":"2019-01-23","purchased_purges":1,"victory":false,"max_hp_per_floor":[77,77,77,77,77,77,77,77,77,77,77,77,77,77,77,77],"card_choices":[{"not_picked":["Prepared","Dodge and Roll"],"picked":"Backflip","floor":1},{"not_picked":["Deflect","Blade Dance"],"picked":"Dodge and Roll","floor":2},{"not_picked":["Outmaneuver","Distraction"],"picked":"Finisher","floor":4},{"not_picked":["Bane","Acrobatics"],"picked":"Quick Slash","floor":6},{"not_picked":["Flying Knee","Eviscerate"],"picked":"PiercingWail","floor":10},{"not_picked":["Quick Slash","Infinite Blades"],"picked":"Cloak And Dagger","floor":12}],"player_experience":161538,"relics_obtained":[{"floor":14,"key":"Toxic Egg 2"}],"event_choices":[{"cards_removed":["Strike_G"],"damage_healed":0,"gold_gain":0,"player_choice":"Forget","damage_taken":0,"max_hp_gain":0,"max_hp_loss":0,"event_name":"Living Wall","floor":3,"gold_loss":0},{"cards_removed":["Strike_G"],"damage_healed":0,"gold_gain":0,"player_choice":"Card Removal","damage_taken":0,"max_hp_gain":0,"max_hp_loss":0,"event_name":"The Cleric","floor":8,"gold_loss":50},{"damage_healed":0,"gold_gain":0,"player_choice":"Entered Light","damage_taken":15,"max_hp_gain":0,"max_hp_loss":0,"event_name":"Shining Light","floor":13,"gold_loss":0,"cards_upgraded":["Defend_G","Defend_G"]}],"is_beta":false,"boss_relics":[],"items_purged_floors":[5],"is_endless":false,"potions_floor_spawned":[12],"killed_by":"The Guardian","ascension_level":0}