{"gold_per_floor":[111,61,75,89,89,89,89,100,100,435,454,225,250,267,267,368,368,385,412,687,698,181,181],"floor_reached":23,"playtime":2165,"items_purged":["Defend_B","Regret"],"score":236,"play_id":"b1133620-3e02-4487-a6c6-83cb41300840","local_time":"20190111041956","is_ascension_mode":true,"campfire_choices":[{"floor":6,"key":"RECALL"},{"floor":15,"key":"REST"}],"neow_cost":"NONE","seed_source_timestamp":140096603771525,"circlet_count":0,"master_deck":["Strike_B","Strike_B","Strike_B","Defend_B","Defend_B","Defend_B","Zap","Dualcast","Leap","Ball Lightning","Coolheaded+1","Redo","Defragment","Fusion+1","Sweeping Beam","Streamline","Echo Form","Conserve Battery+1","Compile Driver+1","Go for the Eyes"],"relics":["Cracked Core","Blue Candle","Pear","Old Coin","Lantern","Unceasing Top","Runic Pyramid","Red Mask","Matryoshka","War Paint"],"potions_floor_usage":[14,16,18,19,23,23],"damage_taken":[{"damage":0,"enemies":"Small Slimes","floor":1,"turns":3},{"damage":0,"enemies":"Jaw Worm","floor":3,"turns":3},{"damage":1,"enemies":"2 Louse","floor":4,"turns":3},{"damage":0,"enemies":"2 Fungi Beasts","floor":8,"turns":4},{"damage":25,"enemies":"3 Sentries","floor":10,"turns":6},{"damage":11,"enemies":"Lots of Slimes","floor":11,"turns":5},{"damage":17,"enemies":"Lagavulin","floor":13,"turns":7},{"damage":0,"enemies":"Looter","floor":14,"turns":2},{"damage":58,"enemies":"Hexaghost","floor":16,"turns":9},{"damage":26,"enemies":"2 Thieves","floor":18,"turns":4},{"damage":38,"enemies":"Masked Bandits","floor":19,"turns":5},{"damage":14,"enemies":"Shell Parasite","floor":21,"turns":5},{"damage":16,"enemies":"Slavers","floor":23,"turns":3}],"seed_played":"-3873662716225875113","potions_obtained":[{"floor":3,"key":"FearPotion"},{"floor":11,"key":"SteroidPotion"},{"floor":13,"key":"SpeedPotion"},{"floor":16,"key":"GamblersBrew"},{"floor":18,"key":"Energy Potion"},{"floor":21,"key":"PowerPotion"}],"is_trial":false,"path_per_floor":["M","?","M","M","?","R","T","M","T","E","M","$","E","M","R","B",null,"M","?","?","M","$","E"],"character_chosen":"DEFECT","items_purchased":["Lantern","Matryoshka","War Paint"],"campfire_rested":1,"item_purchase_floors":[12,22,22],"current_hp_per_floor":[75,75,75,74,79,79,79,79,89,64,53,53,36,36,63,5,90,64,26,26,12,12,0],"gold":181,"neow_bonus":"THREE_CARDS","is_prod":false,"is_daily":false,"chose_seed":false,"campfire_upgraded":0,"win_rate":0,"timestamp":1547209196,"path_taken":["M","?","M","M","?","R","?","M","T","E","M","$","E","M","R","BOSS","M","?","?","?","$","E"],"build_version":"2019-01-10","purchased_purges":2,"victory":false,"max_hp_per_floor":[75,75,75,75,80,80,80,80,90,90,90,90,90,90,90,90,90,90,90,90,90,90,90],"card_choices":[{"not_picked":["Chill","Compile Driver"],"picked":"Leap","floor":0},{"not_picked":["Leap","Stack"],"picked":"Ball Lightning","floor":1},{"not_picked":["Skim","Blizzard"],"picked":"Coolheaded","floor":3},{"not_picked":["Doom and Gloom","Leap"],"picked":"Redo","floor":4},{"not_picked":["Skim","Hologram"],"picked":"Defragment","floor":8},{"not_picked":["Thunder Strike","Storm","Barrage"],"picked":"SKIP","floor":10},{"not_picked":["Gash","BootSequence"],"picked":"Fusion","floor":11},{"not_picked":["Leap","Hologram"],"picked":"Sweeping Beam","floor":13},{"not_picked":["Multi-Cast","Reinforced Body"],"picked":"Streamline","floor":14},{"not_picked":["Biased Cognition","Fission"],"picked":"Echo Form","floor":16},{"not_picked":["Stack","Leap"],"picked":"Conserve Battery+1","floor":18},{"not_picked":["Redo","Aggregate"],"picked":"Compile Driver+1","floor":19},{"not_picked":["Storm","Steam"],"picked":"Go for the Eyes","floor":21}],"player_experience":120442,"relics_obtained":[{"floor":7,"key":"Blue Candle"},{"floor":9,"key":"Pear"},{"floor":10,"key":"Old Coin"},{"floor":13,"key":"Unceasing Top"},{"floor":19,"key":"Red Mask"}],"event_choices":[{"cards_removed":["Strike_B"],"damage_healed":0,"gold_gain":0,"player_choice":"Card Removal","damage_taken":0,"max_hp_gain":0,"max_hp_loss":0,"event_name":"The Cleric","floor":2,"gold_loss":50},{"damage_healed":0,"gold_gain":0,"player_choice":"Donut","damage_taken":0,"max_hp_gain":5,"max_hp_loss":0,"event_name":"Big Fish","floor":5,"gold_loss":0},{"damage_healed":0,"gold_gain":0,"player_choice":"Fought Bandits","damage_taken":0,"max_hp_gain":0,"max_hp_loss":0,"event_name":"Masked Bandits","floor":19,"gold_loss":0},{"damage_healed":0,"gold_gain":275,"player_choice":"Desecrate","damage_taken":0,"max_hp_gain":0,"max_hp_loss":0,"event_name":"Golden Shrine","floor":20,"gold_loss":0,"cards_obtained":["Regret"]}],"is_beta":false,"boss_relics":[{"not_picked":["Empty Cage","Snecko Eye"],"picked":"Runic Pyramid"}],"items_purged_floors":[12,22],"is_endless":false,"potions_floor_spawned":[3,11,13,16,18,21],"killed_by":"Slavers","ascension_level":1}