{"gold_per_floor":[116,135,135,151,151,106,106,119,142,142,160,184,215,235,235,363,363,376,367,380,380,7,7,43,43,43,58,76,76,76,95,95,216,216,240,256,118,139,139],"floor_reached":39,"playtime":4092,"items_purged":["Regret","Strike_G"],"score":407,"play_id":"0660de59-5d8d-487e-a64c-9d05a2219321","local_time":"20190212184307","is_ascension_mode":false,"campfire_choices":[{"data":"Footwork","floor":7,"key":"SMITH"},{"floor":10,"key":"REST"},{"floor":15,"key":"RECALL"},{"data":"Well Laid Plans","floor":23,"key":"SMITH"},{"floor":25,"key":"REST"},{"data":"Caltrops","floor":32,"key":"SMITH"}],"neow_cost":"NONE","seed_source_timestamp":625586525755704,"circlet_count":0,"master_deck":["Defend_G","Defend_G+1","Defend_G","Defend_G","Defend_G","Strike_G","Strike_G","Strike_G","Strike_G","Survivor","Neutralize","Cloak And Dagger","Footwork+1","Well Laid Plans+1","Escape Plan+1","Terror","Sucker Punch","Backflip","Burst","Quick Slash","Blur","Crippling Poison+1","Die Die Die","Caltrops+1","Dodge and Roll","PiercingWail+1","Writhe","Blur+1","A Thousand Cuts","Catalyst+1","Noxious Fumes","Caltrops"],"relics":["Cursed Key","Golden Idol","Omamori","Incense Burner","Velvet Choker","GremlinMask","Bronze Scales","War Paint","Dream Catcher","Gremlin Horn","Philosopher\u0027s Stone"],"potions_floor_usage":[13,13,14,16,33,36],"damage_taken":[{"damage":0,"enemies":"2 Louse","floor":1,"turns":2},{"damage":0,"enemies":"Jaw Worm","floor":2,"turns":4},{"damage":0,"enemies":"Cultist","floor":4,"turns":4},{"damage":1,"enemies":"Looter","floor":6,"turns":5},{"damage":8,"enemies":"2 Fungi Beasts","floor":8,"turns":5},{"damage":3,"enemies":"Gremlin Gang","floor":11,"turns":7},{"damage":2,"enemies":"Blue Slaver","floor":12,"turns":4},{"damage":14,"enemies":"3 Sentries","floor":13,"turns":11},{"damage":6,"enemies":"3 Louse","floor":14,"turns":2},{"damage":11,"enemies":"The Guardian","floor":16,"turns":13},{"damage":7,"enemies":"Shell Parasite","floor":18,"turns":8},{"damage":1,"enemies":"2 Thieves","floor":19,"turns":4},{"damage":8,"enemies":"Centurion and Healer","floor":20,"turns":14},{"damage":9,"enemies":"Slavers","floor":24,"turns":5},{"damage":5,"enemies":"Shelled Parasite and Fungi","floor":27,"turns":6},{"damage":0,"enemies":"Chosen and Byrds","floor":28,"turns":5},{"damage":3,"enemies":"Sentry and Sphere","floor":31,"turns":7},{"damage":9,"enemies":"Champ","floor":33,"turns":20},{"damage":0,"enemies":"3 Shapes","floor":35,"turns":3},{"damage":8,"enemies":"3 Darklings","floor":36,"turns":4},{"damage":7,"enemies":"Spire Growth","floor":38,"turns":5},{"damage":59,"enemies":"Transient","floor":39,"turns":5}],"seed_played":"5344225531756387715","potions_obtained":[{"floor":8,"key":"Swift Potion"},{"floor":11,"key":"Swift Potion"},{"floor":12,"key":"PowerPotion"},{"floor":13,"key":"Explosive Potion"},{"floor":19,"key":"Dexterity Potion"},{"floor":24,"key":"PowerPotion"},{"floor":28,"key":"Block Potion"},{"floor":33,"key":"GamblersBrew"},{"floor":36,"key":"Energy Potion"}],"is_trial":false,"path_per_floor":["M","M","?","M","?","M","R","M","T","R","M","M","E","M","R","B",null,"M","M","M","?","$","R","E","R","T","M","M","?","?","M","R","B",null,"M","M","$","M","M"],"character_chosen":"THE_SILENT","items_purchased":["Bronze Scales","Die Die Die","Noxious Fumes"],"campfire_rested":2,"item_purchase_floors":[22,22,37],"current_hp_per_floor":[70,70,53,53,53,52,52,44,44,65,62,60,46,40,40,29,70,63,62,54,54,54,54,45,66,66,61,61,61,70,67,67,58,70,70,62,62,55,0],"gold":139,"neow_bonus":"BOSS_RELIC","is_prod":false,"is_daily":false,"chose_seed":false,"campfire_upgraded":3,"win_rate":0,"timestamp":1550014987,"path_taken":["M","M","?","M","?","M","R","M","T","R","M","M","E","M","R","BOSS","M","M","M","?","$","R","E","R","T","M","?","?","?","M","R","BOSS","M","M","$","?","M"],"build_version":"2019-01-23","purchased_purges":2,"victory":false,"max_hp_per_floor":[70,70,70,70,70,70,70,70,70,70,70,70,70,70,70,70,70,70,70,70,70,70,70,70,70,70,70,70,70,70,70,70,70,70,70,70,70,70,70],"card_choices":[{"not_picked":["Deflect","Blade Dance"],"picked":"Cloak And Dagger","floor":1},{"not_picked":["Bullet Time","Expertise"],"picked":"Footwork","floor":2},{"not_picked":["Reflex","PiercingWail"],"picked":"Well Laid Plans","floor":4},{"not_picked":["Predator","Deflect"],"picked":"Escape Plan","floor":6},{"not_picked":["Deflect","Flechettes"],"picked":"Terror","floor":8},{"not_picked":["Poisoned Stab","Choke","Deadly Poison"],"picked":"SKIP","floor":11},{"not_picked":["Eviscerate","Blade Dance"],"picked":"Sucker Punch","floor":12},{"not_picked":["Tactician","Deadly Poison","Slice"],"picked":"SKIP","floor":13},{"not_picked":["Dodge and Roll","PiercingWail"],"picked":"Backflip","floor":14},{"not_picked":["Night Terror","Tools of the Trade"],"picked":"Burst","floor":16},{"not_picked":["Deflect","Prepared"],"picked":"Quick Slash","floor":18},{"not_picked":["Slice","Dagger Throw"],"picked":"Blur","floor":19},{"not_picked":["Blade Dance","Concentrate"],"picked":"Crippling Poison+1","floor":20},{"not_picked":["Cloak And Dagger+1","Unload"],"picked":"Caltrops","floor":24},{"not_picked":["Eviscerate","Masterful Stab+1"],"picked":"Dodge and Roll","floor":27},{"not_picked":["Dodge and Roll+1","Dagger Throw"],"picked":"PiercingWail+1","floor":28},{"not_picked":["Acrobatics","Blade Dance"],"picked":"Blur+1","floor":31},{"not_picked":["Die Die Die","Unload"],"picked":"A Thousand Cuts","floor":33},{"not_picked":["Slice","Skewer"],"picked":"Catalyst+1","floor":35},{"not_picked":["Skewer","Prepared+1","Dodge and Roll+1"],"picked":"SKIP","floor":36},{"not_picked":["Acrobatics","Predator"],"picked":"Caltrops","floor":38}],"player_experience":144638,"relics_obtained":[{"floor":13,"key":"Incense Burner"},{"floor":24,"key":"War Paint"},{"floor":26,"key":"Dream Catcher"}],"event_choices":[{"damage_healed":0,"gold_gain":0,"player_choice":"Take Damage","damage_taken":17,"relics_obtained":["Golden Idol"],"max_hp_gain":0,"max_hp_loss":0,"event_name":"Golden Idol","floor":3,"gold_loss":0},{"damage_healed":0,"gold_gain":0,"player_choice":"Box","damage_taken":0,"relics_obtained":["Omamori"],"max_hp_gain":0,"max_hp_loss":0,"event_name":"Big Fish","floor":5,"gold_loss":0,"cards_obtained":["Regret"]},{"damage_healed":0,"gold_gain":0,"player_choice":"Trade","damage_taken":0,"relics_obtained":["GremlinMask"],"max_hp_gain":0,"max_hp_loss":0,"event_name":"FaceTrader","floor":21,"gold_loss":0},{"damage_healed":0,"gold_gain":0,"player_choice":"Opened","damage_taken":0,"relics_obtained":["Gremlin Horn"],"max_hp_gain":0,"max_hp_loss":0,"event_name":"The Mausoleum","floor":29,"gold_loss":0,"cards_obtained":["Writhe"]},{"damage_healed":9,"gold_gain":0,"player_choice":"Full Heal","damage_taken":0,"max_hp_gain":0,"max_hp_loss":0,"event_name":"Wheel of Change","floor":30,"gold_loss":0}],"is_beta":false,"boss_relics":[{"not_picked":["White Beast Statue","Snecko Eye"],"picked":"Velvet Choker"},{"not_picked":["Orrery","Black Star"],"picked":"Philosopher\u0027s Stone"}],"items_purged_floors":[22,37],"is_endless":false,"potions_floor_spawned":[8,11,12,13,19,24,28,33,36],"killed_by":"Transient","ascension_level":0}