{"gold_per_floor":[368,368,203,217,217,217,236,67,91,91,107,131,131,131,131,234,234,253,253,128,140,156,168,168,178,205,205,155,155,155,170,170,269,269,289,305,305,305,206,206,219,219,300,314,349,129,143,154,154,154],"floor_reached":51,"playtime":1077,"items_purged":["Strike_R","Strike_R","Strike_R","Strike_R","Defend_R","Defend_R"],"score":717,"play_id":"3b8325ba-0c2d-4dfd-8e2b-faf629b19200","local_time":"20190219213729","is_ascension_mode":false,"campfire_choices":[{"data":"Inflame","floor":6.0,"key":"SMITH"},{"data":"Uppercut","floor":10.0,"key":"SMITH"},{"data":"Heavy Blade","floor":13.0,"key":"SMITH"},{"data":"Flex","floor":15.0,"key":"SMITH"},{"data":"Double Tap","floor":27.0,"key":"SMITH"},{"data":"Uppercut","floor":30.0,"key":"SMITH"},{"data":"Spot Weakness","floor":32.0,"key":"SMITH"},{"data":"Limit Break","floor":40.0,"key":"SMITH"},{"data":"Limit Break","floor":42.0,"key":"SMITH"},{"data":"Pummel","floor":49,"key":"SMITH"}],"neow_cost":"TEN_PERCENT_HP_LOSS","seed_source_timestamp":14504036724712,"circlet_count":0,"master_deck":["Defend_R","Bash+1","Headbutt","Inflame+1","Heavy Blade+1","Flex+1","Uppercut+1","Double Tap+1","Feed","Uppercut+1","Heavy Blade+1","Spot Weakness+1","Limit Break+1","Limit Break+1","Pummel+1","Metallicize+1"],"special_seed":0,"relics":["Burning Blood","Bronze Scales","Odd Mushroom","Coffee Dripper","MutagenicStrength","Smiling Mask","Busted Crown","Paper Frog"],"potions_floor_usage":[48,50,50,50],"damage_taken":[{"damage":5.0,"enemies":"Small Slimes","floor":1.0,"turns":3.0},{"damage":3.0,"enemies":"Jaw Worm","floor":4.0,"turns":4.0},{"damage":0.0,"enemies":"2 Louse","floor":7.0,"turns":2.0},{"damage":12.0,"enemies":"Exordium Thugs","floor":11.0,"turns":4.0},{"damage":18.0,"enemies":"The Mushroom Lair","floor":12.0,"turns":3.0},{"damage":30.0,"enemies":"Slime Boss","floor":16.0,"turns":11.0},{"damage":10.0,"enemies":"2 Thieves","floor":18.0,"turns":2.0},{"damage":0.0,"enemies":"Chosen","floor":21.0,"turns":3.0},{"damage":18.0,"enemies":"Snake Plant","floor":22.0,"turns":3.0},{"damage":10.0,"enemies":"Cultist and Chosen","floor":23.0,"turns":3.0},{"damage":11.0,"enemies":"Snecko","floor":25.0,"turns":2.0},{"damage":16.0,"enemies":"Snake Plant","floor":31.0,"turns":2.0},{"damage":13.0,"enemies":"Automaton","floor":33.0,"turns":5.0},{"damage":6.0,"enemies":"3 Darklings","floor":35.0,"turns":3.0},{"damage":4.0,"enemies":"3 Shapes","floor":36.0,"turns":4.0},{"damage":0.0,"enemies":"Maw","floor":41.0,"turns":4.0},{"damage":0.0,"enemies":"Transient","floor":44.0,"turns":4.0},{"damage":9.0,"enemies":"Giant Head","floor":45.0,"turns":3.0},{"damage":12,"enemies":"Jaw Worm Horde","floor":47,"turns":3},{"damage":9,"enemies":"3 Darklings","floor":48,"turns":5},{"damage":19,"enemies":"Donu and Deca","floor":50,"turns":4}],"seed_played":"-3186946464905278266","potions_obtained":[{"floor":12.0,"key":"Ancient Potion"},{"floor":16.0,"key":"Fire Potion"},{"floor":22.0,"key":"SkillPotion"},{"floor":31.0,"key":"Dexterity Potion"},{"floor":35.0,"key":"Poison Potion"},{"floor":48,"key":"Swift Potion"}],"is_trial":false,"path_per_floor":["M","?","$","M","?","R","M","$","T","R","M","?","R","?","R","B",null,"M","?","$","M","M","M","?","M","T","R","$","?","R","M","R","B",null,"M","M","?","?","$","R","M","R","T","M","E","$","M","M","R","B",null],"character_chosen":"IRONCLAD","items_purchased":["Inflame","Heavy Blade","Uppercut","SteroidPotion","Dexterity Potion","SteroidPotion","Pummel"],"campfire_rested":0,"item_purchase_floors":[3,3,8,39,46,46,46],"current_hp_per_floor":[72,72,72,72,77,77,77,77,77,77,71,59,59,52,52,28,77,73,73,73,80,68,67,67,62,62,62,62,62,62,52,52,45,83,86,89,89,89,89,89,89,89,89,89,86,86,83,83,83,73],"gold":154,"neow_bonus":"TWO_FIFTY_GOLD","is_prod":false,"is_daily":false,"chose_seed":false,"campfire_upgraded":10,"win_rate":0,"timestamp":1550633849,"path_taken":["M","?","$","M","?","R","M","$","T","R","M","?","R","?","R","BOSS","M","?","?","M","?","M","?","M","T","R","$","?","R","M","R","BOSS","M","M","?","?","$","R","?","R","T","M","E","$","M","M","R","BOSS"],"build_version":"2019-01-23","purchased_purges":6,"victory":true,"max_hp_per_floor":[72,72,72,72,77,77,77,77,77,77,77,77,77,77,77,77,77,77,77,77,80,80,83,83,83,83,83,83,83,83,83,83,83,83,86,89,89,89,89,89,89,89,89,89,89,89,92,95,95,98],"card_choices":[{"not_picked":["Sword Boomerang","Clash"],"picked":"Headbutt","floor":1.0},{"not_picked":["Headbutt","Second Wind"],"picked":"Flex","floor":4.0},{"not_picked":["Armaments","Body Slam","Sentinel"],"picked":"SKIP","floor":7.0},{"not_picked":["Clash","Warcry"],"picked":"Double Tap","floor":11.0},{"not_picked":["Double Tap","Exhume"],"picked":"Feed","floor":16.0},{"not_picked":["Pummel+1","Armaments","Clash+1"],"picked":"SKIP","floor":18.0},{"not_picked":["Twin Strike","Berserk","Rampage"],"picked":"SKIP","floor":21.0},{"not_picked":["Shrug It Off","Thunderclap+1","Headbutt"],"picked":"SKIP","floor":22.0},{"not_picked":["Wild Strike","Thunderclap"],"picked":"Uppercut","floor":23.0},{"not_picked":["Sentinel","Disarm"],"picked":"Heavy Blade+1","floor":25.0},{"not_picked":["Iron Wave","Shrug It Off"],"picked":"Spot Weakness","floor":31.0},{"not_picked":["Feed","Exhume"],"picked":"Limit Break","floor":33.0},{"not_picked":["Feel No Pain"],"picked":"SKIP","floor":35.0},{"not_picked":["Flex"],"picked":"SKIP","floor":36.0},{"not_picked":["Rampage+1"],"picked":"SKIP","floor":41.0},{"not_picked":["Combust+1"],"picked":"SKIP","floor":44.0},{"not_picked":["Shrug It Off"],"picked":"SKIP","floor":45.0},{"not_picked":[],"picked":"Metallicize+1","floor":47},{"not_picked":["Sword Boomerang+1"],"picked":"SKIP","floor":48}],"player_experience":892900,"relics_obtained":[{"floor":9.0,"key":"Bronze Scales"},{"floor":12.0,"key":"Odd Mushroom"},{"floor":26.0,"key":"Smiling Mask"},{"floor":45.0,"key":"Paper Frog"}],"event_choices":[{"damage_healed":0.0,"max_hp_gain":0.0,"max_hp_loss":0.0,"gold_gain":0.0,"event_name":"Living Wall","player_choice":"Grow","floor":2.0,"gold_loss":0.0,"damage_taken":0.0,"cards_upgraded":["Bash"]},{"damage_healed":0.0,"max_hp_gain":5.0,"max_hp_loss":0.0,"gold_gain":0.0,"event_name":"Big Fish","player_choice":"Donut","floor":5.0,"gold_loss":0.0,"damage_taken":0.0},{"damage_healed":0.0,"max_hp_gain":0.0,"max_hp_loss":0.0,"gold_gain":0.0,"event_name":"Mushrooms","player_choice":"Fought Mushrooms","floor":12.0,"gold_loss":0.0,"damage_taken":0.0},{"cards_removed":["Strike_R"],"damage_healed":0.0,"max_hp_gain":0.0,"max_hp_loss":0.0,"gold_gain":0.0,"event_name":"Golden Wing","player_choice":"Card Removal","floor":14.0,"gold_loss":0.0,"damage_taken":7.0},{"damage_healed":0.0,"max_hp_gain":0.0,"max_hp_loss":0.0,"gold_gain":0.0,"event_name":"NoteForYourself","player_choice":"Ignored","floor":19.0,"gold_loss":0.0,"damage_taken":0.0},{"damage_healed":0.0,"max_hp_gain":0.0,"max_hp_loss":0.0,"gold_gain":0.0,"event_name":"Drug Dealer","player_choice":"Inject Mutagens","floor":24.0,"gold_loss":0.0,"damage_taken":0.0,"relics_obtained":["MutagenicStrength"]},{"cards_removed":["Defend_R"],"damage_healed":0.0,"max_hp_gain":0.0,"max_hp_loss":0.0,"gold_gain":0.0,"event_name":"Purifier","player_choice":"Purged","floor":29.0,"gold_loss":0.0,"damage_taken":0.0},{"damage_healed":0.0,"max_hp_gain":0.0,"max_hp_loss":0.0,"gold_gain":0.0,"event_name":"Mysterious Sphere","player_choice":"Ignored","floor":37.0,"gold_loss":0.0,"damage_taken":0.0},{"damage_healed":0.0,"max_hp_gain":0.0,"max_hp_loss":0.0,"gold_gain":0.0,"event_name":"Duplicator","player_choice":"Copied","floor":38.0,"gold_loss":0.0,"damage_taken":0.0,"cards_obtained":["Limit Break"]}],"is_beta":false,"boss_relics":[{"not_picked":["Pandora\u0027s Box","Philosopher\u0027s Stone"],"picked":"Coffee Dripper"},{"not_picked":["Velvet Choker","Fusion Hammer"],"picked":"Busted Crown"}],"items_purged_floors":[3,8,20,28,39,46],"is_endless":false,"potions_floor_spawned":[12,16,22,31,35,48],"ascension_level":0}