{"gold_per_floor":[109,123,123,137,156,156,181,181,181,200,215,215,89,164,164,241,241,258,258,174,89,89,89],"floor_reached":23,"playtime":742,"items_purged":["Strike_G"],"score":350,"play_id":"a6b98e39-183f-4067-a45e-f6db0ec3dfe6","local_time":"20190226132640","is_ascension_mode":true,"campfire_choices":[{"data":"Skewer","floor":6,"key":"SMITH"},{"data":"Bouncing Flask","floor":8,"key":"SMITH"},{"floor":15,"key":"REST"}],"neow_cost":"NONE","seed_source_timestamp":1193565476915332,"circlet_count":0,"master_deck":["AscendersBane","Defend_G","Defend_G","Defend_G","Defend_G","Defend_G","Strike_G","Strike_G","Strike_G","Strike_G","Survivor","Neutralize","Bouncing Flask+1","Skewer+1","Dagger Throw","Cloak And Dagger","Dagger Spray+1","Poisoned Stab+1","Doppelganger","Blur","Noxious Fumes","Ghostly","Ghostly","Ghostly"],"relics":["Ring of the Snake","Vajra","Unceasing Top","Molten Egg 2","Black Star","Ancient Tea Set"],"potions_floor_usage":[10,16,23],"damage_taken":[{"damage":1,"enemies":"Small Slimes","floor":1,"turns":4},{"damage":1,"enemies":"Cultist","floor":2,"turns":4},{"damage":1,"enemies":"Jaw Worm","floor":4,"turns":3},{"damage":20,"enemies":"Large Slime","floor":5,"turns":7},{"damage":18,"enemies":"Gremlin Nob","floor":7,"turns":4},{"damage":0,"enemies":"3 Louse","floor":10,"turns":1},{"damage":5,"enemies":"Looter","floor":11,"turns":2},{"damage":34,"enemies":"Slime Boss","floor":16,"turns":8},{"damage":18,"enemies":"Chosen","floor":18,"turns":4},{"damage":36,"enemies":"Book of Stabbing","floor":23,"turns":5}],"seed_played":"286190926419066365","potions_obtained":[{"floor":7,"key":"Explosive Potion"},{"floor":10,"key":"Regen Potion"},{"floor":18,"key":"AttackPotion"}],"is_trial":false,"path_per_floor":["M","M","?","M","M","R","E","R","T","M","M","?","$","?","R","B",null,"M","?","$","?","?","E"],"character_chosen":"THE_SILENT","items_purchased":["Poisoned Stab+1","Noxious Fumes"],"campfire_rested":1,"item_purchase_floors":[13,20],"current_hp_per_floor":[64,63,63,62,42,42,24,24,24,24,19,43,43,32,53,34,63,45,45,45,45,36,0],"gold":89,"neow_bonus":"TEN_PERCENT_HP_BONUS","is_prod":false,"is_daily":false,"chose_seed":false,"campfire_upgraded":2,"win_rate":0,"timestamp":1551216400,"path_taken":["M","M","?","?","M","R","E","R","T","M","M","?","$","?","R","BOSS","M","?","$","?","?","E"],"build_version":"2019-01-23","purchased_purges":1,"victory":false,"max_hp_per_floor":[72,72,72,72,72,72,72,72,72,72,72,72,72,72,72,72,72,72,72,72,72,36,36],"card_choices":[{"not_picked":["Outmaneuver","Sucker Punch"],"picked":"Bouncing Flask","floor":1},{"not_picked":["Sucker Punch","Heel Hook"],"picked":"Flying Knee","floor":2},{"not_picked":["Quick Slash","Expertise"],"picked":"Skewer","floor":4},{"not_picked":["Outmaneuver","Choke"],"picked":"Dagger Throw","floor":5},{"not_picked":["Bouncing Flask","Slice"],"picked":"Cloak And Dagger","floor":7},{"not_picked":["Skewer+1","Acrobatics","Underhanded Strike+1"],"picked":"SKIP","floor":10},{"not_picked":["Sucker Punch+1","Predator+1"],"picked":"Dagger Spray+1","floor":11},{"not_picked":["Burst","Bullet Time"],"picked":"Doppelganger","floor":16},{"not_picked":["Deadly Poison","Dagger Spray+1"],"picked":"Blur","floor":18}],"player_experience":254761,"relics_obtained":[{"floor":7,"key":"Unceasing Top"},{"floor":9,"key":"Molten Egg 2"}],"event_choices":[{"cards_removed":["Flying Knee"],"damage_healed":0,"gold_gain":0,"player_choice":"Gave Card","damage_taken":0,"relics_obtained":["Vajra"],"max_hp_gain":0,"max_hp_loss":0,"event_name":"WeMeetAgain","floor":3,"gold_loss":0},{"damage_healed":24,"gold_gain":0,"player_choice":"Banana","damage_taken":0,"max_hp_gain":0,"max_hp_loss":0,"event_name":"Big Fish","floor":12,"gold_loss":0},{"damage_healed":0,"gold_gain":75,"player_choice":"Gather Gold","damage_taken":11,"max_hp_gain":0,"max_hp_loss":0,"event_name":"World of Goop","floor":14,"gold_loss":0},{"damage_healed":0,"gold_gain":0,"player_choice":"Ignored","damage_taken":0,"max_hp_gain":0,"max_hp_loss":0,"event_name":"Cursed Tome","floor":19,"gold_loss":0},{"damage_healed":0,"gold_gain":0,"player_choice":"Obtained Relic","damage_taken":0,"relics_obtained":["Ancient Tea Set"],"max_hp_gain":0,"max_hp_loss":0,"event_name":"Addict","floor":21,"gold_loss":85},{"damage_healed":0,"gold_gain":0,"player_choice":"Became a Ghost","damage_taken":0,"max_hp_gain":0,"max_hp_loss":36,"event_name":"Ghosts","floor":22,"gold_loss":0,"cards_obtained":["Ghostly","Ghostly","Ghostly"]}],"is_beta":false,"boss_relics":[{"not_picked":["Ectoplasm","HoveringKite"],"picked":"Black Star"}],"items_purged_floors":[13],"is_endless":false,"potions_floor_spawned":[7,10,18],"killed_by":"Book of Stabbing","ascension_level":17}