{"gold_per_floor":[119,139,139,157,13,46,63,63,131,166,166,166,166,184,184,309,309,322,322,24,24,24,367,367,382,464,464,498,519,519],"floor_reached":30,"playtime":1735,"items_purged":[],"score":411,"play_id":"2e84f525-5248-40bc-959d-6f46f48d52be","local_time":"20190213204953","is_ascension_mode":true,"campfire_choices":[{"floor":8,"key":"REST"},{"floor":11,"key":"REST"},{"floor":13,"key":"REST"},{"data":"Noxious Fumes","floor":15,"key":"SMITH"},{"floor":24,"key":"REST"}],"neow_cost":"NONE","seed_source_timestamp":1157448667409,"circlet_count":0,"master_deck":["Defend_G","Defend_G","Defend_G","Defend_G","Defend_G","Survivor","Neutralize+1","Dagger Spray+1","Bane","Noxious Fumes+1","Caltrops","Underhanded Strike","Footwork","Bane","Venomology","Quick Slash+1","Choke","Bite","Bite","Bite","Bite","Bite","Envenom","Noxious Fumes","Night Terror"],"relics":["Ring of the Snake","NeowsBlessing","Whetstone","Pocketwatch","Bottled Flame","Regal Pillow","Golden Idol","Lizard Tail","Calipers","Old Coin","Ninja Scroll","Matryoshka"],"potions_floor_usage":[10,16,16,23,23,23,25,28,28,28,28,29,29,30,30],"damage_taken":[{"damage":0,"enemies":"Cultist","floor":1,"turns":1},{"damage":0,"enemies":"Small Slimes","floor":2,"turns":1},{"damage":0,"enemies":"Jaw Worm","floor":4,"turns":1},{"damage":28,"enemies":"Gremlin Nob","floor":6,"turns":4},{"damage":0,"enemies":"2 Fungi Beasts","floor":7,"turns":2},{"damage":24,"enemies":"3 Sentries","floor":10,"turns":5},{"damage":7,"enemies":"3 Louse","floor":14,"turns":3},{"damage":24,"enemies":"Hexaghost","floor":16,"turns":9},{"damage":23,"enemies":"Chosen","floor":18,"turns":7},{"damage":31,"enemies":"Book of Stabbing","floor":23,"turns":6},{"damage":32,"enemies":"2 Thieves","floor":25,"turns":5},{"damage":21,"enemies":"Gremlin Leader","floor":28,"turns":4},{"damage":20,"enemies":"Shelled Parasite and Fungi","floor":29,"turns":8},{"damage":23,"enemies":"Snake Plant","floor":30,"turns":3}],"seed_played":"4186900013958028261","potions_obtained":[{"floor":6,"key":"PowerPotion"},{"floor":7,"key":"LiquidBronze"},{"floor":10,"key":"GamblersBrew"},{"floor":16,"key":"PowerPotion"},{"floor":18,"key":"Fire Potion"},{"floor":27,"key":"Poison Potion"},{"floor":27,"key":"Poison Potion"},{"floor":27,"key":"EntropicBrew"},{"floor":29,"key":"FearPotion"}],"is_trial":false,"path_per_floor":["M","M","?","M","$","E","M","R","T","E","R","?","R","M","R","B",null,"M","?","$","?","$","E","R","M","T","?","E","M","M"],"character_chosen":"THE_SILENT","items_purchased":["Whetstone","Calipers"],"campfire_rested":4,"item_purchase_floors":[5,20],"current_hp_per_floor":[63,63,63,63,63,35,35,56,56,32,68,51,70,63,63,39,62,39,39,39,39,39,12,41,17,17,17,26,16,0],"gold":519,"neow_bonus":"THREE_ENEMY_KILL","is_prod":false,"is_daily":false,"chose_seed":false,"campfire_upgraded":1,"win_rate":0,"timestamp":1550119793,"path_taken":["M","?","?","M","$","E","?","R","T","E","R","?","R","M","R","BOSS","M","?","$","?","$","E","R","M","T","?","E","M","?"],"build_version":"2019-01-23","purchased_purges":0,"victory":false,"max_hp_per_floor":[70,70,70,70,70,70,70,70,70,70,70,70,70,70,70,70,70,70,70,70,49,49,49,49,49,49,49,49,49,49],"card_choices":[{"not_picked":["Backflip","Deflect"],"picked":"Dagger Spray","floor":1},{"not_picked":["Underhanded Strike","Sucker Punch"],"picked":"Bane","floor":2},{"not_picked":["Predator","Choke"],"picked":"Noxious Fumes","floor":4},{"not_picked":["Blade Dance","Noxious Fumes"],"picked":"Caltrops","floor":6},{"not_picked":["Reflex","Catalyst"],"picked":"Underhanded Strike","floor":7},{"not_picked":["Caltrops","PiercingWail"],"picked":"Footwork","floor":10},{"not_picked":["Sucker Punch","Slice"],"picked":"Bane","floor":14},{"not_picked":["Grand Finale","Phantasmal Killer"],"picked":"Venomology","floor":16},{"not_picked":["Caltrops","Eviscerate"],"picked":"Quick Slash+1","floor":18},{"not_picked":["Choke","Slice"],"picked":"Envenom","floor":23},{"not_picked":["All Out Attack","Setup"],"picked":"Noxious Fumes","floor":25},{"not_picked":["Predator","PiercingWail","All Out Attack"],"picked":"SKIP","floor":28},{"not_picked":["Outmaneuver","Sucker Punch"],"picked":"Night Terror","floor":29}],"player_experience":380026,"relics_obtained":[{"floor":6,"key":"Pocketwatch"},{"floor":9,"key":"Bottled Flame"},{"floor":10,"key":"Regal Pillow"},{"floor":23,"key":"Old Coin"},{"floor":26,"key":"Ninja Scroll"},{"floor":28,"key":"Matryoshka"}],"event_choices":[{"damage_healed":0,"gold_gain":0,"player_choice":"Upgraded","damage_taken":0,"max_hp_gain":0,"max_hp_loss":0,"event_name":"Upgrade Shrine","floor":3,"gold_loss":0,"cards_upgraded":["Dagger Spray"]},{"damage_healed":0,"gold_gain":0,"player_choice":"Take Damage","damage_taken":17,"relics_obtained":["Golden Idol"],"max_hp_gain":0,"max_hp_loss":0,"event_name":"Golden Idol","floor":12,"gold_loss":0},{"damage_healed":0,"gold_gain":0,"player_choice":"Read","damage_taken":0,"max_hp_gain":0,"max_hp_loss":0,"event_name":"The Library","floor":19,"gold_loss":0,"cards_obtained":["Choke"]},{"damage_healed":0,"gold_gain":0,"player_choice":"Became a vampire","damage_taken":0,"max_hp_gain":0,"max_hp_loss":21,"event_name":"Vampires","floor":21,"gold_loss":0,"cards_obtained":["Bite","Bite","Bite","Bite","Bite"]},{"damage_healed":0,"gold_gain":0,"player_choice":"Got Potions","damage_taken":0,"max_hp_gain":0,"max_hp_loss":0,"event_name":"Lab","floor":27,"gold_loss":0}],"is_beta":false,"boss_relics":[{"not_picked":["Tiny House","Busted Crown"],"picked":"Lizard Tail"}],"items_purged_floors":[],"is_endless":false,"potions_floor_spawned":[6,7,10,16,18,29],"killed_by":"Snake Plant","ascension_level":8}