{"gold_per_floor":[118,118,118,131,131,131,163,19,19,44,57,112,112,128,128,228,228,247,266,190,205,205,239,239,265,342,342,342,263,282,298,298,399,399,417,417,434,434,450,450,460,493,541,559,123,140,150,161,161,161],"floor_reached":51,"playtime":2365,"items_purged":["Parasite"],"score":1180,"play_id":"039eb04e-8106-4174-9aab-bed34635c6cb","local_time":"20190130004315","is_ascension_mode":true,"campfire_choices":[{"floor":6,"key":"REST"},{"floor":13,"key":"REST"},{"data":"Capacitor","floor":15,"key":"SMITH"},{"data":"Biased Cognition","floor":27,"key":"SMITH"},{"data":"Self Repair","floor":32,"key":"SMITH"},{"data":"Amplify","floor":40,"key":"SMITH"},{"data":"Blizzard","floor":49,"key":"SMITH"}],"neow_cost":"NONE","seed_source_timestamp":734879689481435,"circlet_count":0,"master_deck":["AscendersBane","Strike_B+1","Strike_B+1","Strike_B+1","Strike_B+1","Defend_B+1","Defend_B+1","Defend_B+1","Defend_B+1","Zap+1","Dualcast+1","Amplify+1","Ball Lightning+1","Self Repair+1","Conserve Battery+1","Double Energy+1","Conserve Battery+1","Capacitor+1","Coolheaded+1","Core Surge+1","Rip and Tear","Cold Snap","Consume+1","Biased Cognition+1","Glacier+1","Go for the Eyes+1","Coolheaded+1","Rainbow+1","Glacier+1","Fission+1","Blizzard+1"],"relics":["Cracked Core","War Paint","Oddly Smooth Stone","Toxic Egg 2","Turnip","Meat on the Bone","Busted Crown","Question Card","Whetstone","Ornamental Fan","Nloth\u0027s Gift","Sozu","Happy Flower","Juzu Bracelet","Calipers"],"potions_floor_usage":[4,19,21,23,50],"damage_taken":[{"damage":8,"enemies":"Jaw Worm","floor":1,"turns":4},{"damage":0,"enemies":"Small Slimes","floor":4,"turns":3},{"damage":36,"enemies":"Gremlin Nob","floor":7,"turns":4},{"damage":26,"enemies":"Lagavulin","floor":10,"turns":8},{"damage":0,"enemies":"Cultist","floor":11,"turns":3},{"damage":35,"enemies":"Lagavulin Event","floor":12,"turns":7},{"damage":11,"enemies":"Looter","floor":14,"turns":3},{"damage":43,"enemies":"The Guardian","floor":16,"turns":13},{"damage":8,"enemies":"Shell Parasite","floor":18,"turns":8},{"damage":13,"enemies":"3 Byrds","floor":19,"turns":5},{"damage":6,"enemies":"Centurion and Healer","floor":21,"turns":11},{"damage":33,"enemies":"Gremlin Leader","floor":23,"turns":10},{"damage":13,"enemies":"Slavers","floor":25,"turns":3},{"damage":0,"enemies":"Chosen and Byrds","floor":30,"turns":5},{"damage":0,"enemies":"Cultist and Chosen","floor":31,"turns":6},{"damage":0,"enemies":"Collector","floor":33,"turns":12},{"damage":10,"enemies":"3 Darklings","floor":35,"turns":6},{"damage":7,"enemies":"3 Shapes","floor":37,"turns":6},{"damage":0,"enemies":"Transient","floor":39,"turns":5},{"damage":27,"enemies":"Sphere and 2 Shapes","floor":41,"turns":5},{"damage":5,"enemies":"Giant Head","floor":42,"turns":12},{"damage":0,"enemies":"Writhing Mass","floor":44,"turns":7},{"damage":0,"enemies":"Spire Growth","floor":46,"turns":6},{"damage":2,"enemies":"Transient","floor":47,"turns":5},{"damage":0,"enemies":"Maw","floor":48,"turns":9},{"damage":16,"enemies":"Donu and Deca","floor":50,"turns":14}],"seed_played":"7176637342596810113","potions_obtained":[{"floor":1,"key":"Block Potion"},{"floor":16,"key":"Block Potion"},{"floor":18,"key":"Dexterity Potion"},{"floor":21,"key":"FocusPotion"},{"floor":25,"key":"SneckoOil"},{"floor":33,"key":"AttackPotion"}],"is_trial":false,"path_per_floor":["M","?","?","M","?","R","E","$","T","E","M","?","R","M","R","B",null,"M","M","$","M","T","E","?","E","T","R","?","$","M","M","R","B",null,"M","?","M","?","M","R","M","E","T","M","$","M","M","M","R","B",null],"character_chosen":"DEFECT","items_purchased":["Oddly Smooth Stone","Consume+1","Glacier+1","Calipers","Blizzard"],"campfire_rested":2,"item_purchase_floors":[8,20,29,45,45],"current_hp_per_floor":[60,60,45,45,45,67,45,45,45,33,40,12,34,49,49,25,63,69,63,63,71,71,45,45,51,51,51,51,51,58,58,58,68,73,75,75,75,71,71,71,54,59,59,69,68,68,68,68,68,62],"gold":161,"neow_bonus":"ONE_RANDOM_RARE_CARD","is_prod":false,"is_daily":false,"chose_seed":false,"campfire_upgraded":5,"win_rate":0,"timestamp":1548801795,"path_taken":["M","?","?","?","?","R","E","?","T","E","M","?","R","?","R","BOSS","M","M","$","M","?","E","?","E","T","R","?","$","?","M","R","BOSS","M","?","?","?","M","R","M","E","T","M","$","M","M","M","R","BOSS"],"build_version":"2019-01-23","purchased_purges":1,"victory":true,"max_hp_per_floor":[75,75,75,75,75,75,75,75,75,75,75,75,75,75,75,75,75,75,75,75,75,75,75,75,75,75,75,75,75,75,75,75,75,75,75,75,75,71,71,71,71,71,71,71,68,68,68,68,68,68],"card_choices":[{"not_picked":["Scrape","Coolheaded"],"picked":"Ball Lightning","floor":1},{"not_picked":["Turbo","Beam Cell"],"picked":"Self Repair","floor":4},{"not_picked":["Hello World","Beam Cell"],"picked":"Conserve Battery","floor":7},{"not_picked":["Fusion+1","Self Repair"],"picked":"Double Energy+1","floor":10},{"not_picked":["Sweeping Beam","Chaos+1"],"picked":"Conserve Battery+1","floor":11},{"not_picked":["Sunder","Steam+1"],"picked":"Capacitor","floor":12},{"not_picked":["Consume+1","Barrage"],"picked":"Coolheaded+1","floor":14},{"not_picked":["Rainbow+1","Reboot+1"],"picked":"Core Surge","floor":16},{"not_picked":[],"picked":"Rip and Tear","floor":18},{"not_picked":[],"picked":"Cold Snap","floor":19},{"not_picked":["Stack+1"],"picked":"SKIP","floor":21},{"not_picked":["Stack+1"],"picked":"SKIP","floor":21},{"not_picked":["Conserve Battery+1"],"picked":"Biased Cognition","floor":23},{"not_picked":["Conserve Battery+1","Streamline"],"picked":"SKIP","floor":25},{"not_picked":["Turbo+1"],"picked":"Go for the Eyes+1","floor":30},{"not_picked":["Melter"],"picked":"Coolheaded+1","floor":31},{"not_picked":["Amplify+1"],"picked":"Rainbow+1","floor":33},{"not_picked":["Ball Lightning+1","Aggregate+1"],"picked":"SKIP","floor":35},{"not_picked":["Coolheaded+1"],"picked":"Glacier+1","floor":37},{"not_picked":["Glacier+1","Meteor Strike"],"picked":"SKIP","floor":39},{"not_picked":["Streamline","Gash+1"],"picked":"SKIP","floor":41},{"not_picked":["Conserve Battery+1"],"picked":"Fission+1","floor":42},{"not_picked":["Coolheaded+1","Cold Snap+1"],"picked":"SKIP","floor":44},{"not_picked":["Leap+1","Stack+1"],"picked":"SKIP","floor":46},{"not_picked":["Streamline+1","Gash"],"picked":"SKIP","floor":47},{"not_picked":["Compile Driver","Beam Cell"],"picked":"SKIP","floor":48}],"player_experience":147478,"relics_obtained":[{"floor":7,"key":"War Paint"},{"floor":9,"key":"Toxic Egg 2"},{"floor":10,"key":"Turnip"},{"floor":12,"key":"Meat on the Bone"},{"floor":22,"key":"Question Card"},{"floor":23,"key":"Dead Branch"},{"floor":25,"key":"Whetstone"},{"floor":26,"key":"Ornamental Fan"},{"floor":42,"key":"Happy Flower"},{"floor":43,"key":"Juzu Bracelet"}],"event_choices":[{"damage_healed":0,"gold_gain":0,"player_choice":"Grow","damage_taken":0,"max_hp_gain":0,"max_hp_loss":0,"event_name":"Living Wall","floor":2,"gold_loss":0,"cards_upgraded":["Dualcast"]},{"damage_healed":0,"gold_gain":0,"player_choice":"Entered Light","damage_taken":15,"max_hp_gain":0,"max_hp_loss":0,"event_name":"Shining Light","floor":3,"gold_loss":0,"cards_upgraded":["Zap","Strike_B"]},{"damage_healed":0,"gold_gain":0,"player_choice":"Ignored","damage_taken":0,"max_hp_gain":0,"max_hp_loss":0,"event_name":"Liars Game","floor":5,"gold_loss":0},{"damage_healed":0,"gold_gain":0,"player_choice":"Searched \u00272\u0027 times","damage_taken":0,"max_hp_gain":0,"max_hp_loss":0,"event_name":"Dead Adventurer","floor":12,"gold_loss":0},{"damage_healed":0,"gold_gain":0,"player_choice":"Simplicity","damage_taken":0,"max_hp_gain":0,"max_hp_loss":0,"event_name":"Back to Basics","floor":24,"gold_loss":0,"cards_upgraded":["Strike_B","Strike_B","Strike_B","Defend_B","Defend_B","Defend_B"]},{"damage_healed":0,"gold_gain":0,"player_choice":"Traded Relic","damage_taken":0,"relics_obtained":["Nloth\u0027s Gift"],"max_hp_gain":0,"max_hp_loss":0,"event_name":"N\u0027loth","floor":28,"relics_lost":["Dead Branch"],"gold_loss":0},{"damage_healed":0,"gold_gain":0,"player_choice":"Ignored","damage_taken":0,"max_hp_gain":0,"max_hp_loss":0,"event_name":"SecretPortal","floor":36,"gold_loss":0},{"damage_healed":0,"gold_gain":0,"player_choice":"Max HP","damage_taken":0,"max_hp_gain":0,"max_hp_loss":4,"event_name":"Winding Halls","floor":38,"gold_loss":0}],"is_beta":false,"boss_relics":[{"not_picked":["Black Star","Eternal Feather"],"picked":"Busted Crown"},{"not_picked":["White Beast Statue","Runic Pyramid"],"picked":"Sozu"}],"items_purged_floors":[45],"is_endless":false,"potions_floor_spawned":[1,16,18,21,25,33,35,39,42,47,48],"ascension_level":11}