{"gold_per_floor":[113,132,149,224,224,224,259,259,284,311,338,354,354],"floor_reached":13,"playtime":753,"items_purged":[],"score":126,"play_id":"4e8e1439-bab6-4a82-b07c-12076936ff3d","local_time":"20190210004800","is_ascension_mode":true,"campfire_choices":[{"floor":6,"key":"REST"},{"floor":8,"key":"REST"}],"neow_cost":"NONE","seed_source_timestamp":2464449871457197,"circlet_count":0,"master_deck":["Strike_B","Strike_B+1","Strike_B+1","Strike_B","Defend_B","Defend_B","Defend_B","Defend_B","Zap+1","Dualcast","Capacitor","Redo","Heatsinks","Core Surge","Barrage","Ball Lightning"],"relics":["Cracked Core","Potion Belt","Whetstone","Blood Vial","Odd Mushroom"],"potions_floor_usage":[7,10,11,13],"damage_taken":[{"damage":1,"enemies":"Cultist","floor":1,"turns":4},{"damage":0,"enemies":"Small Slimes","floor":2,"turns":3},{"damage":6,"enemies":"Jaw Worm","floor":3,"turns":4},{"damage":35,"enemies":"3 Sentries","floor":7,"turns":7},{"damage":35,"enemies":"Gremlin Nob","floor":10,"turns":4},{"damage":14,"enemies":"The Mushroom Lair","floor":11,"turns":4},{"damage":4,"enemies":"Red Slaver","floor":12,"turns":3},{"damage":13,"enemies":"Lagavulin","floor":13,"turns":2}],"seed_played":"-6382603756658930296","potions_obtained":[{"floor":2,"key":"Strength Potion"},{"floor":3,"key":"SteroidPotion"},{"floor":7,"key":"FocusPotion"},{"floor":10,"key":"Dexterity Potion"}],"is_trial":false,"path_per_floor":["M","M","M","?","?","R","E","R","T","E","?","M","E"],"character_chosen":"DEFECT","items_purchased":[],"campfire_rested":2,"item_purchase_floors":[],"current_hp_per_floor":[67,67,61,50,50,72,37,59,59,24,12,10,0],"gold":354,"neow_bonus":"UPGRADE_CARD","is_prod":false,"is_daily":false,"chose_seed":false,"campfire_upgraded":0,"win_rate":0,"timestamp":1549788480,"path_taken":["M","M","?","?","?","R","E","R","T","E","?","?","E"],"build_version":"2019-01-23","purchased_purges":0,"victory":false,"max_hp_per_floor":[75,75,75,75,75,75,75,75,75,75,75,75,75],"card_choices":[{"not_picked":["Redo","Compile Driver"],"picked":"Capacitor","floor":1},{"not_picked":["Streamline","Reinforced Body","Tempest"],"picked":"SKIP","floor":2},{"not_picked":["Stack","Turbo"],"picked":"Redo","floor":3},{"not_picked":["Turbo","Streamline"],"picked":"Heatsinks","floor":7},{"not_picked":["Auto Shields","Rebound"],"picked":"Core Surge","floor":10},{"not_picked":["Chaos","Force Field"],"picked":"Barrage","floor":11},{"not_picked":["Capacitor","Go for the Eyes"],"picked":"Ball Lightning","floor":12}],"player_experience":316816,"relics_obtained":[{"floor":7,"key":"Potion Belt"},{"floor":9,"key":"Whetstone"},{"floor":10,"key":"Blood Vial"},{"floor":11,"key":"Odd Mushroom"}],"event_choices":[{"damage_healed":0,"gold_gain":75,"player_choice":"Gather Gold","damage_taken":11,"max_hp_gain":0,"max_hp_loss":0,"event_name":"World of Goop","floor":4,"gold_loss":0},{"damage_healed":0,"gold_gain":0,"player_choice":"Ignored","damage_taken":0,"max_hp_gain":0,"max_hp_loss":0,"event_name":"Golden Idol","floor":5,"gold_loss":0},{"damage_healed":0,"gold_gain":0,"player_choice":"Fought Mushrooms","damage_taken":0,"max_hp_gain":0,"max_hp_loss":0,"event_name":"Mushrooms","floor":11,"gold_loss":0}],"is_beta":false,"boss_relics":[],"items_purged_floors":[],"is_endless":false,"potions_floor_spawned":[2,3,7,10],"killed_by":"Lagavulin","ascension_level":7}