{"gold_per_floor":[110,110,110,110,125,125,163,201,201,376,376,376,394,394,394,520,520,543,543,567,176,101,101,144,158,185,231,231,255,255,294,294,423,423,437,437,452,229,354,354,389,389,439,478,478,491,515,538,538,538],"floor_reached":50,"playtime":3142,"items_purged":["Strike_R","Strike_R"],"score":780,"play_id":"e48be854-4f23-47a3-a836-a6c06cc5e751","local_time":"20190201024550","is_ascension_mode":true,"campfire_choices":[{"data":"Armaments","floor":6,"key":"SMITH"},{"data":"Iron Wave","floor":12,"key":"SMITH"},{"floor":15,"key":"REST"},{"data":"Demon Form","floor":23,"key":"SMITH"},{"floor":28,"key":"REST"},{"floor":30,"key":"REST"},{"data":"Shrug It Off","floor":32,"key":"SMITH"},{"floor":40,"key":"REST"},{"floor":42,"key":"REST"},{"floor":49,"key":"REST"}],"neow_cost":"NONE","seed_source_timestamp":1691523532768212,"circlet_count":0,"master_deck":["Strike_R","Strike_R","Strike_R","Defend_R","Defend_R+1","Defend_R","Bash+1","Ghostly Armor+1","Armaments+1","Iron Wave+1","Cleave","Heavy Blade+1","Demon Form+1","Seeing Red","Shrug It Off+1","Warcry","Rage+1","Pommel Strike+1","Juggernaut","Warcry","Whirlwind","Flex","Perfected Strike","Bash","Whirlwind+1"],"relics":["Burning Blood","NeowsBlessing","Golden Idol","Mummified Hand","Odd Mushroom","Bottled Flame","FossilizedHelix","Busted Crown","Membership Card","Oddly Smooth Stone","Whetstone","Du-Vu Doll","Dream Catcher","Regal Pillow","War Paint","Philosopher\u0027s Stone","Shuriken","Gremlin Horn","Thread and Needle","Blue Candle","Strawberry","Potion Belt"],"potions_floor_usage":[8,16,16,20,24,31,50,50],"damage_taken":[{"damage":0,"enemies":"Small Slimes","floor":1,"turns":1},{"damage":0,"enemies":"Cultist","floor":5,"turns":1},{"damage":0,"enemies":"3 Sentries","floor":7,"turns":1},{"damage":13,"enemies":"The Mushroom Lair","floor":8,"turns":5},{"damage":2,"enemies":"2 Louse","floor":13,"turns":2},{"damage":42,"enemies":"Slime Boss","floor":16,"turns":16},{"damage":4,"enemies":"Chosen","floor":18,"turns":5},{"damage":11,"enemies":"2 Thieves","floor":20,"turns":3},{"damage":17,"enemies":"Book of Stabbing","floor":24,"turns":6},{"damage":33,"enemies":"Shelled Parasite and Fungi","floor":25,"turns":6},{"damage":13,"enemies":"Snecko","floor":29,"turns":6},{"damage":10,"enemies":"Gremlin Leader","floor":31,"turns":5},{"damage":71,"enemies":"Automaton","floor":33,"turns":12},{"damage":21,"enemies":"3 Darklings","floor":35,"turns":6},{"damage":0,"enemies":"Orb Walker","floor":37,"turns":2},{"damage":37,"enemies":"Mind Bloom Boss Battle","floor":39,"turns":4},{"damage":35,"enemies":"Nemesis","floor":41,"turns":7},{"damage":51,"enemies":"Reptomancer","floor":44,"turns":6},{"damage":5,"enemies":"Spire Growth","floor":46,"turns":4},{"damage":0,"enemies":"Transient","floor":47,"turns":5},{"damage":0,"enemies":"Jaw Worm Horde","floor":48,"turns":4},{"damage":98,"enemies":"Awakened One","floor":50,"turns":8}],"seed_played":"4081258671285997979","potions_obtained":[{"floor":1,"key":"Dexterity Potion"},{"floor":7,"key":"Fire Potion"},{"floor":13,"key":"Block Potion"},{"floor":18,"key":"PowerPotion"},{"floor":20,"key":"Dexterity Potion"},{"floor":29,"key":"SkillPotion"},{"floor":46,"key":"FearPotion"},{"floor":48,"key":"Fire Potion"}],"is_trial":false,"path_per_floor":["M","$","?","?","M","R","E","?","T","?","?","R","M","?","R","B",null,"M","?","M","$","?","R","E","M","T","T","R","M","R","E","R","B",null,"M","T","M","$","?","R","E","R","T","E","?","M","M","M","R","B"],"character_chosen":"IRONCLAD","items_purchased":["Membership Card","Oddly Smooth Stone","Whetstone","Gremlin Horn","Whirlwind","Flex"],"campfire_rested":6,"item_purchase_floors":[21,21,21,38,38,38],"current_hp_per_floor":[80,80,60,65,71,71,77,70,70,70,70,70,74,49,74,38,73,75,75,70,70,70,70,59,32,32,32,72,65,85,81,81,16,68,53,53,59,59,28,68,39,79,86,41,41,42,48,54,92,0],"gold":538,"neow_bonus":"THREE_ENEMY_KILL","is_prod":false,"is_daily":false,"chose_seed":false,"campfire_upgraded":4,"win_rate":0,"timestamp":1549017950,"path_taken":["M","$","?","?","M","R","E","?","T","?","?","R","?","?","R","BOSS","M","?","M","$","?","R","E","M","T","?","R","M","R","E","R","BOSS","M","?","M","$","?","R","E","R","T","E","?","?","M","?","R","BOSS"],"build_version":"2019-01-23","purchased_purges":2,"victory":false,"max_hp_per_floor":[80,80,80,85,85,85,85,85,85,85,85,85,85,85,85,85,85,85,85,85,85,85,85,85,85,85,85,85,85,85,85,85,85,85,85,85,85,85,85,85,85,85,92,92,92,92,92,92,92,92],"card_choices":[{"not_picked":["Rupture","Wild Strike"],"picked":"Ghostly Armor","floor":1},{"not_picked":["Disarm","Warcry"],"picked":"Armaments","floor":5},{"not_picked":["Headbutt","Pummel"],"picked":"Iron Wave","floor":7},{"not_picked":["Evolve","Reckless Charge"],"picked":"Cleave","floor":8},{"not_picked":["Iron Wave","Perfected Strike"],"picked":"Heavy Blade","floor":13},{"not_picked":["Berserk","Dark Embrace"],"picked":"Demon Form","floor":16},{"not_picked":[],"picked":"Seeing Red","floor":18},{"not_picked":[],"picked":"Warcry","floor":20},{"not_picked":["Perfected Strike"],"picked":"SKIP","floor":24},{"not_picked":[],"picked":"Rage+1","floor":25},{"not_picked":["Body Slam"],"picked":"SKIP","floor":29},{"not_picked":[],"picked":"Pommel Strike+1","floor":30},{"not_picked":["True Grit+1"],"picked":"SKIP","floor":31},{"not_picked":[],"picked":"Juggernaut","floor":33},{"not_picked":["Anger"],"picked":"SKIP","floor":35},{"not_picked":[],"picked":"Warcry","floor":37},{"not_picked":["Searing Blow"],"picked":"SKIP","floor":41},{"not_picked":["Headbutt"],"picked":"SKIP","floor":44},{"not_picked":["True Grit"],"picked":"SKIP","floor":46},{"not_picked":[],"picked":"Whirlwind+1","floor":47},{"not_picked":["Twin Strike"],"picked":"SKIP","floor":48}],"player_experience":251140,"relics_obtained":[{"floor":7,"key":"Mummified Hand"},{"floor":8,"key":"Odd Mushroom"},{"floor":9,"key":"Bottled Flame"},{"floor":24,"key":"Du-Vu Doll"},{"floor":26,"key":"Dream Catcher"},{"floor":27,"key":"Regal Pillow"},{"floor":31,"key":"War Paint"},{"floor":36,"key":"Shuriken"},{"floor":39,"key":"Thread and Needle"},{"floor":41,"key":"Blue Candle"},{"floor":43,"key":"Strawberry"},{"floor":44,"key":"Potion Belt"}],"event_choices":[{"damage_healed":0,"gold_gain":0,"player_choice":"Take Damage","damage_taken":20,"relics_obtained":["Golden Idol"],"max_hp_gain":0,"max_hp_loss":0,"event_name":"Golden Idol","floor":3,"gold_loss":0},{"damage_healed":0,"gold_gain":0,"player_choice":"Donut","damage_taken":0,"max_hp_gain":5,"max_hp_loss":0,"event_name":"Big Fish","floor":4,"gold_loss":0},{"damage_healed":0,"gold_gain":0,"player_choice":"Fought Mushrooms","damage_taken":0,"max_hp_gain":0,"max_hp_loss":0,"event_name":"Mushrooms","floor":8,"gold_loss":0},{"damage_healed":0,"gold_gain":175,"player_choice":"AGREE","damage_taken":0,"max_hp_gain":0,"max_hp_loss":0,"event_name":"Liars Game","floor":10,"gold_loss":0,"cards_obtained":["Doubt"]},{"cards_removed":["Doubt"],"damage_healed":0,"gold_gain":0,"player_choice":"Removed Curses","damage_taken":0,"max_hp_gain":0,"max_hp_loss":0,"event_name":"Fountain of Cleansing","floor":11,"gold_loss":0},{"damage_healed":0,"gold_gain":0,"player_choice":"Success","damage_taken":25,"relics_obtained":["FossilizedHelix"],"max_hp_gain":0,"max_hp_loss":0,"event_name":"Scrap Ooze","floor":14,"gold_loss":0},{"damage_healed":0,"gold_gain":0,"player_choice":"Read","damage_taken":0,"max_hp_gain":0,"max_hp_loss":0,"event_name":"The Library","floor":19,"gold_loss":0,"cards_obtained":["Shrug It Off"]},{"cards_removed":["Defend_R"],"damage_healed":0,"gold_gain":0,"player_choice":"Gave Gold","damage_taken":0,"max_hp_gain":0,"max_hp_loss":0,"event_name":"Beggar","floor":22,"gold_loss":75},{"damage_healed":0,"gold_gain":0,"player_choice":"Fight","damage_taken":0,"max_hp_gain":0,"max_hp_loss":0,"event_name":"MindBloom","floor":39,"gold_loss":0},{"damage_healed":0,"gold_gain":0,"player_choice":"2 cards matched","damage_taken":0,"max_hp_gain":0,"max_hp_loss":0,"event_name":"Match and Keep!","floor":45,"gold_loss":0,"cards_obtained":["Perfected Strike","Bash"]}],"is_beta":false,"boss_relics":[{"not_picked":["Fusion Hammer","Eternal Feather"],"picked":"Busted Crown"},{"not_picked":["Runic Cube","Pandora\u0027s Box"],"picked":"Philosopher\u0027s Stone"}],"items_purged_floors":[21,38],"is_endless":false,"potions_floor_spawned":[1,7,13,18,20,29,46,48],"killed_by":"Awakened One","ascension_level":5}