{"gold_per_floor":[113,113,113,130,130,159,159,187,269,269,194,228,239,239,239,340,340,351,194,94,126,126,158,176,176,176,203,203,203,49,66,66,168,168,185,135,148,148,148,210,227,227,227,258,258,0,17,63,63,63],"floor_reached":51,"playtime":3638,"items_purged":["Defend_G","Defend_G"],"score":1082,"play_id":"acb234ec-6c9a-49c2-8f61-8e2d3a11498b","local_time":"20190213222635","is_ascension_mode":true,"campfire_choices":[{"data":"Footwork","floor":7,"key":"SMITH"},{"floor":15,"key":"REST"},{"floor":25,"key":"REST"},{"floor":29,"key":"REST"},{"data":"A Thousand Cuts","floor":32,"key":"SMITH"},{"floor":42,"key":"REST"},{"floor":45,"key":"REST"},{"floor":49,"key":"REST"}],"neow_cost":"NONE","seed_source_timestamp":5037899148616,"circlet_count":0,"master_deck":["Defend_G","Defend_G","Defend_G","Strike_G+1","Survivor","Neutralize+1","Footwork+1","Dodge and Roll","Cloak And Dagger","Predator","Poisoned Stab","Caltrops","A Thousand Cuts+1","Dagger Spray+1","Sucker Punch","Backflip","Acrobatics","Sucker Punch","Burst","Crippling Poison+1","Prepared","After Image","Noxious Fumes+1","Footwork+1","Distraction+1","Blade Dance"],"relics":["Ring of the Serpent","NeowsBlessing","Sundial","Paper Crane","Gambling Chip","Question Card","PreservedInsect","Sozu","Blood Vial","Red Mask","Ginger","Smiling Mask","Mercury Hourglass","Bag of Marbles","Art of War","Vajra","Tiny Chest","Dream Catcher","Whetstone","Bottled Lightning","Potion Belt"],"potions_floor_usage":[8,8,12,16,16],"damage_taken":[{"damage":0,"enemies":"Small Slimes","floor":1,"turns":1},{"damage":0,"enemies":"Jaw Worm","floor":4,"turns":1},{"damage":0,"enemies":"Lagavulin","floor":6,"turns":1},{"damage":8,"enemies":"3 Sentries","floor":8,"turns":8},{"damage":10,"enemies":"Lagavulin","floor":12,"turns":8},{"damage":4,"enemies":"2 Louse","floor":13,"turns":3},{"damage":5,"enemies":"The Guardian","floor":16,"turns":9},{"damage":1,"enemies":"Shell Parasite","floor":18,"turns":8},{"damage":13,"enemies":"Masked Bandits","floor":21,"turns":4},{"damage":16,"enemies":"Book of Stabbing","floor":23,"turns":4},{"damage":0,"enemies":"3 Byrds","floor":24,"turns":3},{"damage":22,"enemies":"Slavers","floor":27,"turns":3},{"damage":3,"enemies":"Centurion and Healer","floor":31,"turns":6},{"damage":19,"enemies":"Collector","floor":33,"turns":10},{"damage":5,"enemies":"Orb Walker","floor":35,"turns":4},{"damage":27,"enemies":"3 Darklings","floor":37,"turns":3},{"damage":26,"enemies":"Reptomancer","floor":40,"turns":5},{"damage":6,"enemies":"4 Shapes","floor":41,"turns":3},{"damage":0,"enemies":"Giant Head","floor":44,"turns":7},{"damage":12,"enemies":"Transient","floor":47,"turns":5},{"damage":33,"enemies":"Donu and Deca","floor":50,"turns":9}],"seed_played":"-2540481608233010625","potions_obtained":[{"floor":1,"key":"Explosive Potion"},{"floor":4,"key":"Strength Potion"},{"floor":10,"key":"SkillPotion"},{"floor":10,"key":"GhostInAJar"},{"floor":10,"key":"PowerPotion"},{"floor":13,"key":"AttackPotion"}],"is_trial":false,"path_per_floor":["M","?","$","M","T","E","R","E","T","?","$","E","M","?","R","B",null,"M","$","$","?","?","E","M","R","T","E","?","R","$","M","R","B",null,"M","?","M","?","?","E","M","R","T","E","R","$","M","T","R","B",null],"character_chosen":"THE_SILENT","items_purchased":["Blood Vial","Art of War","Bottled Lightning"],"campfire_rested":6,"item_purchase_floors":[19,30,46],"current_hp_per_floor":[63,56,56,56,56,56,56,48,48,48,48,38,34,34,55,50,65,64,64,64,53,53,39,41,62,62,42,42,63,63,62,62,45,64,61,61,36,36,36,12,8,29,29,31,52,52,42,42,63,32],"gold":63,"neow_bonus":"THREE_ENEMY_KILL","is_prod":false,"is_daily":false,"chose_seed":false,"campfire_upgraded":2,"win_rate":0,"timestamp":1550125595,"path_taken":["M","?","$","M","?","E","R","E","T","?","$","E","?","?","R","BOSS","M","?","$","?","?","E","M","R","T","E","?","R","$","M","R","BOSS","M","?","?","?","?","E","?","R","T","E","R","$","M","?","R","BOSS"],"build_version":"2019-01-23","purchased_purges":2,"victory":true,"max_hp_per_floor":[70,70,70,70,70,70,70,70,70,70,70,70,70,70,70,70,70,70,70,70,70,70,70,70,70,70,70,70,70,70,70,70,70,70,70,70,70,70,70,70,70,70,70,70,70,70,70,70,70,70],"card_choices":[{"not_picked":["Infinite Blades","Concentrate"],"picked":"Footwork","floor":1},{"not_picked":["Deflect","Deadly Poison"],"picked":"Dodge and Roll","floor":4},{"not_picked":["Dodge and Roll","All Out Attack"],"picked":"Cloak And Dagger","floor":6},{"not_picked":["Reflex","Accuracy"],"picked":"Predator","floor":8},{"not_picked":["Slice","PiercingWail","Quick Slash"],"picked":"Poisoned Stab","floor":12},{"not_picked":["Finisher","Reflex","Prepared"],"picked":"Caltrops","floor":13},{"not_picked":["Envenom","Malaise","Bullet Time"],"picked":"A Thousand Cuts","floor":16},{"not_picked":["Slice+1","Acrobatics+1","Escape Plan+1"],"picked":"Dagger Spray+1","floor":18},{"not_picked":["Reflex","PiercingWail","Deadly Poison"],"picked":"Sucker Punch","floor":21},{"not_picked":["Night Terror","Quick Slash","Flying Knee+1"],"picked":"Backflip","floor":23},{"not_picked":["Prepared","Dagger Throw","Glass Knife"],"picked":"Acrobatics","floor":24},{"not_picked":["Flying Knee+1","Calculated Gamble","Reflex"],"picked":"Poisoned Stab","floor":27},{"not_picked":["Escape Plan","Caltrops","Riddle With Holes+1"],"picked":"Sucker Punch","floor":31},{"not_picked":["Unload","Malaise","Night Terror"],"picked":"Burst","floor":33},{"not_picked":["Outmaneuver+1","Masterful Stab+1","Skewer"],"picked":"Crippling Poison+1","floor":35},{"not_picked":["Outmaneuver+1","Endless Agony+1","Masterful Stab+1"],"picked":"Prepared","floor":37},{"not_picked":["Bane+1","Escape Plan+1","Dodge and Roll+1"],"picked":"After Image","floor":40},{"not_picked":["Prepared+1","Bane+1","Blur"],"picked":"Noxious Fumes+1","floor":41},{"not_picked":["Unload","Outmaneuver","Dagger Throw","Prepared"],"picked":"SKIP","floor":44},{"not_picked":["Acrobatics","Flying Knee+1","Riddle With Holes+1"],"picked":"Footwork+1","floor":45},{"not_picked":["Dagger Spray","Calculated Gamble","Accuracy+1"],"picked":"Distraction+1","floor":47},{"not_picked":["Leg Sweep+1","Terror","Deadly Poison+1"],"picked":"Blade Dance","floor":49}],"player_experience":383860,"relics_obtained":[{"floor":5,"key":"Sundial"},{"floor":6,"key":"Paper Crane"},{"floor":8,"key":"Gambling Chip"},{"floor":9,"key":"Question Card"},{"floor":12,"key":"PreservedInsect"},{"floor":21,"key":"Red Mask"},{"floor":23,"key":"Smiling Mask"},{"floor":26,"key":"Mercury Hourglass"},{"floor":27,"key":"Bag of Marbles"},{"floor":40,"key":"Tiny Chest"},{"floor":43,"key":"Dream Catcher"},{"floor":44,"key":"Whetstone"},{"floor":48,"key":"Potion Belt"}],"event_choices":[{"cards_removed":["Strike_G"],"damage_healed":0,"gold_gain":0,"player_choice":"Card Removal","damage_taken":7,"max_hp_gain":0,"max_hp_loss":0,"event_name":"Golden Wing","floor":2,"gold_loss":0},{"damage_healed":0,"gold_gain":0,"player_choice":"Got Potions","damage_taken":0,"max_hp_gain":0,"max_hp_loss":0,"event_name":"Lab","floor":10,"gold_loss":0},{"cards_removed":["Strike_G"],"damage_healed":0,"gold_gain":0,"player_choice":"Purged","damage_taken":0,"max_hp_gain":0,"max_hp_loss":0,"event_name":"Purifier","floor":14,"gold_loss":0},{"damage_healed":0,"gold_gain":0,"player_choice":"Fought Bandits","damage_taken":0,"max_hp_gain":0,"max_hp_loss":0,"event_name":"Masked Bandits","floor":21,"gold_loss":0},{"damage_healed":0,"gold_gain":0,"player_choice":"Opened","damage_taken":0,"relics_obtained":["Ginger"],"max_hp_gain":0,"max_hp_loss":0,"event_name":"The Mausoleum","floor":22,"gold_loss":0},{"cards_removed":["Strike_G"],"damage_healed":0,"gold_gain":0,"player_choice":"Elegance","damage_taken":0,"max_hp_gain":0,"max_hp_loss":0,"event_name":"Back to Basics","floor":28,"gold_loss":0},{"damage_healed":0,"gold_gain":0,"player_choice":"Paid Gold","damage_taken":0,"relics_obtained":["Vajra"],"max_hp_gain":0,"max_hp_loss":0,"event_name":"WeMeetAgain","floor":36,"gold_loss":50},{"cards_removed":["Poisoned Stab"],"damage_healed":0,"gold_gain":0,"player_choice":"Removed Attack","damage_taken":0,"max_hp_gain":0,"max_hp_loss":0,"event_name":"Falling","floor":38,"gold_loss":0},{"cards_removed":["Strike_G"],"damage_healed":0,"gold_gain":0,"player_choice":"Offered Basic","damage_taken":0,"max_hp_gain":0,"max_hp_loss":0,"event_name":"Bonfire Elementals","floor":39,"gold_loss":0}],"is_beta":false,"boss_relics":[{"not_picked":["Orrery","WristBlade"],"picked":"Sozu"},{"not_picked":["Pandora\u0027s Box","Velvet Choker"],"picked":"Ring of the Serpent"}],"items_purged_floors":[11,20],"is_endless":false,"potions_floor_spawned":[1,4,13,18,27,31,37,40,47],"ascension_level":8}