{"gold_per_floor":[113,130,55,55,55,81,101,51,133,153,163,163,163,178,178,276,276,290,310,65,65,65,95,107,107,107,107],"floor_reached":27,"playtime":3667,"items_purged":["Strike_G","Strike_G","Defend_G"],"score":256,"play_id":"264d06a6-bd59-4a0e-9359-4064ab5e236b","local_time":"20190112131201","is_ascension_mode":true,"campfire_choices":[{"floor":12,"key":"REST"},{"floor":15,"key":"REST"}],"neow_cost":"NONE","seed_source_timestamp":569987708052,"circlet_count":0,"master_deck":["Defend_G","Defend_G","Defend_G+1","Strike_G","Strike_G","Strike_G+1","Survivor","Neutralize","Flying Knee","Acrobatics","After Image","Flying Knee","Dagger Throw","Outmaneuver","Poisoned Stab","Die Die Die","Dodge and Roll","Dodge and Roll","Writhe","Venomology","Quick Slash"],"relics":["Ring of the Snake","Anchor","Smiling Mask","Tiny Chest","Black Star","TwistedFunnel","PreservedInsect","Regal Pillow","Shuriken","Unceasing Top","Art of War"],"potions_floor_usage":[16,16,23,23],"damage_taken":[{"damage":0,"enemies":"2 Louse","floor":1,"turns":3},{"damage":0,"enemies":"Small Slimes","floor":2,"turns":3},{"damage":21,"enemies":"3 Sentries","floor":6,"turns":12},{"damage":3,"enemies":"Jaw Worm","floor":7,"turns":4},{"damage":0,"enemies":"Exordium Wildlife","floor":10,"turns":6},{"damage":0,"enemies":"Blue Slaver","floor":11,"turns":3},{"damage":1,"enemies":"Looter","floor":14,"turns":3},{"damage":10,"enemies":"The Guardian","floor":16,"turns":16},{"damage":7,"enemies":"3 Byrds","floor":18,"turns":8},{"damage":8,"enemies":"Shell Parasite","floor":19,"turns":8},{"damage":24,"enemies":"Slavers","floor":23,"turns":6},{"damage":13,"enemies":"Snecko","floor":24,"turns":6},{"damage":25,"enemies":"Cultist and Chosen","floor":27,"turns":4}],"seed_played":"-3536876550226097662","potions_obtained":[{"floor":1,"key":"Energy Potion"},{"floor":7,"key":"SpeedPotion"},{"floor":10,"key":"Poison Potion"},{"floor":11,"key":"Dexterity Potion"},{"floor":18,"key":"PowerPotion"},{"floor":24,"key":"Block Potion"}],"is_trial":false,"path_per_floor":["M","M","$","?","?","E","M","$","T","M","M","R","?","M","R","B",null,"M","M","$","?","?","E","M","T","T","M"],"character_chosen":"THE_SILENT","items_purchased":["TwistedFunnel"],"campfire_rested":2,"item_purchase_floors":[20],"current_hp_per_floor":[70,70,70,75,60,39,36,36,36,36,36,58,58,57,75,65,75,68,60,60,60,60,36,23,23,23,0],"gold":107,"neow_bonus":"RANDOM_COMMON_RELIC","is_prod":false,"is_daily":false,"chose_seed":false,"campfire_upgraded":0,"win_rate":0,"timestamp":1547327521,"path_taken":["M","M","$","?","?","E","M","?","T","?","M","R","?","M","R","BOSS","M","M","$","?","?","E","M","?","T","?"],"build_version":"2019-01-10","purchased_purges":3,"victory":false,"max_hp_per_floor":[70,70,70,75,75,75,75,75,75,75,75,75,75,75,75,75,75,75,75,75,75,75,75,75,75,75,75],"card_choices":[{"not_picked":["Footwork","Blade Dance"],"picked":"Flying Knee","floor":1},{"not_picked":["Terror","Well Laid Plans"],"picked":"Acrobatics","floor":2},{"not_picked":["Caltrops","Riddle With Holes"],"picked":"After Image","floor":6},{"not_picked":["Infinite Blades","Eviscerate"],"picked":"Flying Knee","floor":7},{"not_picked":["Backstab","Sucker Punch"],"picked":"Dagger Throw","floor":10},{"not_picked":["Underhanded Strike","Cloak And Dagger"],"picked":"Outmaneuver","floor":11},{"not_picked":["Blur","Quick Slash"],"picked":"Poisoned Stab","floor":14},{"not_picked":["Night Terror","Storm of Steel"],"picked":"Die Die Die","floor":16},{"not_picked":["Cloak And Dagger","Blade Dance"],"picked":"Dodge and Roll","floor":18},{"not_picked":["Bouncing Flask","Heel Hook"],"picked":"Dodge and Roll","floor":19},{"not_picked":["After Image","Underhanded Strike"],"picked":"Venomology","floor":23},{"not_picked":["Sucker Punch","Calculated Gamble"],"picked":"Quick Slash","floor":24}],"player_experience":133642,"relics_obtained":[{"floor":6,"key":"Smiling Mask"},{"floor":9,"key":"Tiny Chest"},{"floor":23,"key":"Regal Pillow"},{"floor":23,"key":"Shuriken"},{"floor":25,"key":"Unceasing Top"},{"floor":26,"key":"Art of War"}],"event_choices":[{"damage_healed":0,"gold_gain":0,"player_choice":"Donut","damage_taken":0,"max_hp_gain":5,"max_hp_loss":0,"event_name":"Big Fish","floor":4,"gold_loss":0},{"damage_healed":0,"gold_gain":0,"player_choice":"Entered Light","damage_taken":15,"max_hp_gain":0,"max_hp_loss":0,"event_name":"Shining Light","floor":5,"gold_loss":0,"cards_upgraded":["Defend_G","Strike_G"]},{"cards_removed":["Defend_G"],"damage_healed":0,"gold_gain":0,"player_choice":"Forget","damage_taken":0,"max_hp_gain":0,"max_hp_loss":0,"event_name":"Living Wall","floor":13,"gold_loss":0},{"damage_healed":0,"gold_gain":0,"player_choice":"Ignored","damage_taken":0,"max_hp_gain":0,"max_hp_loss":0,"event_name":"Beggar","floor":21,"gold_loss":0},{"damage_healed":0,"gold_gain":0,"player_choice":"Opened","damage_taken":0,"relics_obtained":["PreservedInsect"],"max_hp_gain":0,"max_hp_loss":0,"event_name":"The Mausoleum","floor":22,"gold_loss":0,"cards_obtained":["Writhe"]}],"is_beta":false,"boss_relics":[{"not_picked":["Orrery","WristBlade"],"picked":"Black Star"}],"items_purged_floors":[3,8,20],"is_endless":false,"potions_floor_spawned":[1,7,10,11,18,24],"killed_by":"Cultist and Chosen","ascension_level":2}