{"gold_per_floor":[109,73,73,83,83,83,103,129,154,154,79,93,93,43,43,140,140,159,159,159,175,193,193,219,219,244,244,244],"floor_reached":28,"playtime":1194,"items_purged":["Strike_R"],"score":318,"play_id":"eca77f4e-9e99-4b18-9a13-594ec1fa82ee","local_time":"20190208013107","is_ascension_mode":true,"campfire_choices":[{"data":"Heavy Blade","floor":6,"key":"SMITH"},{"floor":13,"key":"REST"},{"data":"Flame Barrier","floor":15,"key":"SMITH"},{"floor":23,"key":"REST"}],"neow_cost":"NONE","seed_source_timestamp":2293789244256236,"circlet_count":0,"master_deck":["Strike_R+1","Strike_R+1","Strike_R+1","Defend_R","Defend_R","Defend_R","Bash+1","Ghostly Armor","Inflame+1","Heavy Blade+1","Warcry","Flame Barrier+1","Warcry","Feed","Thunderclap","Armaments","Spot Weakness+1"],"relics":["Burning Blood","NeowsBlessing","Orichalcum","Whetstone","Runic Pyramid","MutagenicStrength","NlothsMask","Strawberry"],"potions_floor_usage":[8,16,18,24],"damage_taken":[{"damage":0,"enemies":"Jaw Worm","floor":1,"turns":1},{"damage":0,"enemies":"Cultist","floor":4,"turns":1},{"damage":0,"enemies":"Small Slimes","floor":7,"turns":1},{"damage":32,"enemies":"Lagavulin","floor":8,"turns":7},{"damage":0,"enemies":"Exordium Wildlife","floor":12,"turns":2},{"damage":24,"enemies":"The Guardian","floor":16,"turns":11},{"damage":21,"enemies":"2 Thieves","floor":18,"turns":5},{"damage":21,"enemies":"Shell Parasite","floor":21,"turns":5},{"damage":32,"enemies":"Snake Plant","floor":22,"turns":5},{"damage":35,"enemies":"Slavers","floor":24,"turns":5},{"damage":14,"enemies":"Gremlin Leader","floor":28,"turns":4}],"seed_played":"148495048074228084","potions_obtained":[{"floor":7,"key":"EssenceOfSteel"},{"floor":12,"key":"Poison Potion"},{"floor":16,"key":"Energy Potion"},{"floor":18,"key":"Explosive Potion"}],"is_trial":false,"path_per_floor":["M","$","?","M","?","R","M","E","T","?","$","M","R","?","R","B",null,"M","?","?","M","M","R","E","?","T","?","E"],"character_chosen":"IRONCLAD","items_purchased":["Inflame"],"campfire_rested":2,"item_purchase_floors":[2],"current_hp_per_floor":[80,80,80,80,80,80,80,54,54,38,38,44,68,68,68,50,73,61,61,61,49,27,54,36,36,36,16,2],"gold":244,"neow_bonus":"THREE_ENEMY_KILL","is_prod":false,"is_daily":false,"chose_seed":false,"campfire_upgraded":2,"win_rate":0,"timestamp":1549618267,"path_taken":["M","$","?","?","?","R","M","E","T","?","?","?","R","?","R","BOSS","M","?","?","?","M","R","E","?","T","?","E"],"build_version":"2019-01-23","purchased_purges":1,"victory":false,"max_hp_per_floor":[80,80,80,80,80,80,80,80,80,80,80,80,80,80,80,80,80,83,83,83,86,90,90,101,101,101,106,106],"card_choices":[{"not_picked":["Thunderclap","Headbutt"],"picked":"Ghostly Armor","floor":1},{"not_picked":["Reckless Charge","Iron Wave"],"picked":"Heavy Blade","floor":4},{"not_picked":["Shockwave","Carnage"],"picked":"Warcry","floor":7},{"not_picked":["Bludgeon","Dropkick"],"picked":"Flame Barrier","floor":8},{"not_picked":["Intimidate","Second Wind"],"picked":"Warcry","floor":12},{"not_picked":["Bludgeon","Dark Embrace"],"picked":"Feed","floor":16},{"not_picked":["Cleave","Uppercut"],"picked":"Thunderclap","floor":18},{"not_picked":["Anger","True Grit"],"picked":"Armaments","floor":21},{"not_picked":["Clash+1","Twin Strike","Intimidate"],"picked":"SKIP","floor":22},{"not_picked":["Armaments","Sword Boomerang+1"],"picked":"Spot Weakness+1","floor":24}],"player_experience":269804,"relics_obtained":[{"floor":8,"key":"Orichalcum"},{"floor":9,"key":"Whetstone"},{"floor":24,"key":"Strawberry"}],"event_choices":[{"damage_healed":0,"gold_gain":0,"player_choice":"Upgraded","damage_taken":0,"max_hp_gain":0,"max_hp_loss":0,"event_name":"Upgrade Shrine","floor":3,"gold_loss":0,"cards_upgraded":["Inflame"]},{"cards_removed":["Defend_R"],"damage_healed":0,"gold_gain":0,"player_choice":"Forget","damage_taken":0,"max_hp_gain":0,"max_hp_loss":0,"event_name":"Living Wall","floor":5,"gold_loss":0},{"damage_healed":0,"gold_gain":0,"player_choice":"Entered Light","damage_taken":16,"max_hp_gain":0,"max_hp_loss":0,"event_name":"Shining Light","floor":10,"gold_loss":0,"cards_upgraded":["Bash","Strike_R"]},{"cards_removed":["Strike_R"],"damage_healed":0,"gold_gain":0,"player_choice":"Card Removal","damage_taken":0,"max_hp_gain":0,"max_hp_loss":0,"event_name":"The Cleric","floor":14,"gold_loss":50},{"damage_healed":0,"gold_gain":0,"player_choice":"Inject Mutagens","damage_taken":0,"relics_obtained":["MutagenicStrength"],"max_hp_gain":0,"max_hp_loss":0,"event_name":"Drug Dealer","floor":19,"gold_loss":0},{"damage_healed":0,"gold_gain":0,"player_choice":"Trade","damage_taken":0,"relics_obtained":["NlothsMask"],"max_hp_gain":0,"max_hp_loss":0,"event_name":"FaceTrader","floor":20,"gold_loss":0},{"damage_healed":0,"gold_gain":0,"player_choice":"Ignored","damage_taken":0,"max_hp_gain":0,"max_hp_loss":0,"event_name":"Vampires","floor":25,"gold_loss":0},{"damage_healed":0,"gold_gain":0,"player_choice":"Shed Blood","damage_taken":25,"max_hp_gain":5,"max_hp_loss":0,"event_name":"Forgotten Altar","floor":27,"gold_loss":0}],"is_beta":false,"boss_relics":[{"not_picked":["Snecko Eye","Runic Dome"],"picked":"Runic Pyramid"}],"items_purged_floors":[11],"is_endless":false,"potions_floor_spawned":[7,12,16,18],"killed_by":"Gremlin Leader","ascension_level":5}