{"gold_per_floor":[112,77,87,47,63,63,63,74,74,74,74,25,25,25,25,128,128,138,138,138,53,63,63,63],"floor_reached":24,"playtime":772,"items_purged":[],"score":307,"play_id":"d3162670-12b0-46a6-b4f9-8ff1c73345f7","local_time":"20190105173636","is_ascension_mode":true,"campfire_choices":[{"data":"Neutralize","floor":7.0,"key":"SMITH"},{"data":"Dash","floor":10.0,"key":"SMITH"},{"data":"Masterful Stab","floor":13.0,"key":"SMITH"},{"data":"Survivor","floor":15.0,"key":"SMITH"},{"data":"Wraith Form v2","floor":23,"key":"SMITH"}],"neow_cost":"NONE","seed_source_timestamp":310230890260135,"circlet_count":0,"master_deck":["AscendersBane","Defend_G","Defend_G","Defend_G","Defend_G","Defend_G","Strike_G","Strike_G","Strike_G","Strike_G","Strike_G","Survivor+1","Neutralize+1","Dodge and Roll","Masterful Stab+1","Dash+1","Wraith Form v2+1"],"special_seed":0,"relics":["Coffee Dripper","Singing Bowl","Kunai","WristBlade","Mango"],"potions_floor_usage":[],"damage_taken":[{"damage":3.0,"enemies":"Small Slimes","floor":1.0,"turns":5.0},{"damage":0.0,"enemies":"Jaw Worm","floor":3.0,"turns":4.0},{"damage":0.0,"enemies":"2 Louse","floor":5.0,"turns":3.0},{"damage":3.0,"enemies":"Blue Slaver","floor":8.0,"turns":4.0},{"damage":9.0,"enemies":"The Guardian","floor":16.0,"turns":15.0},{"damage":39.0,"enemies":"3 Byrds","floor":18.0,"turns":12.0},{"damage":7,"enemies":"Spheric Guardian","floor":22,"turns":4},{"damage":39,"enemies":"Slavers","floor":24,"turns":7}],"seed_played":"-1075400013640069859","potions_obtained":[{"floor":5.0,"key":"Energy Potion"},{"floor":16.0,"key":"SteroidPotion"}],"is_trial":false,"path_per_floor":["M","?","M","$","M","?","R","M","T","R","?","$","R","$","R","B",null,"M","?","$","?","M","R","E"],"character_chosen":"THE_SILENT","items_purchased":["Dash","PowerPotion"],"campfire_rested":0,"item_purchase_floors":[4,12],"current_hp_per_floor":[60,70,70,70,70,70,70,67,67,67,67,67,67,67,67,58,67,30,30,30,44,39,39,0],"gold":63,"neow_bonus":"BOSS_RELIC","is_prod":false,"is_daily":false,"chose_seed":false,"campfire_upgraded":5,"win_rate":0,"timestamp":1546727796,"path_taken":["M","?","M","?","M","?","R","?","T","R","?","$","R","$","R","BOSS","M","?","?","?","M","R","E"],"build_version":"2019-01-03v4","purchased_purges":0,"victory":false,"max_hp_per_floor":[70,70,70,70,70,70,70,70,70,70,70,70,70,70,70,70,70,72,72,72,86,88,88,88],"card_choices":[{"not_picked":["Dagger Spray","Bane"],"picked":"Dodge and Roll","floor":1.0},{"not_picked":["Poisoned Stab","Underhanded Strike"],"picked":"Masterful Stab","floor":3.0},{"not_picked":["Riddle With Holes","Deflect","Dagger Spray"],"picked":"SKIP","floor":5.0},{"not_picked":["Underhanded Strike","Catalyst","Dagger Spray"],"picked":"SKIP","floor":8.0},{"not_picked":["Phantasmal Killer","Doppelganger"],"picked":"Wraith Form v2","floor":16.0},{"not_picked":["Concentrate","Poisoned Stab","Sucker Punch"],"picked":"Singing Bowl","floor":18.0},{"not_picked":["Slice","Expertise","Bane"],"picked":"Singing Bowl","floor":22}],"player_experience":350024,"relics_obtained":[{"floor":9.0,"key":"Singing Bowl"}],"event_choices":[{"damage_healed":17.0,"max_hp_gain":0.0,"max_hp_loss":0.0,"gold_gain":0.0,"event_name":"The Cleric","player_choice":"Healed","floor":2.0,"gold_loss":35.0,"damage_taken":0.0},{"damage_healed":0.0,"max_hp_gain":0.0,"max_hp_loss":0.0,"gold_gain":0.0,"event_name":"Liars Game","player_choice":"Ignored","floor":6.0,"gold_loss":0.0,"damage_taken":0.0},{"damage_healed":0.0,"max_hp_gain":0.0,"max_hp_loss":0.0,"gold_gain":0.0,"event_name":"Dead Adventurer","player_choice":"Searched \u00271\u0027 times","floor":11.0,"gold_loss":0.0,"damage_taken":0.0,"relics_obtained":["Kunai"]},{"damage_healed":0,"gold_gain":0,"player_choice":"Leave","damage_taken":0,"max_hp_gain":0,"max_hp_loss":0,"event_name":"FaceTrader","floor":19,"gold_loss":0},{"damage_healed":0,"gold_gain":0,"player_choice":"Obtained Relic","damage_taken":0,"relics_obtained":["Mango"],"max_hp_gain":0,"max_hp_loss":0,"event_name":"Addict","floor":21,"gold_loss":85}],"is_beta":false,"boss_relics":[{"not_picked":["Velvet Choker","Snecko Eye"],"picked":"WristBlade"}],"items_purged_floors":[],"is_endless":false,"potions_floor_spawned":[5,16,18],"killed_by":"Slavers","ascension_level":11}