{"gold_per_floor":[109,109,123,123,198,198,223,242,242,242,11,27,59,59,59,159,159,169,185,185,201,201,201],"floor_reached":23,"playtime":1167,"items_purged":["Strike_R"],"score":269,"play_id":"3bbc841e-3bc9-4f3c-a492-19d314800d5a","local_time":"20190123020027","is_ascension_mode":true,"campfire_choices":[{"data":"Armaments","floor":6,"key":"SMITH"},{"data":"Heavy Blade","floor":15,"key":"SMITH"}],"neow_cost":"NONE","seed_source_timestamp":913168714953580,"circlet_count":0,"master_deck":["Strike_R","Strike_R","Strike_R","Strike_R","Defend_R","Defend_R","Defend_R","Bash","Armaments+1","Flex","Armaments","Inflame","Thunderclap","Heavy Blade+1","Berserk","Twin Strike"],"relics":["Burning Blood","NeowsBlessing","Torii","Gremlin Horn","Bottled Tornado","Blood Vial","Pantograph","Philosopher\u0027s Stone","Shovel"],"potions_floor_usage":[16,19,23,23],"damage_taken":[{"damage":0,"enemies":"2 Louse","floor":1,"turns":1},{"damage":0,"enemies":"Jaw Worm","floor":3,"turns":1},{"damage":0,"enemies":"3 Sentries","floor":7,"turns":2},{"damage":1,"enemies":"Cultist","floor":8,"turns":3},{"damage":18,"enemies":"Exordium Thugs","floor":12,"turns":6},{"damage":17,"enemies":"Gremlin Nob","floor":13,"turns":4},{"damage":2,"enemies":"The Guardian","floor":16,"turns":12},{"damage":24,"enemies":"2 Thieves","floor":18,"turns":4},{"damage":9,"enemies":"Shell Parasite","floor":19,"turns":3},{"damage":57,"enemies":"Snecko","floor":21,"turns":5},{"damage":15,"enemies":"Book of Stabbing","floor":23,"turns":1}],"seed_played":"1865592555489357677","potions_obtained":[{"floor":3,"key":"Energy Potion"},{"floor":13,"key":"Dexterity Potion"},{"floor":19,"key":"FearPotion"},{"floor":21,"key":"Poison Potion"}],"is_trial":false,"path_per_floor":["M","?","M","$","?","R","E","M","T","T","$","M","E","?","R","B",null,"M","M","T","M","?","E"],"character_chosen":"IRONCLAD","items_purchased":["Blood Vial"],"campfire_rested":0,"item_purchase_floors":[11],"current_hp_per_floor":[80,73,79,79,68,68,74,79,79,79,79,68,59,59,59,80,80,62,61,61,12,12,0],"gold":201,"neow_bonus":"THREE_ENEMY_KILL","is_prod":false,"is_daily":false,"chose_seed":false,"campfire_upgraded":2,"win_rate":0,"timestamp":1548237627,"path_taken":["M","?","M","$","?","R","E","M","T","?","?","?","E","?","R","BOSS","M","?","?","?","?","E"],"build_version":"2019-01-17v2","purchased_purges":1,"victory":false,"max_hp_per_floor":[80,80,80,80,80,80,80,80,80,80,80,80,80,80,80,80,80,80,80,80,80,80,80],"card_choices":[{"not_picked":["Disarm","Headbutt"],"picked":"Armaments","floor":1},{"not_picked":["Rupture","Clothesline"],"picked":"Flex","floor":3},{"not_picked":["Uppercut","Anger"],"picked":"Armaments","floor":7},{"not_picked":["Flex","Pommel Strike"],"picked":"Inflame","floor":8},{"not_picked":["Fire Breathing","Rupture"],"picked":"Thunderclap","floor":12},{"not_picked":["Wild Strike","Sentinel"],"picked":"Heavy Blade","floor":13},{"not_picked":["Brutality","Exhume"],"picked":"Berserk","floor":16},{"not_picked":["Seeing Red","Clash"],"picked":"Twin Strike","floor":18},{"not_picked":["Corruption","Havoc+1","Combust"],"picked":"SKIP","floor":19},{"not_picked":["Body Slam+1","True Grit","Armaments"],"picked":"SKIP","floor":21}],"player_experience":209889,"relics_obtained":[{"floor":7,"key":"Torii"},{"floor":9,"key":"Gremlin Horn"},{"floor":10,"key":"Bottled Tornado"},{"floor":13,"key":"Pantograph"},{"floor":20,"key":"Shovel"}],"event_choices":[{"cards_removed":["Defend_R"],"damage_healed":0,"gold_gain":0,"player_choice":"Card Removal","damage_taken":7,"max_hp_gain":0,"max_hp_loss":0,"event_name":"Golden Wing","floor":2,"gold_loss":0},{"damage_healed":0,"gold_gain":75,"player_choice":"Gather Gold","damage_taken":11,"max_hp_gain":0,"max_hp_loss":0,"event_name":"World of Goop","floor":5,"gold_loss":0},{"damage_healed":0,"gold_gain":0,"player_choice":"Bought 0 Potions","damage_taken":0,"max_hp_gain":0,"max_hp_loss":0,"event_name":"The Woman in Blue","floor":14,"gold_loss":0},{"damage_healed":0,"gold_gain":0,"player_choice":"Ignored","damage_taken":0,"max_hp_gain":0,"max_hp_loss":0,"event_name":"Cursed Tome","floor":22,"gold_loss":0}],"is_beta":false,"boss_relics":[{"not_picked":["Tiny House","Fusion Hammer"],"picked":"Philosopher\u0027s Stone"}],"items_purged_floors":[11],"is_endless":false,"potions_floor_spawned":[3,13,19,21],"killed_by":"Book of Stabbing","ascension_level":4}