{"gold_per_floor":[119,119,135,135,100,124,138,138,163,163,197,215,28,69,69,199,199,223,17,17,32,32,68,33,33,33,57,57,57,78,109,109,239,239,258,258,274,295,295,295,295,318,386,181,181,217,92,110,110,110],"floor_reached":51,"playtime":4737,"items_purged":["Regret","Strike_B","Strike_B"],"score":798,"play_id":"6f575736-0b01-44a4-bc65-ac15ce818282","local_time":"20180730232849","is_ascension_mode":false,"campfire_choices":[{"data":"Zap","floor":8,"key":"SMITH"},{"floor":15,"key":"REST"},{"data":"Scrape","floor":25,"key":"SMITH"},{"data":"Dualcast","floor":28,"key":"SMITH"},{"data":"Reboot","floor":32,"key":"SMITH"},{"data":"Hologram","floor":40,"key":"SMITH"},{"data":"Hologram","floor":45,"key":"SMITH"},{"data":"Apotheosis","floor":49,"key":"SMITH"}],"neow_cost":"","seed_source_timestamp":2816641531770119,"circlet_count":0,"master_deck":["Defend_B+1","Defend_B","Defend_B+1","Defend_B","Zap+1","Dualcast+1","Gash","Gash","Sweeping Beam","Gash","Reinforced Body","Cold Snap","Melter","Loop","Cold Snap","Reboot+1","Scrape+1","Streamline","Apotheosis+1","BootSequence","Gash","Scrape","Double Energy+1","Glacier+1","Streamline+1","Beam Cell","Scrape+1","Hologram+1","Hologram+1","Hologram+1","Scrape","All For One","Double Energy","Steam","Beam Cell","Gash+1"],"relics":["Cracked Core","Golden Idol","Bag of Preparation","Anchor","Gremlin Horn","War Paint","Nuclear Battery","Enchiridion","Pear","Letter Opener","Mummified Hand","Runic Dome","Bird Faced Urn","Smiling Mask","Potion Belt"],"potions_floor_usage":[11,11,16,23,33,33,46,50,50],"damage_taken":[{"damage":3,"enemies":"Jaw Worm","floor":1,"turns":3},{"damage":2,"enemies":"2 Louse","floor":3,"turns":3},{"damage":2,"enemies":"Small Slimes","floor":6,"turns":3},{"damage":8,"enemies":"Gremlin Gang","floor":7,"turns":3},{"damage":27,"enemies":"Lagavulin","floor":11,"turns":5},{"damage":6,"enemies":"Blue Slaver","floor":12,"turns":3},{"damage":15,"enemies":"Gremlin Nob","floor":14,"turns":4},{"damage":12,"enemies":"The Guardian","floor":16,"turns":10},{"damage":0,"enemies":"Chosen","floor":18,"turns":4},{"damage":0,"enemies":"Spheric Guardian","floor":21,"turns":2},{"damage":16,"enemies":"Slavers","floor":23,"turns":6},{"damage":0,"enemies":"Snecko","floor":27,"turns":4},{"damage":8,"enemies":"Snake Plant","floor":30,"turns":3},{"damage":0,"enemies":"Gremlin Leader","floor":31,"turns":4},{"damage":28,"enemies":"Collector","floor":33,"turns":9},{"damage":0,"enemies":"Orb Walker","floor":35,"turns":2},{"damage":3,"enemies":"3 Darklings","floor":37,"turns":4},{"damage":0,"enemies":"Flame Bruiser 2 Orb","floor":38,"turns":3},{"damage":3,"floor":39,"turns":6},{"damage":1,"enemies":"Sphere and 2 Shapes","floor":42,"turns":2},{"damage":0,"enemies":"2 Orb Walkers","floor":46,"turns":4},{"damage":13,"enemies":"Spire Growth","floor":48,"turns":3},{"damage":11,"enemies":"Donu and Deca","floor":50,"turns":4}],"seed_played":"6271376491254302773","potions_obtained":[{"floor":3,"key":"FocusPotion"},{"floor":6,"key":"Ancient Potion"},{"floor":11,"key":"Energy Potion"},{"floor":14,"key":"Swift Potion"},{"floor":16,"key":"Explosive Potion"},{"floor":21,"key":"PowerPotion"},{"floor":30,"key":"Block Potion"},{"floor":42,"key":"SkillPotion"},{"floor":46,"key":"AttackPotion"},{"floor":48,"key":"Energy Potion"}],"is_trial":false,"path_per_floor":["M","?","M","?","?","M","M","R","T","?","E","M","$","E","R","B",null,"M","$","?","M","$","E","$","R","T","M","R","?","M","E","R","B",null,"M","?","M","M","?","R","?","M","T","$","R","E","$","M","R","B"],"character_chosen":"DEFECT","items_purchased":["Melter","Loop","Streamline","Apotheosis","Scrape","All For One","Steam","Beam Cell"],"campfire_rested":1,"item_purchase_floors":[13,13,19,19,24,44,47,47],"current_hp_per_floor":[72,54,52,45,63,61,53,53,53,53,26,20,20,5,27,15,75,75,75,59,59,59,53,53,53,53,53,53,53,45,45,45,17,85,85,85,85,85,82,82,82,84,84,84,84,85,85,72,72,65],"gold":110,"neow_bonus":"","is_prod":false,"is_daily":false,"chose_seed":false,"campfire_upgraded":7,"win_rate":0.0,"timestamp":1532989729,"path_taken":["M","?","M","?","?","M","M","R","T","?","E","M","?","E","R","BOSS","M","$","?","M","$","E","?","R","T","?","R","?","M","E","R","BOSS","M","?","M","M","?","R","?","?","T","$","R","E","$","M","R","BOSS"],"build_version":"2018-07-26","purchased_purges":3,"victory":true,"max_hp_per_floor":[75,75,75,75,75,75,75,75,75,75,75,75,75,75,75,75,75,75,75,75,75,75,85,85,85,85,85,85,85,85,85,85,85,85,85,85,85,85,85,85,85,85,85,85,85,85,85,85,85,85],"card_choices":[{"not_picked":["Coolheaded","Double Energy"],"picked":"Gash","floor":1},{"not_picked":["Steam","Glacier"],"picked":"Gash","floor":3},{"not_picked":["Blizzard","Steam"],"picked":"Sweeping Beam","floor":6},{"not_picked":["Stack","Biased Cognition"],"picked":"Gash","floor":7},{"not_picked":["Steam Power","Tempest"],"picked":"Reinforced Body","floor":11},{"not_picked":["Beam Cell","Genetic Algorithm"],"picked":"Cold Snap","floor":12},{"not_picked":["Fusion","Redo"],"picked":"Cold Snap","floor":14},{"not_picked":["Multi-Cast","Biased Cognition"],"picked":"Reboot","floor":16},{"not_picked":["Self Repair","Force Field"],"picked":"Scrape","floor":18},{"not_picked":["Ball Lightning+1","Chill"],"picked":"BootSequence","floor":21},{"not_picked":["Rip and Tear","Coolheaded+1"],"picked":"Gash","floor":23},{"not_picked":["Storm","Beam Cell"],"picked":"Double Energy+1","floor":27},{"not_picked":["Leap","Rip and Tear"],"picked":"Glacier+1","floor":30},{"not_picked":["Tempest+1","Double Energy"],"picked":"Streamline+1","floor":31},{"not_picked":["Seek","Buffer"],"picked":"Electrodynamics","floor":33},{"not_picked":["Cold Snap","Conserve Battery+1"],"picked":"Beam Cell","floor":35},{"not_picked":["Steam","Defragment+1"],"picked":"Hologram","floor":37},{"not_picked":["Leap","Stack+1"],"picked":"Hologram+1","floor":38},{"not_picked":["Genetic Algorithm","Stack"],"picked":"Hologram","floor":39},{"not_picked":["Genetic Algorithm","Ball Lightning+1"],"picked":"Scrape","floor":42},{"not_picked":["Reprogram+1","Leap"],"picked":"Double Energy","floor":46},{"not_picked":["Ball Lightning+1","Hologram"],"picked":"Gash+1","floor":48}],"player_experience":42752,"relics_obtained":[{"floor":9,"key":"Bag of Preparation"},{"floor":11,"key":"Gremlin Horn"},{"floor":14,"key":"War Paint"},{"floor":20,"key":"Enchiridion"},{"floor":23,"key":"Pear"},{"floor":26,"key":"Letter Opener"},{"floor":31,"key":"Mummified Hand"},{"floor":39,"key":"Bird Faced Urn"},{"floor":43,"key":"Smiling Mask"},{"floor":46,"key":"Potion Belt"}],"event_choices":[{"event_name":"Golden Idol","player_choice":"Take Damage","floor":2,"damage_taken":0},{"event_name":"Golden Wing","player_choice":"Card Removal","floor":4,"damage_taken":0},{"event_name":"The Cleric","player_choice":"Healed","floor":5,"damage_taken":0},{"event_name":"Big Fish","player_choice":"Box","floor":10,"damage_taken":0},{"event_name":"Cursed Tome","player_choice":"Obtained Book","floor":20,"damage_taken":0},{"event_name":"Bonfire Elementals","player_choice":"BASIC","floor":29,"damage_taken":0},{"event_name":"Duplicator","player_choice":"One dupe","floor":36,"damage_taken":0},{"event_name":"MindBloom","player_choice":"Fight","floor":39,"damage_taken":0},{"event_name":"Falling","player_choice":"Removed Power","floor":41,"damage_taken":0}],"is_beta":false,"boss_relics":[{"not_picked":["Lizard Tail","Tiny House"],"picked":"Nuclear Battery"},{"not_picked":["FrozenCore","Fusion Hammer"],"picked":"Runic Dome"}],"items_purged_floors":[13,44,47],"is_endless":false,"potions_floor_spawned":[3,6,11,14,16,21,30,42,46,48],"ascension_level":0}