{"gold_per_floor":[111,111,186,212,212,239,239,252,302,313,313,327,24,37,37,136,136,151,151,171,181,196,196,196,196,221,0,0,16,16,16,16,114,114,126,126,137,155,155,155,175,21,21,34,49,61,61,78,78,78],"floor_reached":51,"playtime":3837,"items_purged":["Strike_B"],"score":651,"play_id":"5a89e9af-7834-4992-9a49-566493ac8a54","local_time":"20190111034315","is_ascension_mode":false,"campfire_choices":[{"data":"Zap","floor":7,"key":"SMITH"},{"data":"Capacitor","floor":11,"key":"SMITH"},{"floor":15,"key":"REST"},{"floor":23,"key":"REST"},{"floor":28,"key":"REST"},{"data":"Seek","floor":30,"key":"SMITH"},{"data":"Cold Snap","floor":32,"key":"SMITH"},{"data":"Machine Learning","floor":40,"key":"SMITH"},{"floor":47,"key":"REST"},{"floor":49,"key":"REST"}],"neow_cost":"NONE","seed_source_timestamp":136208488065555,"circlet_count":0,"master_deck":["Strike_B","Strike_B","Defend_B+1","Defend_B","Defend_B+1","Zap+1","Dualcast","Rip and Tear","Cold Snap+1","Capacitor+1","Ball Lightning","Ball Lightning","Seek+1","Beam Cell","Electrodynamics+1","Conserve Battery+1","Redo+1","Sweeping Beam","Stack+1","Necronomicurse","Go for the Eyes","Machine Learning+1","Sweeping Beam+1","Coolheaded+1","Parasite","Barrage+1","Reinforced Body","Cold Snap+1","Parasite","Steam+1","Capacitor+1"],"relics":["Cracked Core","NeowsBlessing","Dream Catcher","Potion Belt","Ice Cream","Philosopher\u0027s Stone","Nloth\u0027s Gift","MutagenicStrength","Necronomicon","Regal Pillow","Blood Vial","White Beast Statue","Anchor","Strawberry"],"potions_floor_usage":[12,16,16,33,33,33,37,41,41,48,50,50,50,50,50],"damage_taken":[{"damage":0,"enemies":"Jaw Worm","floor":1,"turns":1},{"damage":0,"enemies":"3 Sentries","floor":6,"turns":1},{"damage":0,"enemies":"2 Louse","floor":8,"turns":1},{"damage":0,"enemies":"Small Slimes","floor":10,"turns":3},{"damage":1,"enemies":"Red Slaver","floor":12,"turns":2},{"damage":10,"enemies":"3 Louse","floor":14,"turns":3},{"damage":24,"enemies":"The Guardian","floor":16,"turns":9},{"damage":12,"enemies":"Chosen","floor":18,"turns":3},{"damage":10,"enemies":"Shell Parasite","floor":20,"turns":4},{"damage":14,"enemies":"Centurion and Healer","floor":21,"turns":5},{"damage":23,"enemies":"Cultist and Chosen","floor":22,"turns":5},{"damage":1,"enemies":"Snecko","floor":29,"turns":3},{"damage":14,"enemies":"Collector","floor":33,"turns":6},{"damage":0,"enemies":"3 Shapes","floor":35,"turns":3},{"damage":6,"enemies":"Orb Walker","floor":37,"turns":3},{"damage":11,"enemies":"4 Shapes","floor":38,"turns":2},{"damage":32,"enemies":"Writhing Mass","floor":41,"turns":6},{"damage":0,"enemies":"Spire Growth","floor":44,"turns":4},{"damage":11,"enemies":"Jaw Worm Horde","floor":45,"turns":4},{"damage":0,"enemies":"Writhing Mass","floor":46,"turns":8},{"damage":10,"enemies":"Sphere and 2 Shapes","floor":48,"turns":3},{"damage":24,"enemies":"Time Eater","floor":50,"turns":12}],"seed_played":"1187771171817345571","potions_obtained":[{"floor":6,"key":"SkillPotion"},{"floor":8,"key":"SteroidPotion"},{"floor":12,"key":"GamblersBrew"},{"floor":16,"key":"FearPotion"},{"floor":21,"key":"FocusPotion"},{"floor":29,"key":"SteroidPotion"},{"floor":33,"key":"SpeedPotion"},{"floor":35,"key":"Weak Potion"},{"floor":37,"key":"Swift Potion"},{"floor":38,"key":"EssenceOfSteel"},{"floor":41,"key":"LiquidBronze"},{"floor":44,"key":"GamblersBrew"},{"floor":45,"key":"FearPotion"},{"floor":46,"key":"AttackPotion"},{"floor":48,"key":"FocusPotion"}],"is_trial":false,"path_per_floor":["M","?","?","T","?","E","R","M","T","M","R","M","$","M","R","B",null,"M","?","M","M","M","R","?","?","T","$","R","M","R","?","R","B",null,"M","?","M","M","?","R","M","$","T","M","M","M","R","M","R","B",null],"character_chosen":"DEFECT","items_purchased":["Ice Cream","Blood Vial","Anchor"],"campfire_rested":5,"item_purchase_floors":[13,27,42],"current_hp_per_floor":[75,80,69,69,69,69,69,69,69,69,69,68,68,58,80,56,80,68,68,58,44,21,45,45,29,29,29,68,69,69,69,69,57,80,80,80,74,65,65,65,35,35,42,44,35,37,78,70,87,63],"gold":78,"neow_bonus":"THREE_ENEMY_KILL","is_prod":false,"is_daily":false,"chose_seed":false,"campfire_upgraded":5,"win_rate":0.0,"timestamp":1547206995,"path_taken":["M","?","?","?","?","E","R","M","T","M","R","M","$","?","R","BOSS","M","?","M","?","M","R","?","?","T","?","R","M","R","?","R","BOSS","M","?","M","?","?","R","M","$","T","M","M","M","R","?","R","BOSS"],"build_version":"2019-01-10","purchased_purges":1,"victory":true,"max_hp_per_floor":[75,80,80,80,80,80,80,80,80,80,80,80,80,80,80,80,80,80,80,80,80,80,80,80,80,80,80,80,80,80,80,80,80,80,80,80,80,80,80,80,80,80,87,87,87,87,87,87,87,87],"card_choices":[{"not_picked":["Barrage","Heatsinks"],"picked":"Rip and Tear","floor":1},{"not_picked":["Hologram","Leap"],"picked":"Cold Snap","floor":6},{"not_picked":["Conserve Battery","Sweeping Beam"],"picked":"Capacitor","floor":8},{"not_picked":["Compile Driver","Streamline"],"picked":"Ball Lightning","floor":10},{"not_picked":["Coolheaded","Barrage"],"picked":"Ball Lightning","floor":12},{"not_picked":["Capacitor","Streamline"],"picked":"Seek","floor":14},{"not_picked":["Aggregate","Hologram"],"picked":"Beam Cell","floor":15},{"not_picked":["Thunder Strike","Seek"],"picked":"Electrodynamics","floor":16},{"not_picked":["Gash","Redo+1"],"picked":"Conserve Battery+1","floor":18},{"not_picked":["Double Energy","FTL+1"],"picked":"Redo+1","floor":20},{"not_picked":["Heatsinks","Rebound"],"picked":"Sweeping Beam","floor":21},{"not_picked":["Stack+1","Storm","Redo"],"picked":"SKIP","floor":22},{"not_picked":["Doom and Gloom","Capacitor+1"],"picked":"Stack+1","floor":23},{"not_picked":["Barrage","Thunder Strike"],"picked":"Go for the Eyes","floor":28},{"not_picked":["Double Energy","Stack","White Noise"],"picked":"SKIP","floor":29},{"not_picked":["All For One","Reboot"],"picked":"Machine Learning","floor":33},{"not_picked":["Rebound","Coolheaded"],"picked":"Sweeping Beam+1","floor":35},{"not_picked":["Rebound","Hologram"],"picked":"Coolheaded+1","floor":37},{"not_picked":["Beam Cell+1","Coolheaded","Redo"],"picked":"SKIP","floor":38},{"not_picked":["Auto Shields","Ball Lightning+1"],"picked":"Barrage+1","floor":41},{"not_picked":["Gash","Redo"],"picked":"Reinforced Body","floor":44},{"not_picked":["Sweeping Beam","All For One"],"picked":"Cold Snap+1","floor":45},{"not_picked":["Gash","Chill+1"],"picked":"Steam+1","floor":46},{"not_picked":["Reboot","Darkness+1"],"picked":"Capacitor+1","floor":48}],"player_experience":116605,"relics_obtained":[{"floor":4,"key":"War Paint"},{"floor":6,"key":"Dream Catcher"},{"floor":9,"key":"Potion Belt"},{"floor":25,"key":"Necronomicon"},{"floor":26,"key":"Regal Pillow"},{"floor":43,"key":"Strawberry"}],"event_choices":[{"damage_healed":0,"gold_gain":0,"player_choice":"Donut","damage_taken":0,"max_hp_gain":5,"max_hp_loss":0,"event_name":"Big Fish","floor":2,"gold_loss":0},{"damage_healed":0,"gold_gain":75,"player_choice":"Gather Gold","damage_taken":11,"max_hp_gain":0,"max_hp_loss":0,"event_name":"World of Goop","floor":3,"gold_loss":0},{"cards_removed":["Defend_B"],"damage_healed":0,"gold_gain":0,"player_choice":"Offered Basic","damage_taken":0,"max_hp_gain":0,"max_hp_loss":0,"event_name":"Bonfire Elementals","floor":5,"gold_loss":0},{"damage_healed":0,"gold_gain":0,"player_choice":"Traded Relic","damage_taken":0,"relics_obtained":["Nloth\u0027s Gift"],"max_hp_gain":0,"max_hp_loss":0,"event_name":"N\u0027loth","floor":19,"relics_lost":["War Paint"],"gold_loss":0},{"damage_healed":0,"gold_gain":0,"player_choice":"Inject Mutagens","damage_taken":0,"relics_obtained":["MutagenicStrength"],"max_hp_gain":0,"max_hp_loss":0,"event_name":"Drug Dealer","floor":24,"gold_loss":0},{"damage_healed":0,"gold_gain":0,"player_choice":"Obtained Book","damage_taken":16,"max_hp_gain":0,"max_hp_loss":0,"event_name":"Cursed Tome","floor":25,"gold_loss":0},{"damage_healed":0,"gold_gain":0,"player_choice":"Forge","damage_taken":0,"max_hp_gain":0,"max_hp_loss":0,"event_name":"Accursed Blacksmith","floor":31,"gold_loss":0,"cards_upgraded":["Electrodynamics"]},{"cards_removed":["Strike_B"],"damage_healed":0,"gold_gain":0,"player_choice":"Purged","damage_taken":0,"max_hp_gain":0,"max_hp_loss":0,"event_name":"Purifier","floor":36,"gold_loss":0},{"damage_healed":0,"gold_gain":0,"player_choice":"Bought 0 Potions","damage_taken":0,"max_hp_gain":0,"max_hp_loss":0,"event_name":"The Woman in Blue","floor":39,"gold_loss":0}],"is_beta":false,"boss_relics":[{"not_picked":["Tiny House","FrozenCore"],"picked":"Philosopher\u0027s Stone"},{"not_picked":["Snecko Eye","Orrery"],"picked":"White Beast Statue"}],"items_purged_floors":[27],"is_endless":false,"potions_floor_spawned":[6,8,12,16,21,29,33,35,37,38,41,44,45,46,48],"ascension_level":0}