{"gold_per_floor":[122,134,109,134,146,158,202,232,244,256,268,297,343,355,367,379],"floor_reached":16,"playtime":601,"items_purged":[],"score":113,"play_id":"ee4a6d5a-2ad1-43a7-9d1a-bc6db7094ee4","local_time":"20181228003440","is_ascension_mode":true,"campfire_choices":[{"data":"Clothesline","floor":6,"key":"SMITH"},{"data":"Fire Breathing","floor":10,"key":"SMITH"},{"floor":15,"key":"REST"}],"neow_cost":"NONE","seed_source_timestamp":553228995456814,"circlet_count":0,"master_deck":["Strike_R","Strike_R","Strike_R","Strike_R","Strike_R","Defend_R","Defend_R","Defend_R","Defend_R","Bash","Pommel Strike","Clothesline+1","Fire Breathing+1","Uppercut","Seeing Red","Rage"],"relics":["Burning Blood","MawBank","Dodecahedron","Darkstone Periapt","Gremlin Horn","Prayer Wheel"],"potions_floor_usage":[13,16,16],"damage_taken":[{"damage":6,"enemies":"Jaw Worm","floor":1,"turns":4},{"damage":8,"enemies":"Small Slimes","floor":4,"turns":3},{"damage":45,"enemies":"3 Sentries","floor":7,"turns":10},{"damage":1,"enemies":"2 Louse","floor":8,"turns":3},{"damage":5,"enemies":"Looter","floor":12,"turns":4},{"damage":21,"enemies":"Gremlin Nob","floor":13,"turns":5},{"damage":52,"enemies":"The Guardian","floor":16,"turns":14}],"seed_played":"-8679820854353238698","potions_obtained":[{"floor":4,"key":"Explosive Potion"},{"floor":12,"key":"LiquidBronze"},{"floor":13,"key":"PowerPotion"}],"is_trial":false,"path_per_floor":["M","?","?","M","?","R","E","M","T","R","$","M","E","?","R","B"],"character_chosen":"IRONCLAD","items_purchased":[],"campfire_rested":1,"item_purchase_floors":[],"current_hp_per_floor":[80,73,73,71,71,71,32,37,37,37,37,38,23,23,47,0],"gold":379,"neow_bonus":"RANDOM_COMMON_RELIC","is_prod":false,"is_daily":false,"chose_seed":false,"campfire_upgraded":2,"win_rate":0,"timestamp":1545950080,"path_taken":["M","?","?","M","?","R","E","M","T","R","?","M","E","?","R","BOSS"],"build_version":"2018-12-20","purchased_purges":0,"victory":false,"max_hp_per_floor":[80,80,80,80,80,80,80,80,80,80,80,80,80,80,80,80],"card_choices":[{"not_picked":["Rupture","Wild Strike"],"picked":"Pommel Strike","floor":1},{"not_picked":["Perfected Strike","Twin Strike"],"picked":"Clothesline","floor":4},{"not_picked":["Infernal Blade","Intimidate"],"picked":"Fire Breathing","floor":7},{"not_picked":["Wild Strike","Clothesline"],"picked":"Uppercut","floor":8},{"not_picked":["Heavy Blade","Headbutt"],"picked":"Seeing Red","floor":12},{"not_picked":["Cleave","Flex"],"picked":"Rage","floor":13}],"player_experience":30848,"relics_obtained":[{"floor":7,"key":"Darkstone Periapt"},{"floor":9,"key":"Gremlin Horn"},{"floor":13,"key":"Prayer Wheel"}],"event_choices":[{"damage_healed":0,"gold_gain":0,"player_choice":"Success","damage_taken":7,"relics_obtained":["Dodecahedron"],"max_hp_gain":0,"max_hp_loss":0,"event_name":"Scrap Ooze","floor":2,"gold_loss":0},{"damage_healed":0,"gold_gain":0,"player_choice":"Left Gold","damage_taken":0,"max_hp_gain":0,"max_hp_loss":0,"event_name":"World of Goop","floor":3,"gold_loss":37},{"damage_healed":0,"gold_gain":0,"player_choice":"Leave","damage_taken":0,"max_hp_gain":0,"max_hp_loss":0,"event_name":"The Cleric","floor":5,"gold_loss":0},{"damage_healed":0,"gold_gain":0,"player_choice":"Searched \u00271\u0027 times","damage_taken":0,"max_hp_gain":0,"max_hp_loss":0,"event_name":"Dead Adventurer","floor":14,"gold_loss":0}],"is_beta":false,"boss_relics":[],"items_purged_floors":[],"is_endless":false,"potions_floor_spawned":[4,12,13],"killed_by":"The Guardian","ascension_level":1}