{"gold_per_floor":[115,115,115,16,27,27,53,68,137,37,37,49,64,64,64,159,159,170,184,200,210,223,223,223],"floor_reached":24,"playtime":777,"items_purged":["Strike_B","Defend_B"],"score":200,"play_id":"7c872d5b-c2c2-44de-b8eb-b3d11e387e93","local_time":"20190216144234","is_ascension_mode":false,"campfire_choices":[{"data":"Hologram","floor":6,"key":"SMITH"},{"data":"Dualcast","floor":11,"key":"SMITH"},{"data":"Reinforced Body","floor":15,"key":"SMITH"},{"data":"Tempest","floor":23,"key":"SMITH"}],"neow_cost":"NONE","seed_source_timestamp":943873016642,"circlet_count":0,"master_deck":["Strike_B","Strike_B","Strike_B","Defend_B","Defend_B","Defend_B","Zap+1","Dualcast+1","Ball Lightning","Leap","Hologram+1","Core Surge","Leap","Reinforced Body+1","Cold Snap","Creative AI+1","Go for the Eyes","Ball Lightning+1","Tempest+1"],"relics":["Cracked Core","Bronze Scales","Dream Catcher","Frozen Egg 2","Philosopher\u0027s Stone"],"potions_floor_usage":[18,18,21,21],"damage_taken":[{"damage":4,"enemies":"2 Louse","floor":1,"turns":2},{"damage":0,"enemies":"Small Slimes","floor":5,"turns":2},{"damage":8,"enemies":"Lagavulin","floor":7,"turns":5},{"damage":0,"enemies":"Jaw Worm","floor":8,"turns":3},{"damage":2,"enemies":"Exordium Wildlife","floor":12,"turns":3},{"damage":1,"enemies":"Lots of Slimes","floor":13,"turns":3},{"damage":10,"enemies":"Hexaghost","floor":16,"turns":9},{"damage":0,"enemies":"3 Byrds","floor":18,"turns":3},{"damage":0,"enemies":"Spheric Guardian","floor":19,"turns":5},{"damage":12,"enemies":"Snecko","floor":20,"turns":9},{"damage":38,"enemies":"3 Cultists","floor":21,"turns":5},{"damage":31,"enemies":"Cultist and Chosen","floor":22,"turns":5},{"damage":13,"enemies":"Slavers","floor":24,"turns":1}],"seed_played":"7491001494311062165","potions_obtained":[{"floor":1,"key":"Regen Potion"},{"floor":5,"key":"Dexterity Potion"},{"floor":13,"key":"Weak Potion"},{"floor":18,"key":"LiquidBronze"},{"floor":20,"key":"FearPotion"}],"is_trial":false,"path_per_floor":["M","?","?","$","M","R","E","M","T","$","R","M","M","?","R","B",null,"M","M","M","M","M","R","E"],"character_chosen":"DEFECT","items_purchased":["Leap"],"campfire_rested":0,"item_purchase_floors":[4],"current_hp_per_floor":[71,76,69,69,69,69,61,61,61,61,61,59,58,58,58,48,80,80,80,68,39,8,8,0],"gold":223,"neow_bonus":"UPGRADE_CARD","is_prod":false,"is_daily":false,"chose_seed":false,"campfire_upgraded":4,"win_rate":0,"timestamp":1550349754,"path_taken":["M","?","?","?","M","R","E","M","T","$","R","M","?","?","R","BOSS","M","?","M","?","M","R","E"],"build_version":"2019-01-23","purchased_purges":2,"victory":false,"max_hp_per_floor":[75,80,80,80,80,80,80,80,80,80,80,80,80,80,80,80,80,80,80,80,80,80,80,80],"card_choices":[{"not_picked":["Sunder","Go for the Eyes"],"picked":"Ball Lightning","floor":1},{"not_picked":["Steam","Barrage"],"picked":"Hologram","floor":5},{"not_picked":["Rebound","Darkness"],"picked":"Core Surge","floor":7},{"not_picked":["Cold Snap","Stack"],"picked":"Leap","floor":8},{"not_picked":["Steam","Leap"],"picked":"Reinforced Body","floor":12},{"not_picked":["Steam","Reprogram"],"picked":"Cold Snap","floor":13},{"not_picked":["Rainbow","Machine Learning+1"],"picked":"Creative AI+1","floor":16},{"not_picked":["Hologram","Redo","Beam Cell"],"picked":"SKIP","floor":18},{"not_picked":["Cold Snap","Melter"],"picked":"Go for the Eyes","floor":19},{"not_picked":["Rebound","Sweeping Beam"],"picked":"Ball Lightning+1","floor":20},{"not_picked":["Static Discharge+1","Ball Lightning+1"],"picked":"Tempest","floor":21},{"not_picked":["Sunder","Beam Cell","Barrage+1"],"picked":"SKIP","floor":22}],"player_experience":838478,"relics_obtained":[{"floor":7,"key":"Dream Catcher"},{"floor":9,"key":"Frozen Egg 2"}],"event_choices":[{"damage_healed":0,"gold_gain":0,"player_choice":"Donut","damage_taken":0,"max_hp_gain":5,"max_hp_loss":0,"event_name":"Big Fish","floor":2,"gold_loss":0},{"damage_healed":0,"gold_gain":0,"player_choice":"Success","damage_taken":7,"relics_obtained":["Bronze Scales"],"max_hp_gain":0,"max_hp_loss":0,"event_name":"Scrap Ooze","floor":3,"gold_loss":0},{"damage_healed":0,"gold_gain":0,"player_choice":"Bought 0 Potions","damage_taken":0,"max_hp_gain":0,"max_hp_loss":0,"event_name":"The Woman in Blue","floor":14,"gold_loss":0}],"is_beta":false,"boss_relics":[{"not_picked":["Inserter","Eternal Feather"],"picked":"Philosopher\u0027s Stone"}],"items_purged_floors":[4,10],"is_endless":false,"potions_floor_spawned":[1,5,13,18,20],"killed_by":"Slavers","ascension_level":0}