{"gold_per_floor":[119,119,119,14,37,73,73,87,87,87,111,124,124,205,205,325,325,341,466,466,485,500,500,5,5,5,5,5,5,20,45,45,45],"floor_reached":33,"playtime":1770,"items_purged":[],"score":245,"play_id":"b022b7a8-7d18-4bd9-942f-f49ccaf9083e","local_time":"20181224145621","is_ascension_mode":false,"campfire_choices":[{"floor":7,"key":"REST"},{"data":"Clothesline","floor":10,"key":"SMITH"},{"data":"Metallicize","floor":13,"key":"SMITH"},{"floor":15,"key":"REST"},{"floor":23,"key":"REST"},{"data":"1","floor":25,"key":"LIFT"},{"data":"2","floor":27,"key":"LIFT"},{"data":"3","floor":29,"key":"LIFT"},{"data":"Heavy Blade","floor":32,"key":"SMITH"}],"neow_cost":"NONE","seed_source_timestamp":258159543925182,"circlet_count":0,"master_deck":["Strike_R+1","Strike_R+1","Strike_R+1","Strike_R+1","Strike_R+1","Defend_R+1","Defend_R+1","Defend_R+1","Defend_R+1","Bash","Cleave","Pommel Strike","Cleave","Spot Weakness","Clothesline+1","Armaments","Metallicize+1","Headbutt","Berserk","Second Wind","Rage","Heavy Blade+1","Battle Trance","Impervious","Uppercut"],"relics":["Black Blood","Golden Idol","Peace Pipe","Centennial Puzzle","Smiling Mask","WingedGreaves","Anchor","Girya","Frozen Egg 2","Thread and Needle","Darkstone Periapt"],"potions_floor_usage":[16,19,19,31,33,33],"damage_taken":[{"damage":8,"enemies":"Jaw Worm","floor":1,"turns":3},{"damage":7,"enemies":"2 Louse","floor":5,"turns":2},{"damage":28,"enemies":"Gremlin Nob","floor":6,"turns":4},{"damage":1,"enemies":"Cultist","floor":8,"turns":3},{"damage":14,"enemies":"2 Fungi Beasts","floor":11,"turns":3},{"damage":11,"enemies":"Exordium Wildlife","floor":12,"turns":3},{"damage":27,"enemies":"Lagavulin Event","floor":14,"turns":7},{"damage":26,"enemies":"The Guardian","floor":16,"turns":15},{"damage":14,"enemies":"Chosen","floor":18,"turns":5},{"damage":20,"enemies":"Colosseum Slavers","floor":19,"turns":6},{"damage":42,"enemies":"Colosseum Nobs","floor":19,"turns":7},{"damage":16,"enemies":"Spheric Guardian","floor":21,"turns":6},{"damage":15,"enemies":"Shelled Parasite and Fungi","floor":22,"turns":6},{"damage":3,"enemies":"Snecko","floor":30,"turns":5},{"damage":15,"enemies":"3 Cultists","floor":31,"turns":7},{"damage":54,"enemies":"Automaton","floor":33,"turns":10}],"seed_played":"5880055921568091665","potions_obtained":[{"floor":6,"key":"FearPotion"},{"floor":11,"key":"Weak Potion"},{"floor":14,"key":"Explosive Potion"},{"floor":16,"key":"SkillPotion"},{"floor":21,"key":"SpeedPotion"},{"floor":30,"key":"Explosive Potion"},{"floor":31,"key":"Explosive Potion"}],"is_trial":false,"path_per_floor":["M","?","?","?","M","E","R","M","T","R","M","M","R","?","R","B",null,"M","?","?","M","M","R","$","R","T","R","$","R","M","M","R","B"],"character_chosen":"IRONCLAD","items_purchased":["Battle Trance","Thread and Needle","Impervious"],"campfire_rested":3,"item_purchase_floors":[24,24,24],"current_hp_per_floor":[78,58,51,51,50,28,52,57,57,57,49,44,44,23,47,27,80,76,34,34,28,23,47,47,47,47,47,47,47,54,49,49,0],"gold":45,"neow_bonus":"THREE_CARDS","is_prod":false,"is_daily":false,"chose_seed":false,"campfire_upgraded":3,"win_rate":0.0,"timestamp":1545656181,"path_taken":["M","?","?","?","M","E","R","?","T","R","M","M","R","?","R","BOSS","M","?","?","M","M","R","$","R","T","R","?","R","M","?","R","BOSS"],"build_version":"2018-12-20","purchased_purges":0,"victory":false,"max_hp_per_floor":[80,80,80,80,80,80,80,80,80,80,80,80,80,80,80,80,80,80,80,80,80,80,80,80,80,80,80,80,80,80,80,80,80],"card_choices":[{"not_picked":["Twin Strike","Combust"],"picked":"Cleave","floor":0},{"not_picked":["Iron Wave","Hemokinesis"],"picked":"Pommel Strike","floor":1},{"not_picked":["Warcry","Burning Pact"],"picked":"Cleave","floor":5},{"not_picked":["Warcry","Combust"],"picked":"Spot Weakness","floor":6},{"not_picked":["Shrug It Off","Heavy Blade"],"picked":"Clothesline","floor":8},{"not_picked":["Whirlwind","Inflame"],"picked":"Armaments","floor":11},{"not_picked":["Pommel Strike","Clothesline"],"picked":"Metallicize","floor":12},{"not_picked":["Burning Pact","Thunderclap"],"picked":"Headbutt","floor":14},{"not_picked":["Fiend Fire","Bludgeon"],"picked":"Berserk","floor":16},{"not_picked":["Searing Blow","Cleave"],"picked":"Second Wind","floor":18},{"not_picked":["Sever Soul","Cleave"],"picked":"Rage","floor":19},{"not_picked":["Anger","Iron Wave","Headbutt"],"picked":"SKIP","floor":21},{"not_picked":["Second Wind","Perfected Strike"],"picked":"Heavy Blade","floor":22},{"not_picked":["Rage","Blood for Blood","Spot Weakness"],"picked":"SKIP","floor":30},{"not_picked":["Reckless Charge+1","Thunderclap"],"picked":"Uppercut","floor":31}],"player_experience":13488,"relics_obtained":[{"floor":6,"key":"Smiling Mask"},{"floor":9,"key":"WingedGreaves"},{"floor":19,"key":"Girya"},{"floor":19,"key":"Frozen Egg 2"},{"floor":26,"key":"Darkstone Periapt"}],"event_choices":[{"damage_healed":0,"gold_gain":0,"player_choice":"Take Damage","damage_taken":20,"relics_obtained":["Golden Idol"],"max_hp_gain":0,"max_hp_loss":0,"event_name":"Golden Idol","floor":2,"gold_loss":0},{"damage_healed":0,"gold_gain":0,"player_choice":"Success","damage_taken":7,"relics_obtained":["Peace Pipe"],"max_hp_gain":0,"max_hp_loss":0,"event_name":"Scrap Ooze","floor":3,"gold_loss":0},{"damage_healed":0,"gold_gain":0,"player_choice":"Paid Gold","damage_taken":0,"relics_obtained":["Centennial Puzzle"],"max_hp_gain":0,"max_hp_loss":0,"event_name":"WeMeetAgain","floor":4,"gold_loss":105},{"damage_healed":0,"gold_gain":0,"player_choice":"Searched \u00272\u0027 times","damage_taken":0,"relics_obtained":["Anchor"],"max_hp_gain":0,"max_hp_loss":0,"event_name":"Dead Adventurer","floor":14,"gold_loss":0},{"damage_healed":0,"gold_gain":0,"player_choice":"Fight","damage_taken":0,"max_hp_gain":0,"max_hp_loss":0,"event_name":"Colosseum","floor":19,"gold_loss":0},{"damage_healed":0,"gold_gain":0,"player_choice":"Fought Nobs","damage_taken":0,"max_hp_gain":0,"max_hp_loss":0,"event_name":"Colosseum","floor":19,"gold_loss":0},{"damage_healed":0,"gold_gain":0,"player_choice":"Simplicity","damage_taken":0,"max_hp_gain":0,"max_hp_loss":0,"event_name":"Back to Basics","floor":20,"gold_loss":0,"cards_upgraded":["Strike_R","Strike_R","Strike_R","Strike_R","Strike_R","Defend_R","Defend_R","Defend_R","Defend_R"]}],"is_beta":false,"boss_relics":[{"not_picked":["Orrery","Mark of Pain"],"picked":"Black Blood"}],"items_purged_floors":[],"is_endless":false,"potions_floor_spawned":[6,11,14,16,19,21,30,31],"killed_by":"Automaton","ascension_level":0}