{"gold_per_floor":[18,18,41,41,41,84,84,108,181,200,216,316,336,361,361,361],"floor_reached":16,"playtime":464,"items_purged":[],"score":104,"play_id":"f94a195f-2e01-48bd-ae7c-b9a96ae62bd5","local_time":"20190103205822","is_ascension_mode":false,"campfire_choices":[{"data":"Bash","floor":7.0,"key":"SMITH"},{"floor":15.0,"key":"REST"}],"neow_cost":"NO_GOLD","seed_source_timestamp":99985278713025,"circlet_count":0,"master_deck":["Strike_R","Strike_R","Strike_R","Strike_R","Defend_R","Defend_R","Defend_R","Bash+1","Flex"],"special_seed":0,"relics":["Burning Blood","Golden Idol","Boot","Bottled Lightning"],"potions_floor_usage":[16,16],"damage_taken":[{"damage":1.0,"enemies":"Cultist","floor":1.0,"turns":3.0},{"damage":6.0,"enemies":"Jaw Worm","floor":3.0,"turns":4.0},{"damage":20.0,"enemies":"Gremlin Nob","floor":6.0,"turns":4.0},{"damage":6.0,"enemies":"2 Louse","floor":8.0,"turns":3.0},{"damage":9.0,"enemies":"Blue Slaver","floor":10.0,"turns":3.0},{"damage":9.0,"enemies":"2 Fungi Beasts","floor":11.0,"turns":3.0},{"damage":10.0,"enemies":"Looter","floor":13.0,"turns":2.0},{"damage":18.0,"enemies":"Exordium Thugs","floor":14.0,"turns":4.0},{"damage":53,"enemies":"The Guardian","floor":16,"turns":13}],"seed_played":"7320416284048785137","potions_obtained":[{"floor":3.0,"key":"Weak Potion"},{"floor":8.0,"key":"Weak Potion"},{"floor":10.0,"key":"SneckoOil"},{"floor":11.0,"key":"EssenceOfSteel"}],"is_trial":false,"path_per_floor":["M","?","M","$","?","E","R","M","T","M","M","?","M","M","R","B"],"character_chosen":"IRONCLAD","items_purchased":[],"campfire_rested":1,"item_purchase_floors":[],"current_hp_per_floor":[80,60,60,60,60,46,46,46,46,43,40,40,36,24,48,0],"gold":361,"neow_bonus":"REMOVE_TWO","is_prod":false,"is_daily":false,"chose_seed":false,"campfire_upgraded":1,"win_rate":0,"timestamp":1546541902,"path_taken":["M","?","M","$","?","E","R","M","T","?","M","?","?","M","R","BOSS"],"build_version":"2018-12-20","purchased_purges":0,"victory":false,"max_hp_per_floor":[80,80,80,80,80,80,80,80,80,80,80,80,80,80,80,80],"card_choices":[{"not_picked":["Anger","Sword Boomerang","Evolve"],"picked":"SKIP","floor":1.0},{"not_picked":["Clash","Wild Strike","Heavy Blade"],"picked":"SKIP","floor":3.0},{"not_picked":["Armaments","Iron Wave","Rage"],"picked":"SKIP","floor":6.0},{"not_picked":["Demon Form","Cleave"],"picked":"Flex","floor":8.0},{"not_picked":["Headbutt","Anger","Rage"],"picked":"SKIP","floor":10.0},{"not_picked":["Combust","Cleave","Burning Pact"],"picked":"SKIP","floor":11.0},{"not_picked":["Thunderclap","Searing Blow","Pommel Strike"],"picked":"SKIP","floor":13.0},{"not_picked":["Cleave","Infernal Blade","Anger"],"picked":"SKIP","floor":14.0}],"player_experience":81138,"relics_obtained":[{"floor":6.0,"key":"Boot"},{"floor":9.0,"key":"Bottled Lightning"}],"event_choices":[{"damage_healed":0.0,"max_hp_gain":0.0,"max_hp_loss":0.0,"gold_gain":0.0,"event_name":"Golden Idol","player_choice":"Take Damage","floor":2.0,"gold_loss":0.0,"damage_taken":20.0,"relics_obtained":["Golden Idol"]},{"damage_healed":0.0,"max_hp_gain":0.0,"max_hp_loss":0.0,"gold_gain":0.0,"event_name":"Match and Keep!","player_choice":"0 cards matched","floor":5.0,"gold_loss":0.0,"damage_taken":0.0,"cards_obtained":[]},{"damage_healed":0.0,"max_hp_gain":0.0,"max_hp_loss":0.0,"gold_gain":100.0,"event_name":"Golden Shrine","player_choice":"Pray","floor":12.0,"gold_loss":0.0,"damage_taken":0.0}],"is_beta":false,"boss_relics":[],"items_purged_floors":[],"is_endless":false,"potions_floor_spawned":[3,8,10,11],"killed_by":"The Guardian","ascension_level":0}