{"gold_per_floor":[112,37,51,51,51,83,83,83,137,137,149,149,163,163,163,267,267,279,292,292,292,292,292],"floor_reached":23,"playtime":1118,"items_purged":["Defend_B"],"score":215,"play_id":"64b26c50-cc45-4c36-8fd6-f306edb45aca","local_time":"20190121233742","is_ascension_mode":true,"campfire_choices":[{"floor":10,"key":"REST"},{"floor":12,"key":"REST"},{"data":"Go for the Eyes","floor":15,"key":"SMITH"}],"neow_cost":"NONE","seed_source_timestamp":818255706648126,"circlet_count":0,"master_deck":["Strike_B","Strike_B","Strike_B","Defend_B","Defend_B","Defend_B+1","Zap","Dualcast","Cold Snap","Go for the Eyes+1","Zap+1","Streamline","Ball Lightning","Gash","Go for the Eyes+1","Creative AI","Injury","Cold Snap","Genetic Algorithm+1"],"relics":["Cracked Core","Juzu Bracelet","Pantograph","Omamori","Orichalcum","Calling Bell","Dream Catcher","Toxic Egg 2","Unceasing Top","MutagenicStrength"],"potions_floor_usage":[16],"damage_taken":[{"damage":4,"enemies":"Small Slimes","floor":1,"turns":3},{"damage":0,"enemies":"Cultist","floor":3,"turns":3},{"damage":23,"enemies":"Lagavulin","floor":6,"turns":5},{"damage":1,"enemies":"Jaw Worm","floor":11,"turns":2},{"damage":9,"enemies":"Large Slime","floor":13,"turns":4},{"damage":35,"enemies":"Hexaghost","floor":16,"turns":10},{"damage":11,"enemies":"Chosen","floor":18,"turns":5},{"damage":1,"enemies":"Spheric Guardian","floor":19,"turns":3},{"damage":60,"enemies":"Gremlin Leader","floor":23,"turns":8}],"seed_played":"5729447630708631452","potions_obtained":[{"floor":6,"key":"Poison Potion"},{"floor":13,"key":"SneckoOil"},{"floor":16,"key":"Strength Potion"},{"floor":19,"key":"FocusPotion"}],"is_trial":false,"path_per_floor":["M","$","M","?","$","E","T","?","T","R","M","R","M","?","R","B",null,"M","M","?","?","?","E"],"character_chosen":"DEFECT","items_purchased":[],"campfire_rested":2,"item_purchase_floors":[],"current_hp_per_floor":[71,71,71,71,71,48,48,33,33,55,54,75,66,66,66,40,75,64,63,49,49,49,0],"gold":292,"neow_bonus":"RANDOM_COMMON_RELIC","is_prod":false,"is_daily":false,"chose_seed":false,"campfire_upgraded":1,"win_rate":0,"timestamp":1548142662,"path_taken":["M","$","M","?","?","E","?","?","T","R","M","R","M","?","R","BOSS","M","M","?","?","?","E"],"build_version":"2019-01-17v2","purchased_purges":1,"victory":false,"max_hp_per_floor":[75,75,75,75,75,75,75,75,75,75,75,75,75,75,75,75,75,75,75,80,80,80,80],"card_choices":[{"not_picked":["Turbo","Redo"],"picked":"Cold Snap","floor":1},{"not_picked":["Chill","Barrage"],"picked":"Go for the Eyes","floor":3},{"not_picked":["Turbo","Beam Cell"],"picked":"Ball Lightning","floor":6},{"not_picked":["Streamline","Thunder Strike"],"picked":"Gash","floor":11},{"not_picked":["Compile Driver","Tempest"],"picked":"Go for the Eyes","floor":13},{"not_picked":["Thunder Strike","Reboot"],"picked":"Creative AI","floor":16},{"not_picked":["Compile Driver","Darkness+1"],"picked":"Cold Snap","floor":18},{"not_picked":["Seek+1","Compile Driver"],"picked":"Genetic Algorithm+1","floor":19}],"player_experience":199477,"relics_obtained":[{"floor":6,"key":"Pantograph"},{"floor":7,"key":"Omamori"},{"floor":9,"key":"Orichalcum"},{"floor":17,"key":"Dream Catcher"},{"floor":17,"key":"Toxic Egg 2"},{"floor":17,"key":"Unceasing Top"}],"event_choices":[{"damage_healed":0,"gold_gain":0,"player_choice":"2 cards matched","damage_taken":0,"max_hp_gain":0,"max_hp_loss":0,"event_name":"Match and Keep!","floor":4,"gold_loss":0,"cards_obtained":["Zap","Streamline"]},{"damage_healed":0,"gold_gain":0,"player_choice":"Entered Light","damage_taken":15,"max_hp_gain":0,"max_hp_loss":0,"event_name":"Shining Light","floor":8,"gold_loss":0,"cards_upgraded":["Defend_B","Zap"]},{"damage_healed":0,"gold_gain":0,"player_choice":"Upgraded","damage_taken":0,"max_hp_gain":0,"max_hp_loss":0,"event_name":"Upgrade Shrine","floor":14,"gold_loss":0,"cards_upgraded":["Go for the Eyes"]},{"damage_healed":0,"gold_gain":0,"player_choice":"Shed Blood","damage_taken":19,"max_hp_gain":5,"max_hp_loss":0,"event_name":"Forgotten Altar","floor":20,"gold_loss":0},{"cards_removed":["Strike_B"],"damage_healed":0,"gold_gain":0,"player_choice":"Elegance","damage_taken":0,"max_hp_gain":0,"max_hp_loss":0,"event_name":"Back to Basics","floor":21,"gold_loss":0},{"damage_healed":0,"gold_gain":0,"player_choice":"Inject Mutagens","damage_taken":0,"relics_obtained":["MutagenicStrength"],"max_hp_gain":0,"max_hp_loss":0,"event_name":"Drug Dealer","floor":22,"gold_loss":0}],"is_beta":false,"boss_relics":[{"not_picked":["Inserter","Busted Crown"],"picked":"Calling Bell"}],"items_purged_floors":[2],"is_endless":false,"potions_floor_spawned":[6,13,16,19],"killed_by":"Gremlin Leader","ascension_level":3}