{"gold_per_floor":[116,116,132,142,161,161,161,178,178,178,194,47,67,101,101,204,204,228,255,267,279],"floor_reached":21,"playtime":3684,"items_purged":[],"score":183,"play_id":"1178ea2b-2b32-40d6-82d5-600ea0345f2b","local_time":"20190212135645","is_ascension_mode":false,"campfire_choices":[{"floor":7,"key":"REST"},{"data":"Streamline","floor":10,"key":"SMITH"},{"floor":15,"key":"REST"}],"neow_cost":"NONE","seed_source_timestamp":1799660083702087,"circlet_count":0,"master_deck":["Strike_B","Strike_B","Strike_B","Strike_B","Defend_B","Defend_B","Defend_B","Defend_B","Zap","Dualcast+1","Ball Lightning","Doom and Gloom","Barrage","Defragment","Streamline+1","Self Repair","Discovery","Compile Driver","Glacier","Buffer","Decay","Shame","Parasite","Ball Lightning+1","Stack+1","Decay"],"relics":["Cracked Core","Dodecahedron","Meat on the Bone","Calling Bell","Toxic Egg 2","Nunchaku","MawBank"],"potions_floor_usage":[5,16,16,21,21],"damage_taken":[{"damage":0,"enemies":"Small Slimes","floor":1,"turns":3},{"damage":0,"enemies":"Cultist","floor":3,"turns":3},{"damage":7,"enemies":"Jaw Worm","floor":4,"turns":3},{"damage":8,"enemies":"3 Louse","floor":5,"turns":3},{"damage":10,"enemies":"Looter","floor":8,"turns":2},{"damage":0,"enemies":"2 Fungi Beasts","floor":11,"turns":2},{"damage":10,"enemies":"Exordium Thugs","floor":13,"turns":2},{"damage":26,"enemies":"3 Sentries","floor":14,"turns":5},{"damage":28,"enemies":"Slime Boss","floor":16,"turns":10},{"damage":35,"enemies":"Shell Parasite","floor":18,"turns":5},{"damage":35,"enemies":"2 Thieves","floor":19,"turns":4},{"damage":26,"enemies":"Colosseum Slavers","floor":21,"turns":2}],"seed_played":"597741421109646248","potions_obtained":[{"floor":0,"key":"GamblersBrew"},{"floor":0,"key":"Energy Potion"},{"floor":0,"key":"SpeedPotion"},{"floor":3,"key":"GamblersBrew"},{"floor":19,"key":"EssenceOfSteel"}],"is_trial":false,"path_per_floor":["M","?","M","M","M","?","R","M","T","R","M","$","M","E","R","B",null,"M","M","?","?"],"character_chosen":"DEFECT","items_purchased":["Discovery","Swift Potion"],"campfire_rested":2,"item_purchase_floors":[12,12],"current_hp_per_floor":[75,75,75,68,60,60,75,65,65,65,65,65,55,36,58,49,75,47,24,24,0],"gold":279,"neow_bonus":"THREE_SMALL_POTIONS","is_prod":false,"is_daily":false,"chose_seed":false,"campfire_upgraded":1,"win_rate":0,"timestamp":1549997805,"path_taken":["M","?","M","M","M","?","R","?","T","R","M","?","M","E","R","BOSS","M","M","?","?"],"build_version":"2019-01-23","purchased_purges":0,"victory":false,"max_hp_per_floor":[75,75,75,75,75,75,75,75,75,75,75,75,75,75,75,75,75,75,75,75,75],"card_choices":[{"not_picked":["Steam Power","Turbo"],"picked":"Ball Lightning","floor":1},{"not_picked":["Stack","Compile Driver"],"picked":"Doom and Gloom","floor":3},{"not_picked":["Aggregate","Storm"],"picked":"Barrage","floor":4},{"not_picked":["Cold Snap","Barrage"],"picked":"Defragment","floor":5},{"not_picked":["Loop","Chill"],"picked":"Streamline","floor":8},{"not_picked":["Hologram","Coolheaded"],"picked":"Self Repair","floor":11},{"not_picked":["Stack","Consume"],"picked":"Compile Driver","floor":13},{"not_picked":["Auto Shields","Conserve Battery"],"picked":"Glacier","floor":14},{"not_picked":["Meteor Strike","Amplify"],"picked":"Buffer","floor":16},{"not_picked":["Gash","Defragment"],"picked":"Ball Lightning+1","floor":18},{"not_picked":["Rebound","Recycle+1"],"picked":"Stack+1","floor":19}],"player_experience":49484,"relics_obtained":[{"floor":9,"key":"Dodecahedron"},{"floor":14,"key":"Meat on the Bone"},{"floor":17,"key":"Toxic Egg 2"},{"floor":17,"key":"Nunchaku"},{"floor":17,"key":"MawBank"}],"event_choices":[{"damage_healed":0,"gold_gain":0,"player_choice":"Leave","damage_taken":0,"max_hp_gain":0,"max_hp_loss":0,"event_name":"The Cleric","floor":2,"gold_loss":0},{"damage_healed":0,"gold_gain":0,"player_choice":"Upgraded","damage_taken":0,"max_hp_gain":0,"max_hp_loss":0,"event_name":"Upgrade Shrine","floor":6,"gold_loss":0,"cards_upgraded":["Dualcast"]},{"damage_healed":0,"gold_gain":0,"player_choice":"Smashed Altar","damage_taken":0,"max_hp_gain":0,"max_hp_loss":0,"event_name":"Forgotten Altar","floor":20,"gold_loss":0,"cards_obtained":["Decay"]},{"damage_healed":0,"gold_gain":0,"player_choice":"Fight","damage_taken":0,"max_hp_gain":0,"max_hp_loss":0,"event_name":"Colosseum","floor":21,"gold_loss":0}],"is_beta":false,"boss_relics":[{"not_picked":["Runic Dome","Snecko Eye"],"picked":"Calling Bell"}],"items_purged_floors":[],"is_endless":false,"potions_floor_spawned":[3,4,13,19],"killed_by":"Colosseum Slavers","ascension_level":0}