{"gold_per_floor":[113,125,135,135,154,185,185,226,226,226,251,70,70,70,70,169,169,185,185,199,199,219,219,259,259,259,174,186,213,265,202,202,298,298,313,313,313,327,660,660,692,692,717,749,849,218,128,128,128,128],"floor_reached":51,"playtime":3733,"items_purged":["Strike_R","Defend_R"],"score":1241,"play_id":"deee9558-0cdd-4fbb-a535-7bfe115aab32","local_time":"20190223023549","is_ascension_mode":true,"campfire_choices":[{"floor":7.0,"key":"REST"},{"floor":13.0,"key":"REST"},{"data":"Apotheosis","floor":15.0,"key":"SMITH"},{"floor":23.0,"key":"REST"},{"floor":25.0,"key":"REST"},{"floor":32.0,"key":"REST"},{"floor":40,"key":"REST"},{"floor":49,"key":"REST"}],"neow_cost":"NONE","seed_source_timestamp":630427881844736,"circlet_count":0,"master_deck":["AscendersBane","Defend_R+1","Bash","Armaments+1","Flame Barrier","Shrug It Off+1","Shrug It Off","Whirlwind","Infernal Blade","Pommel Strike","Apotheosis+1","Bloodletting","Demon Form+1","Flex+1","Flame Barrier+1","Wild Strike+1","Pommel Strike","Heavy Blade+1","Seeing Red","Rampage+1","Iron Wave","Disarm","Reaper","Double Tap","Clothesline+1","Battle Trance"],"special_seed":0,"relics":["Burning Blood","NeowsBlessing","Juzu Bracelet","Regal Pillow","Self Forming Clay","Astrolabe","Prayer Wheel","War Paint","MawBank","Nilry\u0027s Codex","Lantern","Fusion Hammer","Mango","Pen Nib","Smiling Mask","Ginger","Thread and Needle","ClockworkSouvenir"],"potions_floor_usage":[41,44,50,50],"damage_taken":[{"damage":0.0,"enemies":"Cultist","floor":1.0,"turns":1.0},{"damage":0.0,"enemies":"Small Slimes","floor":2.0,"turns":1.0},{"damage":0.0,"enemies":"2 Louse","floor":3.0,"turns":1.0},{"damage":16.0,"enemies":"Large Slime","floor":5.0,"turns":9.0},{"damage":5.0,"enemies":"3 Sentries","floor":6.0,"turns":8.0},{"damage":59.0,"enemies":"Lagavulin","floor":8.0,"turns":11.0},{"damage":11.0,"enemies":"Exordium Wildlife","floor":11.0,"turns":7.0},{"damage":7.0,"enemies":"The Guardian","floor":16.0,"turns":13.0},{"damage":20.0,"enemies":"Spheric Guardian","floor":18.0,"turns":7.0},{"damage":2.0,"enemies":"3 Byrds","floor":20.0,"turns":3.0},{"damage":21.0,"enemies":"Snecko","floor":22.0,"turns":5.0},{"damage":40.0,"enemies":"Slavers","floor":24.0,"turns":5.0},{"damage":6.0,"enemies":"Chosen and Byrds","floor":29.0,"turns":3.0},{"damage":21.0,"enemies":"Book of Stabbing","floor":30.0,"turns":6.0},{"damage":72,"enemies":"Champ","floor":33,"turns":10},{"damage":11,"enemies":"Orb Walker","floor":35,"turns":4},{"damage":17,"enemies":"3 Darklings","floor":38,"turns":6},{"damage":45,"enemies":"Nemesis","floor":41,"turns":7},{"damage":66,"enemies":"Giant Head","floor":44,"turns":8},{"damage":0,"enemies":"Mind Bloom Boss Battle","floor":45,"turns":8},{"damage":80,"enemies":"Awakened One","floor":50,"turns":10}],"seed_played":"-2871405296557649538","potions_obtained":[{"floor":3.0,"key":"Fire Potion"},{"floor":5.0,"key":"Explosive Potion"},{"floor":6.0,"key":"EssenceOfSteel"},{"floor":11.0,"key":"SkillPotion"},{"floor":16.0,"key":"LiquidBronze"},{"floor":22.0,"key":"LiquidBronze"},{"floor":29.0,"key":"Weak Potion"},{"floor":38,"key":"Block Potion"},{"floor":41,"key":"FearPotion"},{"floor":44,"key":"Energy Potion"}],"is_trial":false,"path_per_floor":["M","M","M","?","M","E","R","E","T","?","M","$","R","?","R","B",null,"M","$","M","?","M","R","E","R","T","?","?","M","E","$","R","B",null,"M","?","?","M","?","R","E","?","T","E","?","$","?","?","R","B",null],"character_chosen":"IRONCLAD","items_purchased":["Apotheosis","Thread and Needle","ClockworkSouvenir","EssenceOfSteel"],"campfire_rested":7,"item_purchase_floors":[12,46,46,46],"current_hp_per_floor":[78,80,80,60,50,51,75,22,22,15,10,10,49,49,49,48,72,58,58,62,62,47,80,46,80,80,80,64,64,49,49,80,35,69,68,68,68,57,57,76,51,51,51,9,42,42,42,42,84,41],"gold":128,"neow_bonus":"THREE_ENEMY_KILL","is_prod":false,"is_daily":false,"chose_seed":false,"campfire_upgraded":1,"win_rate":0,"timestamp":1550918149,"path_taken":["M","?","M","?","M","E","R","E","T","?","M","$","R","?","R","BOSS","M","?","M","?","M","R","E","R","T","?","?","M","E","?","R","BOSS","M","?","?","M","?","R","E","?","T","E","?","$","?","?","R","BOSS"],"build_version":"2019-01-23","purchased_purges":2,"victory":true,"max_hp_per_floor":[80,80,80,80,80,80,80,80,80,80,80,80,80,80,80,80,80,80,80,80,80,80,80,80,80,80,80,80,80,80,80,80,80,80,80,80,76,76,76,76,90,90,90,90,90,90,90,90,90,90],"card_choices":[{"not_picked":["Burning Pact","Warcry"],"picked":"Armaments","floor":1.0},{"not_picked":["Rupture","Battle Trance"],"picked":"Flame Barrier","floor":2.0},{"not_picked":["Sword Boomerang","Warcry"],"picked":"Shrug It Off","floor":3.0},{"not_picked":["Wild Strike","Second Wind"],"picked":"Shrug It Off","floor":5.0},{"not_picked":["Anger","Body Slam"],"picked":"Whirlwind","floor":6.0},{"not_picked":["Clothesline","Sever Soul"],"picked":"Infernal Blade","floor":8.0},{"not_picked":["Twin Strike","Clash"],"picked":"Pommel Strike","floor":11.0},{"not_picked":["Fiend Fire","Double Tap"],"picked":"Demon Form","floor":16.0},{"not_picked":["Fire Breathing","Havoc+1"],"picked":"Pommel Strike","floor":18.0},{"not_picked":["Perfected Strike","Twin Strike+1"],"picked":"Heavy Blade+1","floor":20.0},{"not_picked":["Sword Boomerang","Twin Strike+1"],"picked":"Rampage+1","floor":22.0},{"not_picked":["Reckless Charge","Impervious"],"picked":"Iron Wave","floor":24.0},{"not_picked":["Twin Strike","Ghostly Armor"],"picked":"Disarm","floor":29.0},{"not_picked":["Twin Strike","Bloodletting+1","Havoc"],"picked":"SKIP","floor":29.0},{"not_picked":["Clash","Armaments+1"],"picked":"Reaper","floor":30.0},{"not_picked":["Fiend Fire","Impervious"],"picked":"Double Tap","floor":33},{"not_picked":["Warcry","Armaments+1"],"picked":"Clothesline+1","floor":35},{"not_picked":["Armaments+1","Thunderclap","Warcry"],"picked":"SKIP","floor":35},{"not_picked":["Shrug It Off","Immolate"],"picked":"Battle Trance","floor":38},{"not_picked":["Clothesline","Flex","Heavy Blade"],"picked":"SKIP","floor":38},{"not_picked":["Reaper","Havoc","Sword Boomerang"],"picked":"SKIP","floor":41},{"not_picked":["Warcry","Heavy Blade","Juggernaut"],"picked":"SKIP","floor":44}],"player_experience":485920,"relics_obtained":[{"floor":6.0,"key":"Juzu Bracelet"},{"floor":8.0,"key":"Regal Pillow"},{"floor":9.0,"key":"Self Forming Clay"},{"floor":24.0,"key":"Prayer Wheel"},{"floor":26.0,"key":"War Paint"},{"floor":28.0,"key":"Nilry\u0027s Codex"},{"floor":30.0,"key":"Lantern"},{"floor":41,"key":"Mango"},{"floor":43,"key":"Pen Nib"},{"floor":44,"key":"Smiling Mask"},{"floor":45,"key":"Ginger"}],"event_choices":[{"damage_healed":0.0,"max_hp_gain":0.0,"max_hp_loss":0.0,"gold_gain":0.0,"event_name":"Golden Idol","player_choice":"Take Damage","floor":4.0,"gold_loss":0.0,"damage_taken":20.0,"relics_obtained":["Golden Idol"]},{"cards_removed":["Defend_R"],"damage_healed":0.0,"max_hp_gain":0.0,"max_hp_loss":0.0,"gold_gain":0.0,"event_name":"Golden Wing","player_choice":"Card Removal","floor":10.0,"gold_loss":0.0,"damage_taken":7.0},{"damage_healed":0.0,"max_hp_gain":0.0,"max_hp_loss":0.0,"gold_gain":0.0,"cards_transformed":["Strike_R"],"event_name":"Transmorgrifier","player_choice":"Transformed","floor":14.0,"gold_loss":0.0,"damage_taken":0.0,"cards_obtained":["Bloodletting"]},{"damage_healed":0.0,"max_hp_gain":0.0,"max_hp_loss":0.0,"gold_gain":0.0,"event_name":"The Library","player_choice":"Read","floor":21.0,"gold_loss":0.0,"damage_taken":0.0,"cards_obtained":["Seeing Red"]},{"damage_healed":0.0,"max_hp_gain":0.0,"max_hp_loss":0.0,"gold_gain":0.0,"event_name":"Addict","player_choice":"Obtained Relic","floor":27.0,"gold_loss":85.0,"damage_taken":0.0,"relics_obtained":["MawBank"]},{"damage_healed":0.0,"max_hp_gain":0.0,"max_hp_loss":0.0,"gold_gain":0.0,"event_name":"Cursed Tome","player_choice":"Obtained Book","floor":28.0,"gold_loss":0.0,"damage_taken":16.0},{"damage_healed":0,"gold_gain":0,"player_choice":"Upgraded","damage_taken":0,"max_hp_gain":0,"max_hp_loss":0,"event_name":"Upgrade Shrine","floor":36,"gold_loss":0,"cards_upgraded":["Demon Form"]},{"damage_healed":0,"gold_gain":0,"player_choice":"Max HP","damage_taken":0,"max_hp_gain":0,"max_hp_loss":4,"event_name":"Winding Halls","floor":37,"gold_loss":0},{"damage_healed":0,"gold_gain":333,"player_choice":"Gave Idol","damage_taken":0,"max_hp_gain":0,"max_hp_loss":0,"event_name":"The Moai Head","floor":39,"relics_lost":["Golden Idol"],"gold_loss":0},{"damage_healed":0,"gold_gain":0,"player_choice":"Ignored","damage_taken":0,"max_hp_gain":0,"max_hp_loss":0,"event_name":"SecretPortal","floor":42,"gold_loss":0},{"damage_healed":0,"gold_gain":0,"player_choice":"Fight","damage_taken":0,"max_hp_gain":0,"max_hp_loss":0,"event_name":"MindBloom","floor":45,"gold_loss":0},{"cards_removed":["Strike_R"],"damage_healed":0,"gold_gain":0,"player_choice":"Upgrade and Remove","damage_taken":0,"max_hp_gain":0,"max_hp_loss":0,"event_name":"Designer","floor":47,"gold_loss":90,"cards_upgraded":["Armaments"]},{"damage_healed":0,"gold_gain":0,"player_choice":"Got Potions","damage_taken":0,"max_hp_gain":0,"max_hp_loss":0,"event_name":"Lab","floor":48,"gold_loss":0}],"is_beta":false,"boss_relics":[{"not_picked":["Runic Dome","Orrery"],"picked":"Astrolabe"},{"not_picked":["Runic Pyramid","Philosopher\u0027s Stone"],"picked":"Fusion Hammer"}],"items_purged_floors":[31,46],"is_endless":false,"potions_floor_spawned":[3,5,6,11,16,18,22,29,38,41,44],"ascension_level":13}