{"gold_per_floor":[14,14,69,0,15,15,25,60,60,60,94,107,107,118,118,216,216,230,250,175,175,188,215,215,242,242,242,242,253,278,278,278,377,377,393,237,237,257,275,275,310,322,322,339,106,155,155,171,171,171,171,171,24,58,58],"floor_reached":55,"playtime":2232,"items_purged":["Strike_R"],"score":884,"play_id":"25f3a149-80e3-4694-9230-f87f8123ffaa","local_time":"20181228184115","is_ascension_mode":true,"campfire_choices":[{"data":"Bludgeon","floor":6.0,"key":"SMITH"},{"data":"Feed","floor":13.0,"key":"SMITH"},{"floor":15.0,"key":"RECALL"},{"data":"Flame Barrier","floor":24.0,"key":"SMITH"},{"data":"Inflame","floor":27.0,"key":"SMITH"},{"floor":32.0,"key":"REST"},{"data":"Demon Form","floor":40.0,"key":"SMITH"},{"data":"Limit Break","floor":47.0,"key":"SMITH"},{"floor":49.0,"key":"REST"},{"data":"Rage","floor":52.0,"key":"SMITH"}],"neow_cost":"NO_GOLD","seed_source_timestamp":616669641810430,"circlet_count":0,"master_deck":["Strike_R+1","Strike_R+1","Strike_R+1","Strike_R+1","Defend_R+1","Defend_R+1","Defend_R+1","Defend_R+1","Bash","Bludgeon+1","Headbutt","Flame Barrier+1","Inflame+1","Thunderclap","Uppercut","Clothesline","Feed+1","Armaments","Reaper","Twin Strike","Sword Boomerang","Warcry","Blood for Blood+1","Flame Barrier+1","Limit Break+1","Limit Break","Sword Boomerang+1","Immolate","Demon Form+1","Shrug It Off+1","Immolate","Iron Wave+1","Pummel","Rage+1","Warcry+1","Flex"],"special_seed":0,"relics":["Burning Blood","Happy Flower","Mango","Sundial","Red Skull","Velvet Choker","Dodecahedron","Matryoshka","Anchor","Kunai","Strawberry","Sozu","Ice Cream","Omamori","Bronze Scales","Calipers","Centennial Puzzle","Lantern"],"potions_floor_usage":[],"damage_taken":[{"damage":1.0,"enemies":"Cultist","floor":1.0,"turns":3.0},{"damage":2.0,"enemies":"Jaw Worm","floor":5.0,"turns":3.0},{"damage":3.0,"enemies":"Small Slimes","floor":7.0,"turns":2.0},{"damage":34.0,"enemies":"3 Sentries","floor":8.0,"turns":8.0},{"damage":10.0,"enemies":"Gremlin Nob","floor":11.0,"turns":3.0},{"damage":2.0,"enemies":"2 Fungi Beasts","floor":12.0,"turns":3.0},{"damage":16.0,"enemies":"Red Slaver","floor":14.0,"turns":4.0},{"damage":16.0,"enemies":"Slime Boss","floor":16.0,"turns":6.0},{"damage":29.0,"enemies":"2 Thieves","floor":18.0,"turns":4.0},{"damage":5.0,"enemies":"3 Byrds","floor":19.0,"turns":3.0},{"damage":15.0,"enemies":"Snake Plant","floor":22.0,"turns":4.0},{"damage":41.0,"enemies":"Gremlin Leader","floor":23.0,"turns":7.0},{"damage":32.0,"enemies":"Book of Stabbing","floor":25.0,"turns":6.0},{"damage":0.0,"enemies":"Snecko","floor":29.0,"turns":2.0},{"damage":27.0,"enemies":"Gremlin Leader","floor":30.0,"turns":4.0},{"damage":17.0,"enemies":"Champ","floor":33.0,"turns":8.0},{"damage":0.0,"enemies":"Orb Walker","floor":35.0,"turns":3.0},{"damage":0.0,"enemies":"3 Darklings","floor":38.0,"turns":4.0},{"damage":0.0,"enemies":"4 Shapes","floor":39.0,"turns":4.0},{"damage":0.0,"enemies":"Nemesis","floor":41.0,"turns":3.0},{"damage":0.0,"enemies":"Spire Growth","floor":42.0,"turns":4.0},{"damage":8.0,"enemies":"3 Darklings","floor":44.0,"turns":3.0},{"damage":22.0,"enemies":"2 Orb Walkers","floor":46.0,"turns":3.0},{"damage":71.0,"enemies":"Sphere and 2 Shapes","floor":48.0,"turns":4.0},{"damage":69.0,"enemies":"Donu and Deca","floor":50.0,"turns":8.0},{"damage":95.0,"enemies":"Shield and Spear","floor":54.0,"turns":6.0},{"damage":51,"enemies":"The Heart","floor":55,"turns":3}],"seed_played":"-8485107485253105852","potions_obtained":[{"floor":7.0,"key":"EssenceOfSteel"},{"floor":12.0,"key":"FairyPotion"},{"floor":16.0,"key":"Energy Potion"},{"floor":29.0,"key":"SpeedPotion"}],"is_trial":false,"path_per_floor":["M","?","T","$","M","R","M","E","T","$","E","M","R","M","R","B",null,"M","M","$","?","M","E","R","E","T","R","$","M","E","?","R","B",null,"M","$","?","M","M","R","E","M","T","M","$","?","R","M","R","B",null,"R","$","E","B"],"character_chosen":"IRONCLAD","items_purchased":["Flame Barrier","Immolate","Bronze Scales","Pummel","Centennial Puzzle"],"campfire_rested":2,"item_purchase_floors":[4,36,45,45,53],"current_hp_per_floor":[80,80,80,80,80,80,80,66,66,66,62,66,66,56,56,46,94,80,83,83,83,76,59,59,39,39,39,39,45,35,13,47,52,118,118,118,118,118,122,122,126,126,126,124,124,108,108,43,80,17,126,126,126,37,0],"gold":58,"neow_bonus":"THREE_RARE_CARDS","is_prod":false,"is_daily":false,"chose_seed":false,"campfire_upgraded":7,"win_rate":0,"timestamp":1546015275,"path_taken":["M","?","?","$","M","R","M","E","T","$","E","M","R","M","R","BOSS","M","M","$","?","M","E","R","E","T","R","$","M","E","?","R","BOSS","M","$","?","?","M","R","E","M","T","M","$","?","R","M","R","BOSS","R","$","E","BOSS"],"build_version":"2018-12-20","purchased_purges":1,"victory":false,"max_hp_per_floor":[80,80,80,80,80,80,80,94,94,94,94,94,94,94,94,94,94,98,98,98,98,98,98,98,98,98,98,98,98,109,114,114,118,118,118,118,118,118,122,122,126,126,126,126,126,126,126,126,126,126,126,126,126,126,126],"card_choices":[{"not_picked":["Double Tap","Berserk"],"picked":"Bludgeon","floor":0.0},{"not_picked":["Feel No Pain","Sword Boomerang"],"picked":"Headbutt","floor":1.0},{"not_picked":["Dropkick","Twin Strike"],"picked":"Inflame","floor":5.0},{"not_picked":["Corruption","Battle Trance"],"picked":"Thunderclap","floor":7.0},{"not_picked":["Intimidate","Rage"],"picked":"Uppercut","floor":8.0},{"not_picked":["Sword Boomerang","Blood for Blood"],"picked":"Clothesline","floor":11.0},{"not_picked":["Clothesline","Evolve"],"picked":"Feed","floor":12.0},{"not_picked":["Pommel Strike","Dual Wield"],"picked":"Armaments","floor":14.0},{"not_picked":["Offering","Brutality"],"picked":"Reaper","floor":16.0},{"not_picked":["Hemokinesis","Sword Boomerang"],"picked":"Twin Strike","floor":18.0},{"not_picked":["Flex","Pommel Strike"],"picked":"Sword Boomerang","floor":19.0},{"not_picked":["Clothesline","Armaments","Wild Strike"],"picked":"SKIP","floor":22.0},{"not_picked":["Sword Boomerang+1","Twin Strike"],"picked":"Warcry","floor":23.0},{"not_picked":["Searing Blow","Perfected Strike"],"picked":"Blood for Blood+1","floor":25.0},{"not_picked":["Heavy Blade","Uppercut+1"],"picked":"Flame Barrier+1","floor":29.0},{"not_picked":["Body Slam+1","Clash"],"picked":"Limit Break","floor":30.0},{"not_picked":["Juggernaut","Feed"],"picked":"Limit Break","floor":33.0},{"not_picked":["Iron Wave+1","Headbutt+1"],"picked":"Sword Boomerang+1","floor":35.0},{"not_picked":["Wild Strike+1","Cleave+1"],"picked":"Demon Form","floor":38.0},{"not_picked":["Pommel Strike","Warcry"],"picked":"Shrug It Off+1","floor":39.0},{"not_picked":["Rupture","Evolve+1"],"picked":"Immolate","floor":41.0},{"not_picked":["Armaments","Anger","Perfected Strike"],"picked":"SKIP","floor":42.0},{"not_picked":["True Grit+1","Infernal Blade"],"picked":"Iron Wave+1","floor":44.0},{"not_picked":["Iron Wave+1","Sword Boomerang+1"],"picked":"Rage","floor":46.0},{"not_picked":["Evolve+1","Pommel Strike"],"picked":"Warcry+1","floor":48.0},{"not_picked":["Cleave+1","Headbutt"],"picked":"Flex","floor":54.0}],"player_experience":42037,"relics_obtained":[{"floor":3.0,"key":"Happy Flower"},{"floor":8.0,"key":"Mango"},{"floor":9.0,"key":"Sundial"},{"floor":11.0,"key":"Red Skull"},{"floor":23.0,"key":"Dodecahedron"},{"floor":25.0,"key":"Matryoshka"},{"floor":26.0,"key":"Anchor"},{"floor":26.0,"key":"Kunai"},{"floor":30.0,"key":"Strawberry"},{"floor":41.0,"key":"Ice Cream"},{"floor":43.0,"key":"Omamori"},{"floor":46.0,"key":"Calipers"},{"floor":54.0,"key":"Lantern"}],"event_choices":[{"damage_healed":0.0,"max_hp_gain":0.0,"max_hp_loss":0.0,"gold_gain":0.0,"event_name":"Liars Game","player_choice":"Ignored","floor":2.0,"gold_loss":0.0,"damage_taken":0.0},{"damage_healed":0.0,"max_hp_gain":0.0,"max_hp_loss":0.0,"gold_gain":0.0,"event_name":"Back to Basics","player_choice":"Simplicity","floor":21.0,"gold_loss":0.0,"damage_taken":0.0,"cards_upgraded":["Strike_R","Strike_R","Strike_R","Strike_R","Defend_R","Defend_R","Defend_R","Defend_R"]},{"damage_healed":0.0,"max_hp_gain":5.0,"max_hp_loss":0.0,"gold_gain":0.0,"event_name":"Forgotten Altar","player_choice":"Shed Blood","floor":31.0,"gold_loss":0.0,"damage_taken":27.0},{"damage_healed":0.0,"max_hp_gain":0.0,"max_hp_loss":0.0,"gold_gain":0.0,"event_name":"SecretPortal","player_choice":"Ignored","floor":37.0,"gold_loss":0.0,"damage_taken":0.0},{"damage_healed":0.0,"max_hp_gain":0.0,"max_hp_loss":0.0,"gold_gain":0.0,"event_name":"Mysterious Sphere","player_choice":"Fight","floor":46.0,"gold_loss":0.0,"damage_taken":0.0}],"is_beta":false,"boss_relics":[{"not_picked":["Coffee Dripper","Astrolabe"],"picked":"Velvet Choker"},{"not_picked":["Eternal Feather","Philosopher\u0027s Stone"],"picked":"Sozu"}],"items_purged_floors":[20],"is_endless":false,"potions_floor_spawned":[7,12,16,19,22,29,30,35,39,41,42],"killed_by":"The Heart","ascension_level":1}