{"gold_per_floor":[115,60,60,76,76,108,108,108,108,108,123,155,219,250,250,324,324,342,292,306,322,322,378,378,388,388,388,24,37,37],"floor_reached":30,"playtime":869,"items_purged":[],"score":538,"play_id":"9eb05f1b-6ca6-4aee-944a-c4cb8726488a","local_time":"20190202135040","is_ascension_mode":true,"campfire_choices":[{"data":"Dualcast","floor":7,"key":"SMITH"},{"floor":15,"key":"REST"},{"floor":24,"key":"REST"},{"floor":27,"key":"REST"}],"neow_cost":"NONE","seed_source_timestamp":1042838311524923,"circlet_count":0,"master_deck":["AscendersBane","Strike_B","Strike_B","Strike_B+1","Strike_B","Defend_B","Defend_B","Defend_B+1","Defend_B","Zap","Dualcast+1","Cold Snap+1","Coolheaded+1","Streamline","Ball Lightning","Conserve Battery","Capacitor","Creative AI","Cold Snap","Glacier","Barrage+1","Blizzard","Skim","Loop","Consume"],"relics":["Cracked Core","NeowsBlessing","Vajra","War Paint","DataDisk","Boot","Sozu","Tiny Chest","Pantograph","Pear"],"potions_floor_usage":[12,14,23],"damage_taken":[{"damage":0,"enemies":"Cultist","floor":1,"turns":1},{"damage":0,"enemies":"2 Louse","floor":4,"turns":1},{"damage":0,"enemies":"Gremlin Nob","floor":6,"turns":1},{"damage":0,"enemies":"Small Slimes","floor":11,"turns":3},{"damage":7,"enemies":"3 Sentries","floor":12,"turns":4},{"damage":4,"enemies":"Lagavulin","floor":14,"turns":4},{"damage":23,"enemies":"Slime Boss","floor":16,"turns":10},{"damage":18,"enemies":"2 Thieves","floor":18,"turns":3},{"damage":0,"enemies":"Spheric Guardian","floor":20,"turns":3},{"damage":18,"enemies":"Chosen and Byrds","floor":21,"turns":7},{"damage":20,"enemies":"Book of Stabbing","floor":23,"turns":5},{"damage":23,"enemies":"Centurion and Healer","floor":25,"turns":7},{"damage":1,"enemies":"Cultist and Chosen","floor":29,"turns":7},{"damage":42,"enemies":"Slavers","floor":30,"turns":3}],"seed_played":"5792711583773137465","potions_obtained":[{"floor":1,"key":"Explosive Potion"},{"floor":6,"key":"LiquidBronze"},{"floor":12,"key":"SkillPotion"}],"is_trial":false,"path_per_floor":["M","$","?","M","$","E","R","?","T","?","M","E","?","E","R","B",null,"M","?","M","M","?","E","R","M","T","R","$","M","E"],"character_chosen":"DEFECT","items_purchased":["Coolheaded","Pear","Loop"],"campfire_rested":3,"item_purchase_floors":[2,28,28],"current_hp_per_floor":[64,64,69,69,69,69,69,69,69,46,46,39,39,35,57,34,66,48,48,48,30,30,10,32,9,9,31,41,40,0],"gold":37,"neow_bonus":"THREE_ENEMY_KILL","is_prod":false,"is_daily":false,"chose_seed":false,"campfire_upgraded":1,"win_rate":0,"timestamp":1549108240,"path_taken":["M","$","?","M","$","E","R","?","T","?","M","E","?","E","R","BOSS","M","?","M","?","?","E","R","M","T","R","$","?","E"],"build_version":"2019-01-23","purchased_purges":0,"victory":false,"max_hp_per_floor":[71,71,76,76,76,76,76,76,76,76,76,76,76,76,76,76,76,76,76,76,76,76,76,76,76,76,76,86,86,86],"card_choices":[{"not_picked":["Undo","Stack"],"picked":"Cold Snap","floor":1},{"not_picked":["Rebound","Steam","Tempest"],"picked":"SKIP","floor":4},{"not_picked":["Undo","Heatsinks"],"picked":"Streamline","floor":6},{"not_picked":["Hello World","Rebound"],"picked":"Ball Lightning","floor":11},{"not_picked":["Cold Snap","Ball Lightning"],"picked":"Conserve Battery","floor":12},{"not_picked":["Steam","Redo"],"picked":"Capacitor","floor":14},{"not_picked":["Machine Learning","Reboot"],"picked":"Creative AI","floor":16},{"not_picked":["Coolheaded","Rebound"],"picked":"Cold Snap","floor":18},{"not_picked":["Leap","Cold Snap"],"picked":"Glacier","floor":20},{"not_picked":["Compile Driver+1","Gash"],"picked":"Barrage+1","floor":21},{"not_picked":["Ball Lightning","Recycle+1"],"picked":"Blizzard","floor":23},{"not_picked":["Ball Lightning","Conserve Battery"],"picked":"Skim","floor":25},{"not_picked":["Leap","Hologram"],"picked":"Consume","floor":29}],"player_experience":171171,"relics_obtained":[{"floor":6,"key":"Vajra"},{"floor":9,"key":"War Paint"},{"floor":12,"key":"DataDisk"},{"floor":14,"key":"Boot"},{"floor":23,"key":"Tiny Chest"},{"floor":26,"key":"Pantograph"}],"event_choices":[{"damage_healed":0,"gold_gain":0,"player_choice":"Donut","damage_taken":0,"max_hp_gain":5,"max_hp_loss":0,"event_name":"Big Fish","floor":3,"gold_loss":0},{"damage_healed":0,"gold_gain":0,"player_choice":"Leave","damage_taken":0,"max_hp_gain":0,"max_hp_loss":0,"event_name":"The Cleric","floor":8,"gold_loss":0},{"damage_healed":0,"gold_gain":0,"player_choice":"Entered Light","damage_taken":23,"max_hp_gain":0,"max_hp_loss":0,"event_name":"Shining Light","floor":10,"gold_loss":0,"cards_upgraded":["Strike_B","Cold Snap"]},{"damage_healed":0,"gold_gain":64,"player_choice":"Gained Gold","damage_taken":0,"max_hp_gain":0,"max_hp_loss":0,"event_name":"Golden Wing","floor":13,"gold_loss":0},{"damage_healed":0,"gold_gain":0,"player_choice":"Bet on Murderer","damage_taken":0,"max_hp_gain":0,"max_hp_loss":0,"event_name":"The Joust","floor":19,"gold_loss":50},{"damage_healed":0,"gold_gain":0,"player_choice":"0 cards matched","damage_taken":0,"max_hp_gain":0,"max_hp_loss":0,"event_name":"Match and Keep!","floor":22,"gold_loss":0,"cards_obtained":[]}],"is_beta":false,"boss_relics":[{"not_picked":["Tiny House","Eternal Feather"],"picked":"Sozu"}],"items_purged_floors":[],"is_endless":false,"potions_floor_spawned":[1,6,12,20,23],"killed_by":"Slavers","ascension_level":17}