{"gold_per_floor":[115,115,115,40,40,78,78,103,103,116,132,132,155,169,169,300,300,313,337,351,351,376,301,27,27,27,45,45,45,63,63,63,163,213,230,248,214,233,69,94,109,126,199,19,19,19,19,37,37,37],"floor_reached":51,"playtime":6615,"items_purged":["Strike_G"],"score":631,"play_id":"09be57aa-e6ab-41cc-b630-9bd4943d41ae","local_time":"20190219204510","is_ascension_mode":false,"campfire_choices":[{"data":"Neutralize","floor":7.0,"key":"SMITH"},{"data":"Bouncing Flask","floor":12.0,"key":"SMITH"},{"floor":15.0,"key":"REST"},{"data":"Crippling Poison","floor":25.0,"key":"SMITH"},{"data":"Deadly Poison","floor":29.0,"key":"SMITH"},{"data":"Dodge and Roll","floor":32.0,"key":"SMITH"},{"data":"Night Terror","floor":45.0,"key":"SMITH"},{"data":"Dodge and Roll","floor":49,"key":"SMITH"}],"neow_cost":"NONE","seed_source_timestamp":5759940405013,"circlet_count":0,"master_deck":["Defend_G+1","Defend_G+1","Defend_G+1","Defend_G+1","Strike_G+1","Strike_G+1","Survivor","Neutralize+1","Deadly Poison+1","Deadly Poison+1","Bouncing Flask+1","Dodge and Roll+1","Footwork+1","Tools of the Trade+1","Deflect","Crippling Poison+1","Dodge and Roll+1","Footwork+1","Doubt","Sucker Punch+1","Corpse Explosion+1","After Image+1","Deflect","Backflip+1","Noxious Fumes+1","After Image+1","PiercingWail+1","Night Terror+1","Deadly Poison+1","Doubt","Panache+1","Dark Shackles","Parasite","Cloak And Dagger+1"],"special_seed":0,"relics":["Ring of the Snake","Bloody Idol","Pen Nib","Frozen Egg 2","Cursed Key","Gremlin Horn","Chemical X","Bottled Lightning","Tiny House","FossilizedHelix","Bottled Flame"],"potions_floor_usage":[50,50],"damage_taken":[{"damage":0.0,"enemies":"Cultist","floor":1.0,"turns":4.0},{"damage":25.0,"enemies":"3 Sentries","floor":6.0,"turns":11.0},{"damage":0.0,"enemies":"Small Slimes","floor":8.0,"turns":3.0},{"damage":0.0,"enemies":"Jaw Worm","floor":10.0,"turns":3.0},{"damage":4.0,"enemies":"Large Slime","floor":11.0,"turns":5.0},{"damage":10.0,"enemies":"Gremlin Gang","floor":13.0,"turns":4.0},{"damage":2.0,"enemies":"Exordium Thugs","floor":14.0,"turns":5.0},{"damage":8.0,"enemies":"Slime Boss","floor":16.0,"turns":18.0},{"damage":0.0,"enemies":"Chosen","floor":18.0,"turns":4.0},{"damage":3.0,"enemies":"2 Thieves","floor":19.0,"turns":4.0},{"damage":0.0,"enemies":"Centurion and Healer","floor":20.0,"turns":6.0},{"damage":16.0,"enemies":"Sentry and Sphere","floor":22.0,"turns":6.0},{"damage":1.0,"enemies":"Shelled Parasite and Fungi","floor":27.0,"turns":5.0},{"damage":0.0,"enemies":"3 Cultists","floor":30.0,"turns":6.0},{"damage":23.0,"enemies":"Automaton","floor":33.0,"turns":15.0},{"damage":18.0,"enemies":"3 Darklings","floor":35.0,"turns":3.0},{"damage":0.0,"enemies":"Orb Walker","floor":36.0,"turns":6.0},{"damage":12.0,"enemies":"Transient","floor":38.0,"turns":5.0},{"damage":19.0,"enemies":"Nemesis","floor":40.0,"turns":9.0},{"damage":0.0,"enemies":"Sphere and 2 Shapes","floor":41.0,"turns":5.0},{"damage":11.0,"enemies":"Maw","floor":42.0,"turns":8.0},{"damage":0.0,"enemies":"Writhing Mass","floor":48.0,"turns":6.0},{"damage":40,"enemies":"Awakened One","floor":50,"turns":19}],"seed_played":"8437508031546532092","potions_obtained":[{"floor":6.0,"key":"GhostInAJar"},{"floor":8.0,"key":"Dexterity Potion"},{"floor":11.0,"key":"GamblersBrew"},{"floor":13.0,"key":"Regen Potion"},{"floor":20.0,"key":"GhostInAJar"}],"is_trial":false,"path_per_floor":["M","?","?","$","?","E","R","M","T","M","M","R","M","M","R","B",null,"M","M","M","?","M","?","$","R","T","M","?","R","M","?","R","B",null,"M","M","$","M","$","E","M","M","T","$","R","?","?","M","R","B",null],"character_chosen":"THE_SILENT","items_purchased":["Footwork+1","Chemical X","Noxious Fumes+1","After Image+1","Panache+1"],"campfire_rested":1,"item_purchase_floors":[24,24,37,39,44],"current_hp_per_floor":[70,65,52,52,52,27,27,27,27,27,23,23,13,11,30,22,65,65,62,62,62,46,46,46,46,46,45,45,45,45,45,45,27,70,57,62,62,55,55,41,46,40,45,45,45,45,45,50,50,25],"gold":37,"neow_bonus":"TRANSFORM_CARD","is_prod":false,"is_daily":false,"chose_seed":false,"campfire_upgraded":7,"win_rate":0,"timestamp":1550630710,"path_taken":["M","?","?","?","?","E","R","M","T","M","M","R","M","M","R","BOSS","M","M","?","?","M","?","$","R","T","M","?","R","M","?","R","BOSS","M","M","$","M","$","E","M","M","T","$","R","?","?","M","R","BOSS"],"build_version":"2019-01-23","purchased_purges":1,"victory":true,"max_hp_per_floor":[70,65,65,65,65,65,65,65,65,65,65,65,65,65,65,65,65,65,65,65,65,65,65,65,65,65,65,65,65,65,65,65,65,70,70,70,70,70,70,70,70,70,70,70,70,70,70,70,70,70],"card_choices":[{"not_picked":["Bane","Tactician","Acrobatics"],"picked":"SKIP","floor":1.0},{"not_picked":["Acrobatics","Backflip"],"picked":"Deadly Poison","floor":6.0},{"not_picked":["Eviscerate","Flying Knee","Blade Dance"],"picked":"SKIP","floor":8.0},{"not_picked":["Blur","Deadly Poison"],"picked":"Bouncing Flask","floor":10.0},{"not_picked":["Underhanded Strike","Sucker Punch"],"picked":"Dodge and Roll","floor":11.0},{"not_picked":["Riddle With Holes","Noxious Fumes+1"],"picked":"Footwork+1","floor":13.0},{"not_picked":["Predator","Storm of Steel","Outmaneuver"],"picked":"SKIP","floor":14.0},{"not_picked":["Doppelganger","Phantasmal Killer"],"picked":"Tools of the Trade+1","floor":16.0},{"not_picked":["Outmaneuver","Eviscerate+1","Deflect"],"picked":"SKIP","floor":18.0},{"not_picked":["Outmaneuver","Eviscerate+1"],"picked":"Deflect","floor":18.0},{"not_picked":["Dagger Throw+1","Blade Dance"],"picked":"Crippling Poison","floor":19.0},{"not_picked":["Concentrate","Quick Slash","Cloak And Dagger"],"picked":"SKIP","floor":20.0},{"not_picked":["All Out Attack","Bane"],"picked":"Dodge and Roll","floor":22.0},{"not_picked":["Poisoned Stab","Dodge and Roll"],"picked":"Sucker Punch+1","floor":27.0},{"not_picked":["Escape Plan","Slice"],"picked":"Corpse Explosion","floor":30.0},{"not_picked":["Glass Knife","Doppelganger"],"picked":"After Image+1","floor":33.0},{"not_picked":["Tactician","PiercingWail+1"],"picked":"Deflect","floor":34.0},{"not_picked":["Cloak And Dagger","Quick Slash+1"],"picked":"Backflip+1","floor":35.0},{"not_picked":["Eviscerate","Bane","Prepared+1"],"picked":"SKIP","floor":36.0},{"not_picked":["Backflip","Concentrate+1","Prepared"],"picked":"SKIP","floor":38.0},{"not_picked":["Underhanded Strike","Quick Slash"],"picked":"PiercingWail+1","floor":40.0},{"not_picked":["Acrobatics","Dodge and Roll+1"],"picked":"Night Terror","floor":41.0},{"not_picked":["Deflect","Dash+1"],"picked":"Deadly Poison+1","floor":42.0},{"not_picked":["Thinking Ahead","Forethought"],"picked":"Dark Shackles","floor":47.0},{"not_picked":["Blade Dance","Skewer"],"picked":"Cloak And Dagger+1","floor":48.0}],"player_experience":884735,"relics_obtained":[{"floor":6.0,"key":"Pen Nib"},{"floor":9.0,"key":"Frozen Egg 2"},{"floor":26.0,"key":"Bottled Lightning"},{"floor":40.0,"key":"FossilizedHelix"},{"floor":43.0,"key":"Bottled Flame"}],"event_choices":[{"damage_healed":0.0,"max_hp_gain":0.0,"max_hp_loss":5.0,"gold_gain":0.0,"event_name":"Golden Idol","player_choice":"Lose Max HP","floor":2.0,"gold_loss":0.0,"damage_taken":0.0,"relics_obtained":["Golden Idol"]},{"damage_healed":0.0,"max_hp_gain":0.0,"max_hp_loss":0.0,"gold_gain":0.0,"event_name":"Shining Light","player_choice":"Entered Light","floor":3.0,"gold_loss":0.0,"damage_taken":13.0,"cards_upgraded":["Defend_G","Deadly Poison"]},{"cards_removed":["Defend_G"],"damage_healed":0.0,"max_hp_gain":0.0,"max_hp_loss":0.0,"gold_gain":0.0,"event_name":"Bonfire Elementals","player_choice":"Offered Basic","floor":5.0,"gold_loss":0.0,"damage_taken":0.0},{"damage_healed":0.0,"max_hp_gain":0.0,"max_hp_loss":0.0,"gold_gain":0.0,"event_name":"Addict","player_choice":"Stole Relic","floor":21.0,"gold_loss":0.0,"damage_taken":0.0,"relics_obtained":["Gremlin Horn"],"cards_obtained":["Shame"]},{"cards_removed":["Shame"],"damage_healed":0.0,"max_hp_gain":0.0,"max_hp_loss":0.0,"gold_gain":0.0,"event_name":"Beggar","player_choice":"Gave Gold","floor":23.0,"gold_loss":75.0,"damage_taken":0.0},{"damage_healed":0.0,"max_hp_gain":0.0,"max_hp_loss":0.0,"gold_gain":0.0,"event_name":"Back to Basics","player_choice":"Simplicity","floor":28.0,"gold_loss":0.0,"damage_taken":0.0,"cards_upgraded":["Defend_G","Defend_G","Defend_G","Strike_G","Strike_G","Strike_G"]},{"damage_healed":0.0,"max_hp_gain":0.0,"max_hp_loss":0.0,"gold_gain":0.0,"event_name":"Forgotten Altar","player_choice":"Gave Idol","floor":31.0,"relics_lost":["Golden Idol"],"gold_loss":0.0,"damage_taken":0.0,"relics_obtained":["Bloody Idol"]},{"cards_removed":["Strike_G"],"damage_healed":0.0,"max_hp_gain":0.0,"max_hp_loss":0.0,"gold_gain":0.0,"event_name":"Falling","player_choice":"Removed Attack","floor":46.0,"gold_loss":0.0,"damage_taken":0.0},{"damage_healed":0.0,"max_hp_gain":0.0,"max_hp_loss":0.0,"gold_gain":0.0,"event_name":"SensoryStone","player_choice":"Memory 1","floor":47.0,"gold_loss":0.0,"damage_taken":0.0}],"is_beta":false,"boss_relics":[{"not_picked":["Philosopher\u0027s Stone","Velvet Choker"],"picked":"Cursed Key"},{"not_picked":["White Beast Statue","Runic Pyramid"],"picked":"Tiny House"}],"items_purged_floors":[4],"is_endless":false,"potions_floor_spawned":[6,8,11,13,19,20,27,33,36,40,41],"ascension_level":0}