{"gold_per_floor":[11,11,11,11,22,50,50,70,120,120,138,156,186,213,213,310,310,321,321,338,338,357,357,377,377,377,377,392,34,34,34,34,34],"floor_reached":33,"playtime":2503,"items_purged":["Pain"],"score":255,"play_id":"fa8ebf36-3d85-4529-9f41-93bdc465ea24","local_time":"20190213095118","is_ascension_mode":false,"campfire_choices":[{"floor":7,"key":"REST"},{"floor":10,"key":"RECALL"},{"floor":15,"key":"REST"},{"floor":23,"key":"REST"},{"floor":27,"key":"REST"},{"floor":32,"key":"REST"}],"neow_cost":"NO_GOLD","seed_source_timestamp":681678661776695,"circlet_count":0,"master_deck":["Defend_G+1","Defend_G+1","Defend_G+1","Defend_G+1","Defend_G+1","Strike_G+1","Strike_G+1","Strike_G+1","Strike_G+1","Survivor","Neutralize","Mayhem","Madness","PiercingWail","Dodge and Roll","Calculated Gamble","Noxious Fumes","Backflip","Blade Dance","Deadly Poison","PiercingWail","Corpse Explosion","Decay","Doubt","Crippling Poison","Crippling Poison","Footwork","Infinite Blades","Necronomicurse","Escape Plan","Catalyst","Writhe"],"relics":["Ring of the Snake","Vajra","Odd Mushroom","WingedGreaves","Calling Bell","Potion Belt","Question Card","Gambling Chip","Necronomicon","Ninja Scroll","Molten Egg 2","Smiling Mask"],"potions_floor_usage":[13,14,22,33,33],"damage_taken":[{"damage":1,"enemies":"Cultist","floor":1,"turns":5},{"damage":2,"enemies":"2 Louse","floor":5,"turns":4},{"damage":32,"enemies":"3 Sentries","floor":6,"turns":17},{"damage":0,"enemies":"Small Slimes","floor":8,"turns":5},{"damage":5,"enemies":"2 Fungi Beasts","floor":11,"turns":4},{"damage":0,"enemies":"Exordium Wildlife","floor":12,"turns":5},{"damage":1,"enemies":"The Mushroom Lair","floor":13,"turns":5},{"damage":18,"enemies":"Gremlin Nob","floor":14,"turns":4},{"damage":38,"enemies":"Slime Boss","floor":16,"turns":15},{"damage":6,"enemies":"3 Byrds","floor":18,"turns":4},{"damage":34,"enemies":"2 Thieves","floor":20,"turns":5},{"damage":0,"enemies":"3 Cultists","floor":22,"turns":3},{"damage":17,"enemies":"Chosen and Byrds","floor":24,"turns":7},{"damage":23,"enemies":"Shelled Parasite and Fungi","floor":28,"turns":8},{"damage":10,"enemies":"Colosseum Slavers","floor":30,"turns":7},{"damage":29,"enemies":"Champ","floor":33,"turns":15}],"seed_played":"-1820146135102425713","potions_obtained":[{"floor":8,"key":"Energy Potion"},{"floor":11,"key":"PowerPotion"},{"floor":16,"key":"AttackPotion"},{"floor":20,"key":"LiquidBronze"},{"floor":24,"key":"FearPotion"},{"floor":28,"key":"LiquidBronze"}],"is_trial":false,"path_per_floor":["M","?","$","?","M","E","R","M","T","R","M","M","?","E","R","B",null,"M","?","M","?","M","R","M","?","T","R","M","$","?","?","R","B"],"character_chosen":"THE_SILENT","items_purchased":["Catalyst","Molten Egg 2"],"campfire_rested":5,"item_purchase_floors":[29,29],"current_hp_per_floor":[69,62,62,62,60,28,49,49,49,49,44,44,43,25,46,8,70,64,64,30,30,30,51,34,18,18,39,16,16,6,6,27,0],"gold":34,"neow_bonus":"RANDOM_COLORLESS_2","is_prod":false,"is_daily":false,"chose_seed":false,"campfire_upgraded":0,"win_rate":0,"timestamp":1550069478,"path_taken":["M","?","$","?","M","E","R","M","T","R","M","M","?","E","R","BOSS","M","?","M","?","?","R","M","?","T","R","M","$","?","?","R","BOSS"],"build_version":"2019-01-23","purchased_purges":1,"victory":false,"max_hp_per_floor":[70,70,70,70,70,70,70,70,70,70,70,70,70,70,70,70,70,70,70,70,70,70,70,70,70,70,70,70,70,70,70,70,70],"card_choices":[{"not_picked":["Slice","Catalyst"],"picked":"PiercingWail","floor":1},{"not_picked":["Accuracy","Deadly Poison"],"picked":"Dodge and Roll","floor":5},{"not_picked":["Deflect","Underhanded Strike"],"picked":"Calculated Gamble","floor":6},{"not_picked":["Dash","Well Laid Plans"],"picked":"Noxious Fumes","floor":8},{"not_picked":["Endless Agony","Acrobatics"],"picked":"Backflip","floor":11},{"not_picked":["Slice","Wraith Form v2"],"picked":"Blade Dance","floor":12},{"not_picked":["Quick Slash","Eviscerate"],"picked":"Deadly Poison","floor":13},{"not_picked":["Sucker Punch","Flying Knee"],"picked":"PiercingWail","floor":14},{"not_picked":["Bullet Time","Storm of Steel"],"picked":"Corpse Explosion","floor":16},{"not_picked":["Calculated Gamble","Flying Knee","Bane"],"picked":"Crippling Poison","floor":18},{"not_picked":["Dagger Throw+1","Prepared","Eviscerate"],"picked":"Crippling Poison","floor":20},{"not_picked":["Masterful Stab","Deadly Poison","Eviscerate"],"picked":"Footwork","floor":22},{"not_picked":["Setup","Flying Knee","PiercingWail+1"],"picked":"Infinite Blades","floor":24},{"not_picked":["Dagger Throw+1","Choke","Acrobatics"],"picked":"Escape Plan","floor":28}],"player_experience":148730,"relics_obtained":[{"floor":6,"key":"Vajra"},{"floor":13,"key":"Odd Mushroom"},{"floor":14,"key":"WingedGreaves"},{"floor":17,"key":"Potion Belt"},{"floor":17,"key":"Question Card"},{"floor":17,"key":"Gambling Chip"},{"floor":25,"key":"Necronomicon"},{"floor":26,"key":"Ninja Scroll"}],"event_choices":[{"cards_removed":["Strike_G"],"damage_healed":0,"gold_gain":0,"player_choice":"Card Removal","damage_taken":7,"max_hp_gain":0,"max_hp_loss":0,"event_name":"Golden Wing","floor":2,"gold_loss":0},{"damage_healed":0,"gold_gain":0,"player_choice":"Leave","damage_taken":0,"max_hp_gain":0,"max_hp_loss":0,"event_name":"The Cleric","floor":4,"gold_loss":0},{"damage_healed":0,"gold_gain":0,"player_choice":"Fought Mushrooms","damage_taken":0,"max_hp_gain":0,"max_hp_loss":0,"event_name":"Mushrooms","floor":13,"gold_loss":0},{"damage_healed":0,"gold_gain":0,"player_choice":"Simplicity","damage_taken":0,"max_hp_gain":0,"max_hp_loss":0,"event_name":"Back to Basics","floor":19,"gold_loss":0,"cards_upgraded":["Defend_G","Defend_G","Defend_G","Defend_G","Defend_G","Strike_G","Strike_G","Strike_G","Strike_G"]},{"damage_healed":0,"gold_gain":0,"player_choice":"0 cards matched","damage_taken":0,"max_hp_gain":0,"max_hp_loss":0,"event_name":"Match and Keep!","floor":21,"gold_loss":0,"cards_obtained":[]},{"damage_healed":0,"gold_gain":0,"player_choice":"Obtained Book","damage_taken":16,"max_hp_gain":0,"max_hp_loss":0,"event_name":"Cursed Tome","floor":25,"gold_loss":0},{"damage_healed":0,"gold_gain":0,"player_choice":"Fight","damage_taken":0,"max_hp_gain":0,"max_hp_loss":0,"event_name":"Colosseum","floor":30,"gold_loss":0},{"damage_healed":0,"gold_gain":0,"player_choice":"Fled From Nobs","damage_taken":0,"max_hp_gain":0,"max_hp_loss":0,"event_name":"Colosseum","floor":30,"gold_loss":0},{"damage_healed":0,"gold_gain":0,"player_choice":"Opened","damage_taken":0,"relics_obtained":["Smiling Mask"],"max_hp_gain":0,"max_hp_loss":0,"event_name":"The Mausoleum","floor":31,"gold_loss":0,"cards_obtained":["Writhe"]}],"is_beta":false,"boss_relics":[{"not_picked":["Eternal Feather","Coffee Dripper"],"picked":"Calling Bell"}],"items_purged_floors":[29],"is_endless":false,"potions_floor_spawned":[8,11,16,20,24,28,30],"killed_by":"Champ","ascension_level":0}