{"gold_per_floor":[110,124,124,135,135,135,167,1,79,113,113,138,63,75,75,179,179,199,199,210,210,227,227,558,558,636,237,249,249,164,192,192,288,288,304,349,67,167,167,201,211,211,238,238,88,99,130,156,168,180],"floor_reached":51,"playtime":5904,"items_purged":["Strike_R","Strike_R","Strike_R","Defend_R+1"],"score":847,"play_id":"2ac73ef7-9c6d-48ff-927d-d9e0d361f0ae","local_time":"20190108222459","is_ascension_mode":true,"campfire_choices":[{"floor":11.0,"key":"REST"},{"data":"Pommel Strike","floor":15.0,"key":"SMITH"},{"data":"Burning Pact","floor":23,"key":"SMITH"},{"data":"Flame Barrier","floor":25,"key":"SMITH"},{"data":"Bloodletting","floor":32,"key":"SMITH"},{"data":"Offering","floor":42,"key":"SMITH"},{"data":"Pommel Strike","floor":44,"key":"SMITH"},{"data":"Immolate","floor":49,"key":"SMITH"}],"neow_cost":"NONE","seed_source_timestamp":0,"circlet_count":0,"master_deck":["Strike_R+1","Strike_R+1","Defend_R+1","Defend_R+1","Bash","Shrug It Off","Inflame+1","Carnage","Bloodletting+1","Pommel Strike+1","Pommel Strike+1","Iron Wave","Iron Wave","Flex+1","Immolate","Flame Barrier+1","Burning Pact+1","Offering+1","Seeing Red+1","Battle Trance+1","Immolate+1","Whirlwind+1","Feed","Flash of Steel","Shrug It Off+1","Seeing Red+1"],"special_seed":0,"relics":["Burning Blood","Whetstone","Prayer Wheel","Mummified Hand","Happy Flower","Sundial","Calipers","Centennial Puzzle","Sozu","Shuriken","War Paint","Old Coin","Bottled Lightning","Ancient Tea Set","Blood Vial","Anchor","Boot","Coffee Dripper","WingedGreaves","Pen Nib","Mango","Regal Pillow","Red Skull","MawBank"],"potions_floor_usage":[50],"damage_taken":[{"damage":6.0,"enemies":"Jaw Worm","floor":1.0,"turns":3.0},{"damage":1.0,"enemies":"Cultist","floor":2.0,"turns":4.0},{"damage":2.0,"enemies":"Small Slimes","floor":4.0,"turns":4.0},{"damage":20.0,"enemies":"3 Sentries","floor":7.0,"turns":6.0},{"damage":23.0,"enemies":"Lagavulin","floor":10.0,"turns":5.0},{"damage":6.0,"enemies":"Gremlin Nob","floor":12.0,"turns":3.0},{"damage":4.0,"enemies":"2 Fungi Beasts","floor":14.0,"turns":2.0},{"damage":37.0,"enemies":"Slime Boss","floor":16.0,"turns":10.0},{"damage":4.0,"enemies":"Shell Parasite","floor":18.0,"turns":4.0},{"damage":12,"enemies":"2 Thieves","floor":20,"turns":4},{"damage":13,"enemies":"Sentry and Sphere","floor":22,"turns":3},{"damage":6,"enemies":"Book of Stabbing","floor":24,"turns":4},{"damage":0,"enemies":"Cultist and Chosen","floor":28,"turns":3},{"damage":1,"enemies":"Gremlin Leader","floor":31,"turns":4},{"damage":28,"enemies":"Automaton","floor":33,"turns":5},{"damage":6,"enemies":"3 Darklings","floor":35,"turns":1},{"damage":11,"enemies":"2 Orb Walkers","floor":36,"turns":3},{"damage":16,"enemies":"Mind Bloom Boss Battle","floor":38,"turns":5},{"damage":3,"enemies":"Reptomancer","floor":40,"turns":2},{"damage":0,"enemies":"Orb Walker","floor":41,"turns":3},{"damage":13,"enemies":"Maw","floor":46,"turns":4},{"damage":12,"enemies":"Nemesis","floor":47,"turns":3},{"damage":3,"enemies":"3 Darklings","floor":48,"turns":2},{"damage":38,"enemies":"Awakened One","floor":50,"turns":6}],"seed_played":"-252187686223725430","potions_obtained":[{"floor":1.0,"key":"Strength Potion"},{"floor":10.0,"key":"FairyPotion"},{"floor":12.0,"key":"SteroidPotion"},{"floor":16.0,"key":"Dexterity Potion"}],"is_trial":false,"path_per_floor":["M","M","?","M","T","?","E","$","T","E","R","E","$","M","R","B",null,"M","T","M","?","M","R","E","R","T","$","M","?","?","E","R","B",null,"M","?","$","?","?","E","M","R","T","R","$","M","E","M","R","B",null],"character_chosen":"IRONCLAD","items_purchased":["Happy Flower","Pommel Strike","Ancient Tea Set","Blood Vial","Pen Nib"],"campfire_rested":1,"item_purchase_floors":[8,8,27,27,37],"current_hp_per_floor":[80,80,80,80,80,64,50,50,50,33,57,57,57,59,59,28,80,80,80,74,74,67,67,67,67,67,67,75,75,75,80,80,58,80,80,75,75,81,81,86,97,97,97,97,97,93,89,94,94,64],"gold":192,"neow_bonus":"RANDOM_COMMON_RELIC","is_prod":false,"is_daily":false,"chose_seed":false,"campfire_upgraded":7,"win_rate":0,"timestamp":1547015099,"path_taken":["M","M","?","?","?","?","E","$","T","E","R","E","?","M","R","BOSS","M","?","M","?","M","R","E","R","T","$","M","?","?","E","R","BOSS","M","?","$","?","?","E","?","R","T","R","$","?","E","M","R","BOSS"],"build_version":"2019-01-03v4","purchased_purges":4,"victory":true,"max_hp_per_floor":[80,80,80,80,80,80,80,80,80,80,80,80,80,80,80,80,80,80,80,80,80,80,80,80,80,80,80,80,80,80,80,80,80,80,80,80,80,94,94,94,97,97,97,97,97,100,100,100,100,100],"card_choices":[{"not_picked":["Rage","Clothesline"],"picked":"Shrug It Off","floor":1.0},{"not_picked":["Heavy Blade","Twin Strike"],"picked":"Inflame","floor":2.0},{"not_picked":["Body Slam","Heavy Blade"],"picked":"Carnage","floor":4.0},{"not_picked":["Rampage","Body Slam"],"picked":"Bloodletting","floor":7.0},{"not_picked":["Entrench","Havoc"],"picked":"Pommel Strike","floor":10.0},{"not_picked":["Armaments","Havoc"],"picked":"Iron Wave","floor":12.0},{"not_picked":["Pommel Strike","Reaper"],"picked":"Iron Wave","floor":14.0},{"not_picked":["Headbutt","Entrench"],"picked":"Flex","floor":14.0},{"not_picked":["Brutality","Dark Embrace"],"picked":"Immolate","floor":16.0},{"not_picked":["Clash+1","Body Slam"],"picked":"Flame Barrier","floor":18},{"not_picked":["True Grit","Hemokinesis+1"],"picked":"Burning Pact","floor":18},{"not_picked":["Havoc+1","Sentinel"],"picked":"Offering","floor":20},{"not_picked":["Combust","Clothesline","Havoc"],"picked":"SKIP","floor":20},{"not_picked":["Cleave","Wild Strike+1"],"picked":"Seeing Red+1","floor":22},{"not_picked":["Flex","Havoc","Perfected Strike"],"picked":"SKIP","floor":22},{"not_picked":["Iron Wave+1","Armaments"],"picked":"Battle Trance+1","floor":24},{"not_picked":["Body Slam","Heavy Blade","Carnage"],"picked":"SKIP","floor":28},{"not_picked":["Second Wind+1","Headbutt","Disarm"],"picked":"SKIP","floor":28},{"not_picked":["Disarm","Twin Strike","Corruption"],"picked":"SKIP","floor":31},{"not_picked":["Demon Form","Offering"],"picked":"Immolate","floor":33},{"not_picked":["Iron Wave","True Grit","Rampage+1"],"picked":"SKIP","floor":35},{"not_picked":["Dropkick","Rampage","Havoc+1"],"picked":"SKIP","floor":35},{"not_picked":["Ghostly Armor","Flex+1"],"picked":"Whirlwind+1","floor":36},{"not_picked":["Second Wind+1","Cleave"],"picked":"Feed","floor":38},{"not_picked":["Discovery","PanicButton"],"picked":"Flash of Steel","floor":39},{"not_picked":["Headbutt+1","Dropkick","Intimidate+1"],"picked":"SKIP","floor":40},{"not_picked":["Wild Strike","Entrench"],"picked":"Shrug It Off+1","floor":41},{"not_picked":["Warcry","True Grit+1"],"picked":"Seeing Red+1","floor":41},{"not_picked":["Carnage+1","Iron Wave+1","Clothesline+1"],"picked":"SKIP","floor":46},{"not_picked":["True Grit","Perfected Strike+1","Body Slam"],"picked":"SKIP","floor":46},{"not_picked":["Reckless Charge+1","Juggernaut","Burning Pact+1"],"picked":"SKIP","floor":47},{"not_picked":["Twin Strike+1","Warcry+1","Reckless Charge+1"],"picked":"SKIP","floor":48},{"not_picked":["Ghostly Armor","Thunderclap","Armaments"],"picked":"SKIP","floor":48}],"player_experience":43916,"relics_obtained":[{"floor":5.0,"key":"Prayer Wheel"},{"floor":7.0,"key":"Mummified Hand"},{"floor":9.0,"key":"Sundial"},{"floor":10.0,"key":"Calipers"},{"floor":12.0,"key":"Centennial Puzzle"},{"floor":19,"key":"Shuriken"},{"floor":24,"key":"Old Coin"},{"floor":26,"key":"Bottled Lightning"},{"floor":31,"key":"Boot"},{"floor":36,"key":"WingedGreaves"},{"floor":38,"key":"Mango"},{"floor":40,"key":"Regal Pillow"},{"floor":43,"key":"Red Skull"},{"floor":47,"key":"MawBank"}],"event_choices":[{"damage_healed":0.0,"max_hp_gain":0.0,"max_hp_loss":0.0,"gold_gain":0.0,"event_name":"Accursed Blacksmith","player_choice":"Forge","floor":3.0,"gold_loss":0.0,"damage_taken":0.0,"cards_upgraded":["Inflame"]},{"damage_healed":0.0,"max_hp_gain":0.0,"max_hp_loss":0.0,"gold_gain":0.0,"event_name":"Shining Light","player_choice":"Entered Light","floor":6.0,"gold_loss":0.0,"damage_taken":16.0,"cards_upgraded":["Defend_R","Defend_R"]},{"damage_healed":0,"gold_gain":0,"player_choice":"Opened","damage_taken":0,"relics_obtained":["War Paint"],"max_hp_gain":0,"max_hp_loss":0,"event_name":"The Mausoleum","floor":21,"gold_loss":0},{"cards_removed":["Defend_R"],"damage_healed":0,"gold_gain":0,"player_choice":"Elegance","damage_taken":0,"max_hp_gain":0,"max_hp_loss":0,"event_name":"Back to Basics","floor":29,"gold_loss":0},{"damage_healed":0,"gold_gain":0,"player_choice":"Obtained Relic","damage_taken":0,"relics_obtained":["Anchor"],"max_hp_gain":0,"max_hp_loss":0,"event_name":"Addict","floor":30,"gold_loss":85},{"damage_healed":0,"gold_gain":0,"player_choice":"Fight","damage_taken":0,"max_hp_gain":0,"max_hp_loss":0,"event_name":"Mysterious Sphere","floor":36,"gold_loss":0},{"damage_healed":0,"gold_gain":0,"player_choice":"Fight","damage_taken":0,"max_hp_gain":0,"max_hp_loss":0,"event_name":"MindBloom","floor":38,"gold_loss":0},{"damage_healed":0,"gold_gain":0,"player_choice":"Memory 1","damage_taken":0,"max_hp_gain":0,"max_hp_loss":0,"event_name":"SensoryStone","floor":39,"gold_loss":0}],"is_beta":false,"boss_relics":[{"not_picked":["Runic Dome","Empty Cage"],"picked":"Sozu"},{"not_picked":["Fusion Hammer","Eternal Feather"],"picked":"Coffee Dripper"}],"items_purged_floors":[13,27,37,45],"is_endless":false,"potions_floor_spawned":[1,10,12,16,20,22,35,36,41,48],"ascension_level":1}