{"gold_per_floor":[114,39,39,39,51,51,80,80,80,110,124,134,134,168,168,263,263,218,218,218,218,218,218,218,218,218,218,218,153,153,6,6,6,6,6,6,6,0,0,0,0,0,0,0,0,0,0,0,0,0],"floor_reached":50,"playtime":4788,"items_purged":["Strike_R"],"score":629,"play_id":"dc000b09-25cc-42bd-9f38-9e87f688eb80","local_time":"20190107042123","is_ascension_mode":false,"campfire_choices":[{"data":"Pommel Strike","floor":6,"key":"SMITH"},{"data":"Armaments","floor":8,"key":"SMITH"},{"data":"Infernal Blade","floor":13,"key":"SMITH"},{"floor":15,"key":"REST"},{"floor":24,"key":"REST"},{"floor":27,"key":"REST"},{"data":"Pommel Strike","floor":32,"key":"SMITH"},{"data":"Warcry","floor":41,"key":"SMITH"},{"data":"Demon Form","floor":45,"key":"SMITH"},{"floor":47,"key":"REST"},{"floor":49,"key":"REST"}],"neow_cost":"NONE","seed_source_timestamp":631346027403195,"circlet_count":0,"master_deck":["Defend_R","Defend_R","Defend_R","Bash","Combust","Pommel Strike+1","Armaments+1","Infernal Blade+1","Shrug It Off","Pommel Strike+1","Seeing Red","Offering","Warcry","Flash of Steel","Demon Form+1","Inflame","Armaments+1","RitualDagger","Perfected Strike","Warcry+1","Bite","Bite","Bite","Bite","Bite","Rage+1","Feed","Shrug It Off","Madness","Madness","Cleave+1","Heavy Blade+1","Flex+1","Twin Strike+1","Warcry+1"],"relics":["Burning Blood","NeowsBlessing","Bottled Flame","Self Forming Clay","Juzu Bracelet","Ectoplasm","WingedGreaves","Shuriken","Paper Frog","Mummified Hand","Pen Nib","Mark of Pain","Red Mask","Pocketwatch","Boot","Dodecahedron","Blood Vial"],"potions_floor_usage":[10,23,23,25,35,48,50],"damage_taken":[{"damage":0,"enemies":"Jaw Worm","floor":1,"turns":1},{"damage":0,"enemies":"2 Louse","floor":5,"turns":1},{"damage":0,"enemies":"Lagavulin","floor":7,"turns":1},{"damage":16,"enemies":"Gremlin Nob","floor":10,"turns":3},{"damage":0,"enemies":"Cultist","floor":11,"turns":2},{"damage":9,"enemies":"Gremlin Gang","floor":12,"turns":4},{"damage":26,"enemies":"Lagavulin","floor":14,"turns":8},{"damage":11,"enemies":"Slime Boss","floor":16,"turns":7},{"damage":11,"enemies":"2 Thieves","floor":18,"turns":4},{"damage":6,"enemies":"Chosen","floor":20,"turns":4},{"damage":21,"enemies":"Snake Plant","floor":21,"turns":3},{"damage":30,"enemies":"Gremlin Leader","floor":23,"turns":8},{"damage":14,"enemies":"Slavers","floor":25,"turns":4},{"damage":24,"enemies":"Centurion and Healer","floor":30,"turns":4},{"damage":18,"enemies":"Champ","floor":33,"turns":8},{"damage":7,"enemies":"Orb Walker","floor":35,"turns":2},{"damage":7,"enemies":"3 Shapes","floor":36,"turns":2},{"damage":12,"enemies":"Mind Bloom Boss Battle","floor":39,"turns":5},{"damage":30,"enemies":"Nemesis","floor":40,"turns":5},{"damage":12,"enemies":"Writhing Mass","floor":44,"turns":3},{"damage":21,"enemies":"4 Shapes","floor":46,"turns":3},{"damage":38,"enemies":"Reptomancer","floor":48,"turns":4},{"damage":57,"enemies":"Time Eater","floor":50,"turns":4}],"seed_played":"-8588294349331770733","potions_obtained":[{"floor":1,"key":"GamblersBrew"},{"floor":5,"key":"Swift Potion"},{"floor":7,"key":"PowerPotion"},{"floor":18,"key":"EssenceOfSteel"},{"floor":20,"key":"Energy Potion"},{"floor":30,"key":"PowerPotion"},{"floor":39,"key":"EssenceOfSteel"},{"floor":48,"key":"EssenceOfSteel"}],"is_trial":false,"path_per_floor":["M","$","?","?","M","R","E","R","T","E","M","M","R","E","R","B",null,"M","?","M","M","?","E","R","E","T","R","?","?","M","$","R","B",null,"M","M","?","?","?","E","R","$","T","M","R","M","R","E","R","B"],"character_chosen":"IRONCLAD","items_purchased":["Pen Nib"],"campfire_rested":5,"item_purchase_floors":[31],"current_hp_per_floor":[80,80,80,72,78,78,80,80,80,70,76,73,73,53,77,72,80,75,75,75,60,54,30,54,46,46,70,56,56,47,47,47,56,56,56,59,52,52,59,44,44,44,44,46,46,36,53,30,47,0],"gold":0,"neow_bonus":"THREE_ENEMY_KILL","is_prod":false,"is_daily":false,"chose_seed":false,"campfire_upgraded":6,"win_rate":0,"timestamp":1546863683,"path_taken":["M","$","?","?","M","R","E","R","T","E","?","M","R","E","R","BOSS","M","?","M","M","?","E","R","E","T","R","?","?","M","?","R","BOSS","M","M","?","?","?","E","R","?","T","M","R","M","R","E","R","BOSS"],"build_version":"2019-01-03v4","purchased_purges":1,"victory":false,"max_hp_per_floor":[80,80,80,80,80,80,80,80,80,80,80,80,80,80,80,80,80,80,80,80,80,80,80,80,80,80,80,56,56,56,56,56,56,56,56,59,59,59,59,59,59,59,59,59,59,59,59,59,59,59],"card_choices":[{"not_picked":["Sword Boomerang","Anger"],"picked":"Combust","floor":1},{"not_picked":["Entrench","Dual Wield"],"picked":"Pommel Strike","floor":5},{"not_picked":["Burning Pact","Thunderclap"],"picked":"Armaments","floor":7},{"not_picked":["Brutality","Anger"],"picked":"Infernal Blade","floor":10},{"not_picked":["Corruption","Anger"],"picked":"Shrug It Off","floor":11},{"not_picked":["Anger","Intimidate"],"picked":"Pommel Strike","floor":12},{"not_picked":["Hemokinesis","Flex"],"picked":"Seeing Red","floor":14},{"not_picked":["Brutality","Bludgeon"],"picked":"Offering","floor":16},{"not_picked":["Heavy Blade","Feel No Pain"],"picked":"Warcry","floor":18},{"not_picked":["Flex","Clothesline+1"],"picked":"Inflame","floor":20},{"not_picked":["Headbutt+1","Body Slam"],"picked":"Armaments+1","floor":21},{"not_picked":["Flex","Brutality"],"picked":"Perfected Strike","floor":23},{"not_picked":["Dropkick","Hemokinesis"],"picked":"Warcry","floor":25},{"not_picked":["Iron Wave","Burning Pact"],"picked":"Rage+1","floor":30},{"not_picked":["Dark Embrace","Juggernaut"],"picked":"Feed","floor":33},{"not_picked":["Reckless Charge","Twin Strike+1"],"picked":"Shrug It Off","floor":35},{"not_picked":["Anger+1","Armaments","True Grit+1"],"picked":"SKIP","floor":36},{"not_picked":["Power Through","Flex+1"],"picked":"Cleave+1","floor":39},{"not_picked":["Reaper","Clothesline"],"picked":"Heavy Blade+1","floor":40},{"not_picked":["Searing Blow","Headbutt+1"],"picked":"Flex+1","floor":44},{"not_picked":["Infernal Blade","Warcry"],"picked":"Twin Strike+1","floor":46},{"not_picked":["Feel No Pain","Headbutt+1"],"picked":"Warcry+1","floor":48}],"player_experience":24657,"relics_obtained":[{"floor":7,"key":"Bottled Flame"},{"floor":10,"key":"Self Forming Clay"},{"floor":14,"key":"Juzu Bracelet"},{"floor":23,"key":"WingedGreaves"},{"floor":25,"key":"Shuriken"},{"floor":26,"key":"Paper Frog"},{"floor":39,"key":"Pocketwatch"},{"floor":40,"key":"Boot"},{"floor":43,"key":"Dodecahedron"},{"floor":48,"key":"Blood Vial"}],"event_choices":[{"cards_removed":["Defend_R"],"damage_healed":0,"gold_gain":0,"player_choice":"Forget","damage_taken":0,"max_hp_gain":0,"max_hp_loss":0,"event_name":"Living Wall","floor":3,"gold_loss":0},{"damage_healed":0,"gold_gain":0,"player_choice":"Damaged","damage_taken":8,"max_hp_gain":0,"max_hp_loss":0,"event_name":"Wheel of Change","floor":4,"gold_loss":0},{"damage_healed":0,"gold_gain":0,"player_choice":"2 cards matched","damage_taken":0,"max_hp_gain":0,"max_hp_loss":0,"event_name":"Match and Keep!","floor":19,"gold_loss":0,"cards_obtained":["Flash of Steel","Demon Form"]},{"damage_healed":0,"gold_gain":0,"player_choice":"Joined the Cult","damage_taken":6,"max_hp_gain":0,"max_hp_loss":0,"event_name":"Nest","floor":22,"gold_loss":0,"cards_obtained":["RitualDagger"]},{"damage_healed":0,"gold_gain":0,"player_choice":"Became a vampire","damage_taken":0,"max_hp_gain":0,"max_hp_loss":24,"event_name":"Vampires","floor":28,"gold_loss":0,"cards_obtained":["Bite","Bite","Bite","Bite","Bite"]},{"damage_healed":0,"gold_gain":0,"player_choice":"Paid Gold","damage_taken":0,"relics_obtained":["Mummified Hand"],"max_hp_gain":0,"max_hp_loss":0,"event_name":"WeMeetAgain","floor":29,"gold_loss":65},{"damage_healed":0,"gold_gain":0,"player_choice":"Embrace Madness","damage_taken":7,"max_hp_gain":0,"max_hp_loss":0,"event_name":"Winding Halls","floor":37,"gold_loss":0,"cards_obtained":["Madness","Madness"]},{"damage_healed":0,"gold_gain":0,"player_choice":"Paid","damage_taken":0,"relics_obtained":["Red Mask"],"max_hp_gain":0,"max_hp_loss":0,"event_name":"Tomb of Lord Red Mask","floor":38,"gold_loss":6},{"damage_healed":0,"gold_gain":0,"player_choice":"Fight","damage_taken":0,"max_hp_gain":0,"max_hp_loss":0,"event_name":"MindBloom","floor":39,"gold_loss":0}],"is_beta":false,"boss_relics":[{"not_picked":["Coffee Dripper","Runic Dome"],"picked":"Ectoplasm"},{"not_picked":["Eternal Feather","White Beast Statue"],"picked":"Mark of Pain"}],"items_purged_floors":[2],"is_endless":false,"potions_floor_spawned":[1,5,7,18,20,30,39,48],"killed_by":"Time Eater","ascension_level":0}