{"gold_per_floor":[119,119,119,132,132,167,181,181,181,209,226,226,240,272,272,375,375,386,412,422,422,422],"floor_reached":22,"playtime":1342,"items_purged":[],"score":240,"play_id":"d8efaa20-b528-477e-a46e-063a4464c7f2","local_time":"20190124205756","is_ascension_mode":true,"campfire_choices":[{"data":"Prepared","floor":8,"key":"SMITH"},{"floor":12,"key":"REST"},{"floor":15,"key":"REST"}],"neow_cost":"NONE","seed_source_timestamp":964592610229674,"circlet_count":0,"master_deck":["Defend_G","Defend_G","Defend_G","Defend_G","Defend_G","Strike_G","Strike_G","Strike_G","Strike_G","Survivor","Neutralize","Tactician","Distraction","Prepared+1","Flying Knee","Acrobatics","Choke","Adrenaline","Terror","Quick Slash","Riddle With Holes","A Thousand Cuts","Backflip","Outmaneuver","Skewer","Quick Slash","Flying Knee+1","Expertise+1","Pain"],"relics":["Ring of the Snake","NeowsBlessing","Oddly Smooth Stone","Centennial Puzzle","Sundial","Letter Opener","Gremlin Horn","Orrery","Red Mask","WarpedTongs"],"potions_floor_usage":[10,13,16,20],"damage_taken":[{"damage":0,"enemies":"2 Louse","floor":1,"turns":1},{"damage":0,"enemies":"Small Slimes","floor":4,"turns":1},{"damage":0,"enemies":"3 Sentries","floor":6,"turns":1},{"damage":0,"enemies":"Cultist","floor":7,"turns":5},{"damage":23,"enemies":"Gremlin Nob","floor":10,"turns":4},{"damage":6,"enemies":"Exordium Thugs","floor":11,"turns":3},{"damage":0,"enemies":"Red Slaver","floor":13,"turns":2},{"damage":4,"enemies":"Lagavulin","floor":14,"turns":6},{"damage":38,"enemies":"Hexaghost","floor":16,"turns":6},{"damage":24,"enemies":"Spheric Guardian","floor":18,"turns":5},{"damage":29,"enemies":"Masked Bandits","floor":19,"turns":5},{"damage":1,"enemies":"2 Thieves","floor":20,"turns":4},{"damage":19,"enemies":"Centurion and Healer","floor":22,"turns":5}],"seed_played":"4026945472707165455","potions_obtained":[{"floor":6,"key":"AttackPotion"},{"floor":7,"key":"FearPotion"},{"floor":13,"key":"GhostInAJar"},{"floor":14,"key":"Strength Potion"}],"is_trial":false,"path_per_floor":["M","?","?","M","T","E","M","R","T","E","M","R","M","E","R","B",null,"M","?","M","?","M"],"character_chosen":"THE_SILENT","items_purchased":[],"campfire_rested":2,"item_purchase_floors":[],"current_hp_per_floor":[70,63,63,63,63,63,63,63,63,40,34,55,55,51,70,32,70,46,17,16,16,0],"gold":422,"neow_bonus":"THREE_ENEMY_KILL","is_prod":false,"is_daily":false,"chose_seed":false,"campfire_upgraded":1,"win_rate":0,"timestamp":1548381476,"path_taken":["M","?","?","?","?","E","M","R","T","E","M","R","M","E","R","BOSS","M","?","M","?","M"],"build_version":"2019-01-23","purchased_purges":0,"victory":false,"max_hp_per_floor":[70,70,70,70,70,70,70,70,70,70,70,70,70,70,70,70,70,70,70,70,70,70],"card_choices":[{"not_picked":["Sucker Punch","Flechettes"],"picked":"Tactician","floor":1},{"not_picked":["Well Laid Plans","Poisoned Stab"],"picked":"Flying Knee","floor":4},{"not_picked":["Prepared","All Out Attack"],"picked":"Acrobatics","floor":6},{"not_picked":["Well Laid Plans","Acrobatics"],"picked":"Choke","floor":7},{"not_picked":["Backstab","Dagger Throw"],"picked":"Adrenaline","floor":10},{"not_picked":["Catalyst","Prepared"],"picked":"Terror","floor":11},{"not_picked":["Footwork","Poisoned Stab"],"picked":"Quick Slash","floor":13},{"not_picked":["Caltrops","Malaise"],"picked":"Riddle With Holes","floor":14},{"not_picked":["Wraith Form v2","Malaise"],"picked":"A Thousand Cuts","floor":16},{"not_picked":["Sucker Punch","Catalyst"],"picked":"Backflip","floor":17},{"not_picked":["Bouncing Flask","Leg Sweep"],"picked":"Outmaneuver","floor":17},{"not_picked":["Catalyst","Deflect"],"picked":"Skewer","floor":17},{"not_picked":["Leg Sweep","Deflect"],"picked":"Quick Slash","floor":17},{"not_picked":["Deadly Poison","Bane+1"],"picked":"Flying Knee+1","floor":18},{"not_picked":["Blade Dance","Dagger Throw"],"picked":"Expertise+1","floor":19},{"not_picked":["Doppelganger","Bouncing Flask","Deadly Poison"],"picked":"SKIP","floor":20}],"player_experience":83449,"relics_obtained":[{"floor":5,"key":"Oddly Smooth Stone"},{"floor":6,"key":"Centennial Puzzle"},{"floor":9,"key":"Sundial"},{"floor":10,"key":"Letter Opener"},{"floor":14,"key":"Gremlin Horn"},{"floor":19,"key":"Red Mask"}],"event_choices":[{"cards_removed":["Strike_G"],"damage_healed":0,"gold_gain":0,"player_choice":"Card Removal","damage_taken":7,"max_hp_gain":0,"max_hp_loss":0,"event_name":"Golden Wing","floor":2,"gold_loss":0},{"damage_healed":0,"gold_gain":0,"player_choice":"2 cards matched","damage_taken":0,"max_hp_gain":0,"max_hp_loss":0,"event_name":"Match and Keep!","floor":3,"gold_loss":0,"cards_obtained":["Distraction","Prepared"]},{"damage_healed":0,"gold_gain":0,"player_choice":"Fought Bandits","damage_taken":0,"max_hp_gain":0,"max_hp_loss":0,"event_name":"Masked Bandits","floor":19,"gold_loss":0},{"damage_healed":0,"gold_gain":0,"player_choice":"Rummage","damage_taken":0,"relics_obtained":["WarpedTongs"],"max_hp_gain":0,"max_hp_loss":0,"event_name":"Accursed Blacksmith","floor":21,"gold_loss":0,"cards_obtained":["Pain"]}],"is_beta":false,"boss_relics":[{"not_picked":["Black Star","Lizard Tail"],"picked":"Orrery"}],"items_purged_floors":[],"is_endless":false,"potions_floor_spawned":[6,7,13,14],"killed_by":"Centurion and Healer","ascension_level":1}