{"gold_per_floor":[118,132,146,161,172,172,250,284,284,284,21,35,50,80,80,154,154,173,173,185,201,13,40,40],"floor_reached":24,"playtime":1622,"items_purged":["Writhe"],"score":426,"play_id":"465dc9e2-0b2f-4aeb-9dae-79e7654939da","local_time":"20190226123723","is_ascension_mode":true,"campfire_choices":[{"data":"Neutralize","floor":6.0,"key":"SMITH"},{"floor":15.0,"key":"REST"}],"neow_cost":"NONE","seed_source_timestamp":0,"circlet_count":0,"master_deck":["AscendersBane","Defend_G","Defend_G","Defend_G","Defend_G","Defend_G","Strike_G","Strike_G","Strike_G","Strike_G","Strike_G","Survivor","Neutralize+1","Dodge and Roll","Poisoned Stab","Backflip","Backstab","Backflip","Skewer","PiercingWail","Cloak And Dagger","Escape Plan","Leg Sweep","Wraith Form v2","Outmaneuver","Dagger Spray","Flechettes","Deadly Poison","Apotheosis","Deadly Poison"],"special_seed":0,"relics":["Cursed Key","Potion Belt","Pantograph","Matryoshka","Bag of Preparation","Ninja Scroll","Runic Pyramid","Happy Flower"],"potions_floor_usage":[20,23],"damage_taken":[{"damage":2.0,"enemies":"Jaw Worm","floor":1.0,"turns":6.0},{"damage":0.0,"enemies":"2 Louse","floor":2.0,"turns":6.0},{"damage":0.0,"enemies":"Cultist","floor":3.0,"turns":4.0},{"damage":3.0,"enemies":"Exordium Thugs","floor":4.0,"turns":5.0},{"damage":12.0,"enemies":"Large Slime","floor":5.0,"turns":8.0},{"damage":10.0,"enemies":"Gremlin Nob","floor":8.0,"turns":4.0},{"damage":0.0,"enemies":"Blue Slaver","floor":12.0,"turns":3.0},{"damage":0.0,"enemies":"Looter","floor":13.0,"turns":2.0},{"damage":9.0,"enemies":"Lagavulin","floor":14.0,"turns":6.0},{"damage":59.0,"enemies":"Hexaghost","floor":16.0,"turns":17.0},{"damage":3,"enemies":"Shell Parasite","floor":18,"turns":8},{"damage":2,"enemies":"Spheric Guardian","floor":20,"turns":6},{"damage":12,"enemies":"Cultist and Chosen","floor":21,"turns":9},{"damage":28,"enemies":"Slavers","floor":23,"turns":8},{"damage":7,"enemies":"Colosseum Slavers","floor":24,"turns":1}],"seed_played":"-8353763233257958863","potions_obtained":[{"floor":3.0,"key":"PowerPotion"},{"floor":4.0,"key":"Strength Potion"},{"floor":13.0,"key":"SpeedPotion"},{"floor":14.0,"key":"Block Potion"},{"floor":21,"key":"Swift Potion"}],"is_trial":false,"path_per_floor":["M","M","M","M","M","R","?","E","T","?","$","M","M","E","R","B",null,"M","?","M","M","$","E","?"],"character_chosen":"THE_SILENT","items_purchased":["PiercingWail","Bag of Preparation","Apotheosis"],"campfire_rested":1,"item_purchase_floors":[11,11,22],"current_hp_per_floor":[57,57,57,54,42,42,42,32,32,32,32,32,32,23,42,7,51,48,48,46,34,34,6,0],"gold":40,"neow_bonus":"BOSS_RELIC","is_prod":false,"is_daily":false,"chose_seed":false,"campfire_upgraded":1,"win_rate":0,"timestamp":1551213443,"path_taken":["M","M","M","M","M","R","?","E","T","?","$","?","M","E","R","BOSS","M","?","M","M","$","E","?"],"build_version":"2019-01-23","purchased_purges":1,"victory":false,"max_hp_per_floor":[66,66,66,66,66,66,66,66,66,66,66,66,66,66,66,66,66,66,66,66,66,66,66,66],"card_choices":[{"not_picked":["Flying Knee","Choke","Dodge and Roll"],"picked":"SKIP","floor":1.0},{"not_picked":["Flying Knee","Choke"],"picked":"Dodge and Roll","floor":1.0},{"not_picked":["Choke","Catalyst"],"picked":"Poisoned Stab","floor":2.0},{"not_picked":["Escape Plan","Flying Knee"],"picked":"Backflip","floor":3.0},{"not_picked":["Outmaneuver","Heel Hook"],"picked":"Backstab","floor":4.0},{"not_picked":["Deflect","Distraction"],"picked":"Backflip","floor":5.0},{"not_picked":["Outmaneuver","Reflex"],"picked":"Skewer","floor":8.0},{"not_picked":["Flechettes","Deflect"],"picked":"Cloak And Dagger","floor":12.0},{"not_picked":["Prepared","Expertise"],"picked":"Escape Plan","floor":13.0},{"not_picked":["Underhanded Strike","Setup"],"picked":"Leg Sweep","floor":14.0},{"not_picked":["Bullet Time","Doppelganger"],"picked":"Wraith Form v2","floor":16.0},{"not_picked":["Dodge and Roll","Endless Agony"],"picked":"Outmaneuver","floor":18},{"not_picked":["Quick Slash+1","Deflect+1"],"picked":"Flechettes","floor":20},{"not_picked":["Poisoned Stab","Eviscerate"],"picked":"Deadly Poison","floor":21},{"not_picked":["Dagger Spray","Catalyst"],"picked":"Deadly Poison","floor":23}],"player_experience":251921,"relics_obtained":[{"floor":8.0,"key":"Potion Belt"},{"floor":9.0,"key":"Pantograph"},{"floor":14.0,"key":"Ninja Scroll"},{"floor":23,"key":"Happy Flower"}],"event_choices":[{"damage_healed":0.0,"max_hp_gain":0.0,"max_hp_loss":0.0,"gold_gain":78.0,"event_name":"Golden Wing","player_choice":"Gained Gold","floor":7.0,"gold_loss":0.0,"damage_taken":0.0},{"damage_healed":0.0,"max_hp_gain":0.0,"max_hp_loss":0.0,"gold_gain":0.0,"event_name":"WeMeetAgain","player_choice":"Gave Potion","floor":10.0,"gold_loss":0.0,"damage_taken":0.0,"relics_obtained":["Matryoshka"]},{"damage_healed":0,"gold_gain":0,"player_choice":"Read","damage_taken":0,"max_hp_gain":0,"max_hp_loss":0,"event_name":"The Library","floor":19,"gold_loss":0,"cards_obtained":["Dagger Spray"]},{"damage_healed":0,"gold_gain":0,"player_choice":"Fight","damage_taken":0,"max_hp_gain":0,"max_hp_loss":0,"event_name":"Colosseum","floor":24,"gold_loss":0}],"is_beta":false,"boss_relics":[{"not_picked":["Astrolabe","Orrery"],"picked":"Runic Pyramid"}],"items_purged_floors":[11],"is_endless":false,"potions_floor_spawned":[3,4,5,13,14,21],"killed_by":"Colosseum Slavers","ascension_level":17}