{"gold_per_floor":[116,133,133,133,147,174,174,205,253,272,272,290,310,327,327,426,426,443,454,379,391,491,491],"floor_reached":23,"playtime":1799,"items_purged":[],"score":357,"play_id":"e119f1c8-6650-4071-89f1-f60b02f6a4de","local_time":"20190212221233","is_ascension_mode":true,"campfire_choices":[{"floor":7,"key":"REST"},{"floor":11,"key":"REST"},{"floor":15,"key":"REST"}],"neow_cost":"TEN_PERCENT_HP_LOSS","seed_source_timestamp":2713280146931118,"circlet_count":0,"master_deck":["Strike_R","Strike_R","Strike_R","Defend_R","Defend_R","Defend_R","Bash+1","Spot Weakness","Cleave","Clothesline","Flex","Inflame","Pommel Strike+1","Headbutt+1","Shrug It Off","Sword Boomerang+1","Offering","Seeing Red","Clothesline+1"],"relics":["Burning Blood","Molten Egg 2","Regal Pillow","Centennial Puzzle","Busted Crown","Unceasing Top","Paper Frog"],"potions_floor_usage":[6,8,16,23,23],"damage_taken":[{"damage":10,"enemies":"Cultist","floor":1,"turns":5},{"damage":3,"enemies":"Jaw Worm","floor":2,"turns":4},{"damage":9,"enemies":"2 Louse","floor":5,"turns":2},{"damage":35,"enemies":"3 Sentries","floor":6,"turns":5},{"damage":26,"enemies":"Gremlin Nob","floor":8,"turns":4},{"damage":10,"enemies":"2 Fungi Beasts","floor":10,"turns":3},{"damage":7,"enemies":"Exordium Wildlife","floor":12,"turns":2},{"damage":15,"enemies":"Gremlin Gang","floor":13,"turns":4},{"damage":10,"enemies":"Blue Slaver","floor":14,"turns":3},{"damage":0,"enemies":"Slime Boss","floor":16,"turns":6},{"damage":6,"enemies":"Chosen","floor":18,"turns":2},{"damage":6,"enemies":"Spheric Guardian","floor":19,"turns":2},{"damage":31,"enemies":"Shelled Parasite and Fungi","floor":21,"turns":3},{"damage":21,"enemies":"Colosseum Slavers","floor":22,"turns":4},{"damage":13,"enemies":"Colosseum Nobs","floor":22,"turns":4},{"damage":30,"enemies":"Gremlin Leader","floor":23,"turns":4}],"seed_played":"-8694927930308254100","potions_obtained":[{"floor":1,"key":"Explosive Potion"},{"floor":2,"key":"SpeedPotion"},{"floor":6,"key":"Regen Potion"},{"floor":13,"key":"AttackPotion"},{"floor":21,"key":"Ancient Potion"},{"floor":22,"key":"Weak Potion"}],"is_trial":false,"path_per_floor":["M","M","$","?","M","E","R","E","T","M","R","M","M","M","R","B",null,"M","M","?","M","?","E"],"character_chosen":"IRONCLAD","items_purchased":[],"campfire_rested":3,"item_purchase_floors":[],"current_hp_per_floor":[68,71,71,71,68,39,60,52,52,48,72,71,62,58,72,72,72,72,72,72,47,25,0],"gold":491,"neow_bonus":"REMOVE_TWO","is_prod":false,"is_daily":false,"chose_seed":false,"campfire_upgraded":0,"win_rate":0,"timestamp":1550038353,"path_taken":["M","?","$","?","?","E","R","E","T","M","R","M","?","M","R","BOSS","M","M","?","M","?","E"],"build_version":"2019-01-23","purchased_purges":0,"victory":false,"max_hp_per_floor":[72,72,72,72,72,72,72,72,72,72,72,72,72,72,72,72,72,72,72,72,72,72,72],"card_choices":[{"not_picked":["Anger","Perfected Strike"],"picked":"Spot Weakness","floor":1},{"not_picked":["Warcry","Headbutt"],"picked":"Cleave","floor":2},{"not_picked":["Sword Boomerang","Headbutt"],"picked":"Clothesline","floor":5},{"not_picked":["Thunderclap","Warcry"],"picked":"Flex","floor":6},{"not_picked":["Intimidate","Wild Strike+1"],"picked":"Inflame","floor":8},{"not_picked":["Hemokinesis+1","Dual Wield"],"picked":"Pommel Strike+1","floor":10},{"not_picked":["Clash+1","Second Wind"],"picked":"Headbutt+1","floor":12},{"not_picked":["Cleave+1","Uppercut+1"],"picked":"Shrug It Off","floor":13},{"not_picked":["Seeing Red","Havoc"],"picked":"Sword Boomerang+1","floor":14},{"not_picked":["Barricade","Double Tap"],"picked":"Offering","floor":16},{"not_picked":["Fire Breathing"],"picked":"SKIP","floor":18},{"not_picked":["Reckless Charge+1"],"picked":"SKIP","floor":19},{"not_picked":[],"picked":"Seeing Red","floor":21},{"not_picked":[],"picked":"Clothesline+1","floor":22}],"player_experience":369233,"relics_obtained":[{"floor":6,"key":"Molten Egg 2"},{"floor":8,"key":"Regal Pillow"},{"floor":9,"key":"Centennial Puzzle"},{"floor":22,"key":"Unceasing Top"},{"floor":22,"key":"Paper Frog"}],"event_choices":[{"damage_healed":0,"gold_gain":0,"player_choice":"Forge","damage_taken":0,"max_hp_gain":0,"max_hp_loss":0,"event_name":"Accursed Blacksmith","floor":4,"gold_loss":0,"cards_upgraded":["Bash"]},{"cards_removed":["Strike_R"],"damage_healed":0,"gold_gain":0,"player_choice":"Gave Gold","damage_taken":0,"max_hp_gain":0,"max_hp_loss":0,"event_name":"Beggar","floor":20,"gold_loss":75},{"damage_healed":0,"gold_gain":0,"player_choice":"Fight","damage_taken":0,"max_hp_gain":0,"max_hp_loss":0,"event_name":"Colosseum","floor":22,"gold_loss":0},{"damage_healed":0,"gold_gain":0,"player_choice":"Fought Nobs","damage_taken":0,"max_hp_gain":0,"max_hp_loss":0,"event_name":"Colosseum","floor":22,"gold_loss":0}],"is_beta":false,"boss_relics":[{"not_picked":["Coffee Dripper","Lizard Tail"],"picked":"Busted Crown"}],"items_purged_floors":[],"is_endless":false,"potions_floor_spawned":[1,2,6,13,21,22,22],"killed_by":"Gremlin Leader","ascension_level":8}