{"gold_per_floor":[116,116,116,135,150,181,181,219,219,144,158,201,201,217,217,346,346,361,375,115,115],"floor_reached":21,"playtime":1849,"items_purged":["Injury"],"score":289,"play_id":"9d7b1bb2-82ad-474c-beeb-52f0ab36f02b","local_time":"20190219002431","is_ascension_mode":true,"campfire_choices":[{"floor":7,"key":"REST"},{"floor":13,"key":"REST"},{"floor":15,"key":"REST"}],"neow_cost":"CURSE","seed_source_timestamp":279136360422522,"circlet_count":0,"master_deck":["Zap","Dualcast","Redo","FTL","Loop","Hello World","Sweeping Beam","Self Repair","Compile Driver","Lockon","Leap","Echo Form","Rainbow","Rip and Tear","Fusion","Multi-Cast","Fusion","Creative AI","Compile Driver","BootSequence+1","Rebound+1"],"relics":["Cracked Core","Gambling Chip","Golden Idol","Kunai","Bag of Marbles","Ornamental Fan","Pen Nib","Pandora\u0027s Box","Cables"],"potions_floor_usage":[6,8,12,12,18,19],"damage_taken":[{"damage":2,"enemies":"Jaw Worm","floor":1,"turns":3},{"damage":1,"enemies":"Cultist","floor":4,"turns":3},{"damage":10,"enemies":"2 Louse","floor":5,"turns":3},{"damage":13,"enemies":"Lagavulin","floor":6,"turns":5},{"damage":40,"enemies":"3 Sentries","floor":8,"turns":7},{"damage":1,"enemies":"Exordium Wildlife","floor":11,"turns":2},{"damage":15,"enemies":"Lagavulin","floor":12,"turns":7},{"damage":2,"enemies":"Large Slime","floor":14,"turns":4},{"damage":17,"enemies":"The Guardian","floor":16,"turns":13},{"damage":0,"enemies":"2 Thieves","floor":18,"turns":2},{"damage":37,"enemies":"3 Byrds","floor":19,"turns":4},{"damage":44,"enemies":"Masked Bandits","floor":21,"turns":4}],"seed_played":"-4029443332633193934","potions_obtained":[{"floor":1,"key":"Dexterity Potion"},{"floor":4,"key":"Block Potion"},{"floor":5,"key":"Fire Potion"},{"floor":8,"key":"Swift Potion"},{"floor":14,"key":"Energy Potion"},{"floor":18,"key":"FocusPotion"}],"is_trial":false,"path_per_floor":["M","?","?","M","M","E","R","E","T","$","M","E","R","M","R","B",null,"M","M","$","?"],"character_chosen":"DEFECT","items_purchased":["Cables"],"campfire_rested":3,"item_purchase_floors":[20],"current_hp_per_floor":[66,66,66,65,55,42,62,22,22,22,28,20,40,45,65,55,66,69,39,39,0],"gold":115,"neow_bonus":"ONE_RARE_RELIC","is_prod":false,"is_daily":false,"chose_seed":false,"campfire_upgraded":0,"win_rate":0,"timestamp":1550564671,"path_taken":["M","?","?","?","M","E","R","E","T","$","M","E","R","M","R","BOSS","M","M","$","?"],"build_version":"2019-01-23","purchased_purges":1,"victory":false,"max_hp_per_floor":[75,69,69,69,69,69,69,69,69,69,69,69,69,69,69,69,69,69,69,69,69],"card_choices":[{"not_picked":["Streamline","Recycle"],"picked":"Redo","floor":1},{"not_picked":["Hologram","Steam"],"picked":"Loop","floor":4},{"not_picked":["Glacier","Streamline"],"picked":"Hello World","floor":5},{"not_picked":["Doom and Gloom","Undo"],"picked":"Sweeping Beam","floor":6},{"not_picked":["Hello World","Streamline"],"picked":"Self Repair","floor":8},{"not_picked":["Coolheaded","Streamline"],"picked":"Compile Driver","floor":11},{"not_picked":["Meteor Strike","Streamline"],"picked":"Lockon","floor":12},{"not_picked":["Cold Snap","Steam"],"picked":"Leap","floor":14},{"not_picked":["Buffer","Amplify"],"picked":"Echo Form","floor":16},{"not_picked":["Barrage","Go for the Eyes"],"picked":"BootSequence+1","floor":18},{"not_picked":["Redo","Hologram"],"picked":"Rebound+1","floor":19}],"player_experience":442894,"relics_obtained":[{"floor":6,"key":"Kunai"},{"floor":8,"key":"Bag of Marbles"},{"floor":9,"key":"Ornamental Fan"},{"floor":12,"key":"Pen Nib"}],"event_choices":[{"damage_healed":0,"gold_gain":0,"player_choice":"Lose Max HP","damage_taken":0,"relics_obtained":["Golden Idol"],"max_hp_gain":0,"max_hp_loss":6,"event_name":"Golden Idol","floor":2,"gold_loss":0},{"damage_healed":0,"gold_gain":0,"cards_transformed":["Strike_B"],"player_choice":"Transformed","damage_taken":0,"max_hp_gain":0,"max_hp_loss":0,"event_name":"Transmorgrifier","floor":3,"gold_loss":0,"cards_obtained":["FTL"]},{"damage_healed":0,"gold_gain":0,"player_choice":"Fought Bandits","damage_taken":0,"max_hp_gain":0,"max_hp_loss":0,"event_name":"Masked Bandits","floor":21,"gold_loss":0}],"is_beta":false,"boss_relics":[{"not_picked":["White Beast Statue","Ectoplasm"],"picked":"Pandora\u0027s Box"}],"items_purged_floors":[10],"is_endless":false,"potions_floor_spawned":[1,4,5,8,14,18],"killed_by":"Masked Bandits","ascension_level":9}