{"gold_per_floor":[115,1,14,26,45,45,74,74,97,162,175,175,175,175,175,276,276,294,294,0,16,16,16,16],"floor_reached":24,"playtime":1185,"items_purged":["Strike_R"],"score":229,"play_id":"c55c7ee6-e37e-4fc9-939e-7dbd2a351112","local_time":"20190209180010","is_ascension_mode":true,"campfire_choices":[{"data":"Battle Trance","floor":6,"key":"SMITH"},{"floor":8,"key":"REST"},{"floor":12,"key":"REST"},{"floor":15,"key":"REST"},{"floor":23,"key":"REST"}],"neow_cost":"NONE","seed_source_timestamp":366728330393337,"circlet_count":0,"master_deck":["Strike_R+1","Strike_R","Strike_R","Strike_R+1","Defend_R","Defend_R","Defend_R","Defend_R","Bash","Thunderclap","Battle Trance+1","Flame Barrier","Twin Strike","Flex","Reaper+1","Armaments","Reaper+1","Reaper+1","Swift Strike+1","Iron Wave+1","Ghostly","Ghostly","Ghostly","Ghostly","Ghostly"],"relics":["Runic Pyramid","Anchor","PreservedInsect","Omamori","Molten Egg 2","Black Star","DollysMirror"],"potions_floor_usage":[10,16,16,21,24],"damage_taken":[{"damage":5,"enemies":"Small Slimes","floor":1,"turns":3},{"damage":7,"enemies":"2 Louse","floor":3,"turns":2},{"damage":1,"enemies":"Cultist","floor":4,"turns":3},{"damage":6,"enemies":"Large Slime","floor":5,"turns":6},{"damage":36,"enemies":"Gremlin Nob","floor":7,"turns":5},{"damage":6,"enemies":"Gremlin Nob","floor":10,"turns":3},{"damage":1,"enemies":"2 Fungi Beasts","floor":11,"turns":3},{"damage":18,"enemies":"Slime Boss","floor":16,"turns":8},{"damage":35,"enemies":"3 Byrds","floor":18,"turns":6},{"damage":32,"enemies":"Shell Parasite","floor":21,"turns":9},{"damage":42,"enemies":"Book of Stabbing","floor":24,"turns":7}],"seed_played":"-3593963070624064767","potions_obtained":[{"floor":4,"key":"SteroidPotion"},{"floor":5,"key":"PowerPotion"},{"floor":7,"key":"Weak Potion"},{"floor":11,"key":"FearPotion"},{"floor":21,"key":"Energy Potion"}],"is_trial":false,"path_per_floor":["M","$","M","M","M","R","E","R","T","?","M","R","?","?","R","B",null,"M","?","$","M","?","R","E"],"character_chosen":"IRONCLAD","items_purchased":["Battle Trance","DollysMirror","Swift Strike+1"],"campfire_rested":4,"item_purchase_floors":[2,20,20],"current_hp_per_floor":[75,75,68,67,61,61,25,49,49,43,42,66,50,47,71,53,80,49,49,49,25,25,37,0],"gold":16,"neow_bonus":"BOSS_RELIC","is_prod":false,"is_daily":false,"chose_seed":false,"campfire_upgraded":1,"win_rate":0,"timestamp":1549753210,"path_taken":["M","$","M","M","M","R","E","R","T","?","M","R","?","?","R","BOSS","M","?","$","?","?","R","E"],"build_version":"2019-01-23","purchased_purges":1,"victory":false,"max_hp_per_floor":[80,80,80,80,80,80,80,80,80,80,80,80,80,80,80,80,80,80,80,80,80,40,40,40],"card_choices":[{"not_picked":["Clash","Body Slam"],"picked":"Thunderclap","floor":1},{"not_picked":["Rupture","True Grit","Combust"],"picked":"SKIP","floor":3},{"not_picked":["True Grit","Battle Trance"],"picked":"Flame Barrier","floor":4},{"not_picked":["Rage","Wild Strike"],"picked":"Twin Strike","floor":5},{"not_picked":["True Grit","Clash","Body Slam"],"picked":"SKIP","floor":7},{"not_picked":["Combust","Clash"],"picked":"Flex","floor":10},{"not_picked":["Sever Soul","Entrench","Hemokinesis"],"picked":"SKIP","floor":11},{"not_picked":["Double Tap","Limit Break"],"picked":"Reaper+1","floor":16},{"not_picked":["Disarm","Warcry"],"picked":"Armaments","floor":18},{"not_picked":["Intimidate","Twin Strike+1"],"picked":"Iron Wave+1","floor":21}],"player_experience":112460,"relics_obtained":[{"floor":7,"key":"Anchor"},{"floor":9,"key":"PreservedInsect"}],"event_choices":[{"damage_healed":0,"gold_gain":30,"player_choice":"Searched \u00273\u0027 times","damage_taken":0,"relics_obtained":["Omamori"],"max_hp_gain":0,"max_hp_loss":0,"event_name":"Dead Adventurer","floor":10,"gold_loss":0},{"damage_healed":0,"gold_gain":0,"player_choice":"Entered Light","damage_taken":16,"max_hp_gain":0,"max_hp_loss":0,"event_name":"Shining Light","floor":13,"gold_loss":0,"cards_upgraded":["Strike_R","Strike_R"]},{"damage_healed":0,"gold_gain":0,"player_choice":"Success","damage_taken":3,"relics_obtained":["Molten Egg 2"],"max_hp_gain":0,"max_hp_loss":0,"event_name":"Scrap Ooze","floor":14,"gold_loss":0},{"damage_healed":0,"gold_gain":0,"player_choice":"Copied","damage_taken":0,"max_hp_gain":0,"max_hp_loss":0,"event_name":"Duplicator","floor":19,"gold_loss":0,"cards_obtained":["Reaper"]},{"damage_healed":0,"gold_gain":0,"player_choice":"Became a Ghost","damage_taken":0,"max_hp_gain":0,"max_hp_loss":40,"event_name":"Ghosts","floor":22,"gold_loss":0,"cards_obtained":["Ghostly","Ghostly","Ghostly","Ghostly","Ghostly"]}],"is_beta":false,"boss_relics":[{"not_picked":["Eternal Feather","Runic Cube"],"picked":"Black Star"}],"items_purged_floors":[2],"is_endless":false,"potions_floor_spawned":[4,5,7,11,21],"killed_by":"Book of Stabbing","ascension_level":1}