{"gold_per_floor":[110,110,185,185,208,248,11,36,336,354,420,447,468,491,491,584,584,607,620,328,328,328,342,356,356,356,370,370,26,26,46,46,46],"floor_reached":33,"playtime":1017,"items_purged":["Strike_B"],"score":554,"play_id":"8b7b0187-0c9d-4387-bdf2-204048a3cc7e","local_time":"20190205000150","is_ascension_mode":true,"campfire_choices":[{"floor":15,"key":"REST"},{"floor":25,"key":"REST"},{"floor":28,"key":"REST"},{"floor":32,"key":"REST"}],"neow_cost":"NONE","seed_source_timestamp":1252163870797948,"circlet_count":0,"master_deck":["AscendersBane","Strike_B","Strike_B","Strike_B","Defend_B","Defend_B","Defend_B","Defend_B","Zap","Dualcast","Ball Lightning","Skim","White Noise","Defragment","Reinforced Body","Cold Snap","Rip and Tear","Leap","Rip and Tear","Electrodynamics","Redo+1","Writhe","Crippling Poison","Body Slam","Panache","Finesse"],"relics":["Cracked Core","NeowsBlessing","Golden Idol","CultistMask","Bird Faced Urn","Bag of Preparation","Old Coin","Tiny Chest","Lantern","Sozu","PrismaticShard","Symbiotic Virus","Kunai","Bag of Marbles","Matryoshka"],"potions_floor_usage":[16,16],"damage_taken":[{"damage":0,"enemies":"Jaw Worm","floor":1,"turns":1},{"damage":0,"enemies":"Small Slimes","floor":5,"turns":1},{"damage":0,"enemies":"Lagavulin","floor":6,"turns":1},{"damage":4,"enemies":"2 Louse","floor":8,"turns":3},{"damage":13,"enemies":"Lots of Slimes","floor":10,"turns":4},{"damage":30,"enemies":"Gremlin Nob","floor":11,"turns":4},{"damage":8,"enemies":"Exordium Wildlife","floor":13,"turns":3},{"damage":0,"enemies":"2 Fungi Beasts","floor":14,"turns":2},{"damage":11,"enemies":"The Guardian","floor":16,"turns":12},{"damage":19,"enemies":"Chosen","floor":18,"turns":4},{"damage":16,"enemies":"2 Thieves","floor":19,"turns":3},{"damage":0,"enemies":"3 Cultists","floor":23,"turns":3},{"damage":15,"enemies":"Cultist and Chosen","floor":24,"turns":5},{"damage":42,"enemies":"Shelled Parasite and Fungi","floor":27,"turns":5},{"damage":0,"enemies":"3 Cultists","floor":31,"turns":2},{"damage":59,"enemies":"Champ","floor":33,"turns":13}],"seed_played":"6809915016170502464","potions_obtained":[{"floor":5,"key":"EssenceOfSteel"},{"floor":6,"key":"GamblersBrew"},{"floor":11,"key":"EssenceOfSteel"}],"is_trial":false,"path_per_floor":["M","?","?","?","M","E","$","M","T","M","E","T","M","M","R","B",null,"M","M","$","?","?","M","M","R","T","M","R","$","T","M","R","B"],"character_chosen":"DEFECT","items_purchased":["Bag of Preparation","Defragment","PrismaticShard","Panache","Bag of Marbles"],"campfire_rested":4,"item_purchase_floors":[7,7,20,29,29],"current_hp_per_floor":[64,64,53,53,53,53,53,53,53,42,16,16,12,14,33,26,55,42,30,30,30,30,36,25,44,44,6,25,25,25,31,50,0],"gold":46,"neow_bonus":"THREE_ENEMY_KILL","is_prod":false,"is_daily":false,"chose_seed":false,"campfire_upgraded":0,"win_rate":0,"timestamp":1549317710,"path_taken":["M","?","?","?","M","E","$","M","T","?","E","?","M","M","R","BOSS","M","M","$","?","?","M","M","R","T","M","R","$","?","M","R","BOSS"],"build_version":"2019-01-23","purchased_purges":1,"victory":false,"max_hp_per_floor":[71,64,64,64,64,64,64,64,64,64,64,64,64,64,64,64,64,64,64,64,64,64,64,64,64,64,64,64,64,64,64,64,64],"card_choices":[{"not_picked":["Gash","Sweeping Beam"],"picked":"Ball Lightning","floor":1},{"not_picked":["Force Field","Cold Snap"],"picked":"Skim","floor":5},{"not_picked":["Force Field","BootSequence"],"picked":"White Noise","floor":6},{"not_picked":["Ball Lightning","Turbo"],"picked":"Reinforced Body","floor":8},{"not_picked":["Sweeping Beam","Storm"],"picked":"Cold Snap","floor":10},{"not_picked":["Go for the Eyes","Compile Driver"],"picked":"Rip and Tear","floor":11},{"not_picked":["Storm","Lockon"],"picked":"Leap","floor":13},{"not_picked":["Storm","Compile Driver"],"picked":"Rip and Tear","floor":14},{"not_picked":["Core Surge","Hyperbeam"],"picked":"Electrodynamics","floor":16},{"not_picked":["Heatsinks","Stack","Streamline+1"],"picked":"SKIP","floor":18},{"not_picked":["Sweeping Beam","Barrage"],"picked":"Redo+1","floor":19},{"not_picked":["Twin Strike","Leap","Dagger Spray"],"picked":"SKIP","floor":23},{"not_picked":["Whirlwind","Infernal Blade"],"picked":"Crippling Poison","floor":24},{"not_picked":["Compile Driver","Steam Power"],"picked":"Body Slam","floor":27},{"not_picked":["Anger+1","Thunderclap"],"picked":"Finesse","floor":31}],"player_experience":186130,"relics_obtained":[{"floor":6,"key":"Bird Faced Urn"},{"floor":9,"key":"Old Coin"},{"floor":11,"key":"Tiny Chest"},{"floor":12,"key":"Lantern"},{"floor":26,"key":"Kunai"},{"floor":30,"key":"Matryoshka"}],"event_choices":[{"damage_healed":0,"gold_gain":0,"player_choice":"Lose Max HP","damage_taken":0,"relics_obtained":["Golden Idol"],"max_hp_gain":0,"max_hp_loss":7,"event_name":"Golden Idol","floor":2,"gold_loss":0},{"damage_healed":0,"gold_gain":75,"player_choice":"Gather Gold","damage_taken":11,"max_hp_gain":0,"max_hp_loss":0,"event_name":"World of Goop","floor":3,"gold_loss":0},{"damage_healed":0,"gold_gain":0,"player_choice":"Trade","damage_taken":0,"relics_obtained":["CultistMask"],"max_hp_gain":0,"max_hp_loss":0,"event_name":"FaceTrader","floor":4,"gold_loss":0},{"damage_healed":0,"gold_gain":0,"player_choice":"Opened","damage_taken":0,"relics_obtained":["Symbiotic Virus"],"max_hp_gain":0,"max_hp_loss":0,"event_name":"The Mausoleum","floor":21,"gold_loss":0,"cards_obtained":["Writhe"]},{"damage_healed":0,"gold_gain":0,"player_choice":"Ignored","damage_taken":0,"max_hp_gain":0,"max_hp_loss":0,"event_name":"Vampires","floor":22,"gold_loss":0}],"is_beta":false,"boss_relics":[{"not_picked":["Busted Crown","Snecko Eye"],"picked":"Sozu"}],"items_purged_floors":[20],"is_endless":false,"potions_floor_spawned":[5,6,11,14,23,27,31],"killed_by":"Champ","ascension_level":19}