{"gold_per_floor":[117,131,306,317,332,358,358,78,124,159,124,156,173,173,173,268,268,287,287,287,299,314,339,339,356,432,442,454,479,479,496,496,596,596,609,504,520,540,223,223,251,269,269,23,48,48,68,68,68,68],"floor_reached":51,"playtime":3547,"items_purged":["Fission"],"score":974,"play_id":"2df554d9-799b-43fd-a5c6-1654a3fe40fc","local_time":"20190209014158","is_ascension_mode":true,"campfire_choices":[{"floor":7,"key":"REST"},{"floor":15,"key":"REST"},{"data":"Static Discharge","floor":30,"key":"SMITH"},{"data":"Zap","floor":32,"key":"SMITH"},{"data":"Go for the Eyes","floor":40,"key":"SMITH"},{"data":"BootSequence","floor":49,"key":"SMITH"}],"neow_cost":"NONE","seed_source_timestamp":2378471551477798,"circlet_count":0,"master_deck":["Strike_B","Strike_B","Strike_B","Defend_B","Defend_B","Defend_B","Defend_B","Zap+1","Dualcast","Barrage","Static Discharge+1","Doubt","Go for the Eyes+1","Leap","Sweeping Beam","Self Repair+1","Biased Cognition+1","Loop+1","Steam","Machine Learning+1","Redo+1","Storm+1","BootSequence+1","Redo","Self Repair+1","Hello World+1","Regret","Hologram+1","Leap","Normality","Sweeping Beam+1","Echo Form+1","Storm+1","Conserve Battery+1","Regret","Skim+1"],"relics":["Cracked Core","Blue Candle","Frozen Egg 2","Ancient Tea Set","Oddly Smooth Stone","Kunai","Mercury Hourglass","Cursed Key","Matryoshka","Vajra","Ornamental Fan","Mummified Hand","Blood Vial","Art of War","Coffee Dripper","Singing Bowl","Pear","Bronze Scales","Unceasing Top","Bottled Tornado","PreservedInsect"],"potions_floor_usage":[6,10,23,28,31,33,41,42],"damage_taken":[{"damage":1,"enemies":"Cultist","floor":1,"turns":4},{"damage":0,"enemies":"Small Slimes","floor":2,"turns":2},{"damage":4,"enemies":"Jaw Worm","floor":4,"turns":4},{"damage":12,"enemies":"Looter","floor":5,"turns":4},{"damage":26,"enemies":"3 Sentries","floor":6,"turns":6},{"damage":26,"enemies":"Gremlin Nob","floor":10,"turns":4},{"damage":23,"enemies":"3 Sentries","floor":12,"turns":5},{"damage":17,"enemies":"3 Louse","floor":13,"turns":4},{"damage":16,"enemies":"Slime Boss","floor":16,"turns":6},{"damage":12,"enemies":"Spheric Guardian","floor":18,"turns":4},{"damage":13,"enemies":"3 Byrds","floor":21,"turns":3},{"damage":5,"enemies":"Snecko","floor":22,"turns":3},{"damage":29,"enemies":"Slavers","floor":23,"turns":3},{"damage":3,"enemies":"Snake Plant","floor":25,"turns":3},{"damage":7,"enemies":"3 Cultists","floor":27,"turns":3},{"damage":1,"enemies":"Chosen and Byrds","floor":28,"turns":4},{"damage":3,"enemies":"Cultist and Chosen","floor":31,"turns":4},{"damage":12,"enemies":"Automaton","floor":33,"turns":5},{"damage":12,"enemies":"3 Shapes","floor":35,"turns":3},{"damage":46,"enemies":"3 Darklings","floor":37,"turns":4},{"damage":7,"enemies":"Spire Growth","floor":38,"turns":3},{"damage":12,"enemies":"Giant Head","floor":41,"turns":7},{"damage":15,"enemies":"Maw","floor":42,"turns":5},{"damage":25,"enemies":"Nemesis","floor":45,"turns":5},{"damage":8,"enemies":"4 Shapes","floor":47,"turns":2},{"damage":35,"enemies":"Time Eater","floor":50,"turns":3}],"seed_played":"-524980377076961783","potions_obtained":[{"floor":2,"key":"PowerPotion"},{"floor":6,"key":"Swift Potion"},{"floor":10,"key":"Ancient Potion"},{"floor":13,"key":"Strength Potion"},{"floor":25,"key":"Energy Potion"},{"floor":27,"key":"Swift Potion"},{"floor":28,"key":"Fruit Juice"},{"floor":33,"key":"Ancient Potion"},{"floor":35,"key":"EssenceOfSteel"},{"floor":41,"key":"Regen Potion"},{"floor":42,"key":"AttackPotion"}],"is_trial":false,"path_per_floor":["M","M","?","M","M","E","R","$","T","E","?","E","M","?","R","B",null,"M","?","?","M","M","E","?","M","T","M","M","T","R","M","R","B",null,"M","?","M","M","$","R","E","M","T","$","E","$","M","$","R","B",null],"character_chosen":"DEFECT","items_purchased":["Frozen Egg 2","Self Repair+1","Pear","Bottled Tornado"],"campfire_rested":2,"item_purchase_floors":[8,8,39,44],"current_hp_per_floor":[74,74,74,70,58,32,54,54,54,38,56,43,36,29,51,45,68,66,66,66,53,58,39,39,46,46,49,68,68,68,80,80,80,80,68,68,36,33,43,43,63,84,84,84,96,96,90,90,90,77],"gold":68,"neow_bonus":"ONE_RANDOM_RARE_CARD","is_prod":false,"is_daily":false,"chose_seed":false,"campfire_upgraded":4,"win_rate":0,"timestamp":1549705318,"path_taken":["M","?","?","M","M","E","R","?","T","E","?","E","M","?","R","BOSS","M","?","?","?","M","E","?","M","T","?","M","?","R","M","R","BOSS","M","?","?","M","$","R","E","M","T","?","E","?","M","$","R","BOSS"],"build_version":"2019-01-23","purchased_purges":1,"victory":true,"max_hp_per_floor":[75,75,75,75,75,75,75,75,75,75,75,75,75,75,75,75,75,75,75,75,75,75,75,75,75,75,75,75,75,75,80,80,80,80,80,80,82,84,94,94,94,96,96,96,96,96,98,98,98,98],"card_choices":[{"not_picked":["Streamline","Rebound"],"picked":"Barrage","floor":1},{"not_picked":["Ball Lightning","Consume"],"picked":"Static Discharge","floor":2},{"not_picked":["Compile Driver","Beam Cell"],"picked":"Go for the Eyes","floor":4},{"not_picked":["Rebound","Storm"],"picked":"Leap","floor":5},{"not_picked":["Compile Driver","Genetic Algorithm"],"picked":"Sweeping Beam","floor":6},{"not_picked":["Double Energy","Sunder"],"picked":"Biased Cognition+1","floor":10},{"not_picked":["FTL","Thunder Strike"],"picked":"Loop+1","floor":12},{"not_picked":["Consume","Turbo"],"picked":"Steam","floor":13},{"not_picked":["Creative AI+1","Core Surge"],"picked":"Machine Learning+1","floor":16},{"not_picked":["Gash","Cold Snap"],"picked":"Redo+1","floor":18},{"not_picked":["Heatsinks+1","Sweeping Beam"],"picked":"Storm+1","floor":21},{"not_picked":["Storm+1","Hologram"],"picked":"BootSequence","floor":22},{"not_picked":["Beam Cell","Streamline+1"],"picked":"Redo","floor":23},{"not_picked":["Fusion+1","Chaos+1"],"picked":"Hello World+1","floor":25},{"not_picked":["Stack","Turbo"],"picked":"Hologram+1","floor":27},{"not_picked":["Redo","Reprogram"],"picked":"Leap","floor":28},{"not_picked":["White Noise","Self Repair+1"],"picked":"Sweeping Beam+1","floor":31},{"not_picked":["All For One","Meteor Strike"],"picked":"Echo Form+1","floor":33},{"not_picked":["Force Field","Gash+1"],"picked":"Storm+1","floor":35},{"not_picked":["Tempest+1","Stack","Steam"],"picked":"Singing Bowl","floor":37},{"not_picked":["Stack","Barrage+1","White Noise"],"picked":"Singing Bowl","floor":38},{"not_picked":["Turbo","Barrage"],"picked":"Conserve Battery+1","floor":41},{"not_picked":["Streamline","Melter","Reprogram"],"picked":"Singing Bowl","floor":42},{"not_picked":["Sweeping Beam","Compile Driver+1"],"picked":"Skim+1","floor":45},{"not_picked":["Rebound+1","Streamline","Gash+1"],"picked":"Singing Bowl","floor":47}],"player_experience":297062,"relics_obtained":[{"floor":6,"key":"Blue Candle"},{"floor":9,"key":"Ancient Tea Set"},{"floor":10,"key":"Oddly Smooth Stone"},{"floor":12,"key":"Kunai"},{"floor":23,"key":"Vajra"},{"floor":26,"key":"Ornamental Fan"},{"floor":26,"key":"Mummified Hand"},{"floor":29,"key":"Blood Vial"},{"floor":29,"key":"Art of War"},{"floor":41,"key":"Bronze Scales"},{"floor":43,"key":"Unceasing Top"},{"floor":45,"key":"PreservedInsect"}],"event_choices":[{"damage_healed":0,"gold_gain":175,"player_choice":"AGREE","damage_taken":0,"max_hp_gain":0,"max_hp_loss":0,"event_name":"Liars Game","floor":3,"gold_loss":0,"cards_obtained":["Doubt"]},{"damage_healed":18,"gold_gain":0,"player_choice":"Healed","damage_taken":0,"max_hp_gain":0,"max_hp_loss":0,"event_name":"The Cleric","floor":11,"gold_loss":35},{"damage_healed":0,"gold_gain":0,"player_choice":"Success","damage_taken":7,"relics_obtained":["Mercury Hourglass"],"max_hp_gain":0,"max_hp_loss":0,"event_name":"Scrap Ooze","floor":14,"gold_loss":0},{"damage_healed":0,"gold_gain":0,"player_choice":"Opened","damage_taken":0,"relics_obtained":["Matryoshka"],"max_hp_gain":0,"max_hp_loss":0,"event_name":"The Mausoleum","floor":19,"gold_loss":0},{"cards_removed":["Strike_B"],"damage_healed":0,"gold_gain":0,"player_choice":"Card Removal","damage_taken":0,"max_hp_gain":0,"max_hp_loss":0,"event_name":"Wheel of Change","floor":20,"gold_loss":0},{"damage_healed":0,"gold_gain":0,"player_choice":"Copied","damage_taken":0,"max_hp_gain":0,"max_hp_loss":0,"event_name":"Duplicator","floor":24,"gold_loss":0,"cards_obtained":["Self Repair"]},{"damage_healed":0,"gold_gain":0,"player_choice":"Paid Gold","damage_taken":0,"relics_obtained":["Singing Bowl"],"max_hp_gain":0,"max_hp_loss":0,"event_name":"WeMeetAgain","floor":36,"gold_loss":105}],"is_beta":false,"boss_relics":[{"not_picked":["Lizard Tail","Sozu"],"picked":"Cursed Key"},{"not_picked":["Astrolabe","Eternal Feather"],"picked":"Coffee Dripper"}],"items_purged_floors":[39],"is_endless":false,"potions_floor_spawned":[2,6,10,13,25,27,28,33,35,41,42,47],"ascension_level":5}