{"gold_per_floor":[109,109,184,39,49,49,66,97,174,242,254,254,78,95,95,191,191,206,225,225,225,324,324,344,354,379,394,412,412,57,76,76,76],"floor_reached":33,"playtime":3979,"items_purged":["Fiend Fire","Berserk"],"score":249,"play_id":"ef060978-42f8-4eda-ac37-441027a9408d","local_time":"20180627230206","is_ascension_mode":false,"campfire_choices":[{"data":"Anger","floor":6,"key":"SMITH"},{"floor":12,"key":"REST"},{"floor":15,"key":"REST"},{"floor":23,"key":"REST"},{"floor":29,"key":"REST"},{"floor":32,"key":"REST"}],"neow_cost":"NONE","seed_source_timestamp":16569063715950,"circlet_count":0,"master_deck":["Strike_R","Strike_R","Strike_R","Strike_R","Strike_R","Defend_R","Defend_R","Defend_R","Defend_R","Blood for Blood","Anger","Sever Soul","Anger+1","Searing Blow","Clash","Impervious","Inflame+1","Rage+1","Rage+1","Iron Wave","Anger"],"relics":["Black Blood","Bronze Scales","Potion Belt","Toolbox","Oddly Smooth Stone","Omamori"],"potions_floor_usage":[8,16,16,16,18,19,31,31,33,33,33],"damage_taken":[{"damage":5,"enemies":"Small Slimes","floor":1,"turns":3},{"damage":2,"enemies":"2 Louse","floor":5,"turns":2},{"damage":6,"enemies":"Jaw Worm","floor":7,"turns":2},{"damage":35,"enemies":"Lagavulin","floor":8,"turns":6},{"damage":0,"enemies":"Large Slime","floor":11,"turns":4},{"damage":9,"enemies":"Exordium Thugs","floor":14,"turns":4},{"damage":58,"enemies":"Hexaghost","floor":16,"turns":8},{"damage":28,"enemies":"Chosen","floor":18,"turns":6},{"damage":4,"enemies":"Spheric Guardian","floor":19,"turns":5},{"damage":18,"enemies":"Snecko","floor":24,"turns":6},{"damage":38,"enemies":"Sentry and Sphere","floor":25,"turns":7},{"damage":21,"enemies":"Snake Plant","floor":27,"turns":5},{"damage":28,"enemies":"Cultist and Chosen","floor":28,"turns":6},{"damage":24,"enemies":"Centurion and Healer","floor":31,"turns":8},{"damage":56,"enemies":"Collector","floor":33,"turns":6}],"seed_played":"-2054728835063369375","potions_obtained":[{"floor":1,"key":"Energy Potion"},{"floor":5,"key":"Poison Potion"},{"floor":8,"key":"Block Potion"},{"floor":24,"key":"GamblersBrew"},{"floor":27,"key":"PowerPotion"},{"floor":31,"key":"SkillPotion"}],"is_trial":false,"path_per_floor":["M","?","?","$","M","R","M","E","T","?","M","R","$","M","R","B",null,"M","M","?","?","?","R","M","M","T","M","M","R","$","M","R"],"character_chosen":"IRONCLAD","items_purchased":["PowerPotion","Anger","Sever Soul","SpeedPotion","Fire Potion","Omamori","PowerPotion","Fire Potion"],"campfire_rested":5,"item_purchase_floors":[4,4,4,13,13,30,30,30],"current_hp_per_floor":[80,68,57,57,61,61,61,32,32,32,38,62,62,59,80,28,80,62,68,53,53,53,78,70,42,42,35,17,42,42,28,53,0],"gold":76,"neow_bonus":"TRANSFORM_CARD","is_prod":false,"is_daily":false,"chose_seed":false,"campfire_upgraded":1,"win_rate":0.0,"timestamp":1530154926,"path_taken":["M","?","?","$","M","R","M","E","T","?","M","R","?","M","R","BOSS","M","M","?","?","?","R","M","M","T","M","?","R","$","M","R","BOSS"],"build_version":"2018-06-21v2","purchased_purges":2,"victory":false,"max_hp_per_floor":[80,80,80,80,80,80,80,80,80,80,80,80,80,80,80,80,80,80,80,85,85,85,85,85,85,85,85,85,85,85,85,85,85],"card_choices":[{"not_picked":["Clash","Thunderclap"],"picked":"Blood for Blood","floor":1},{"not_picked":["Sword Boomerang","Armaments"],"picked":"Anger","floor":5},{"not_picked":["True Grit","Shockwave","Twin Strike"],"picked":"SKIP","floor":7},{"not_picked":["Flex","Sever Soul"],"picked":"Searing Blow","floor":8},{"not_picked":["Cleave","Shrug It Off"],"picked":"Clash","floor":11},{"not_picked":["Perfected Strike","Dropkick"],"picked":"Berserk","floor":14},{"not_picked":["Brutality","Dark Embrace"],"picked":"Impervious","floor":16},{"not_picked":["Perfected Strike+1","Clash+1"],"picked":"Inflame+1","floor":18},{"not_picked":["Body Slam","Thunderclap"],"picked":"Rage+1","floor":19},{"not_picked":["Fire Breathing","Sword Boomerang+1","Metallicize"],"picked":"SKIP","floor":24},{"not_picked":["Iron Wave","Disarm+1"],"picked":"Rage+1","floor":25},{"not_picked":["Body Slam+1","Perfected Strike"],"picked":"Iron Wave","floor":27},{"not_picked":["Shockwave","Sword Boomerang","Headbutt"],"picked":"SKIP","floor":28},{"not_picked":["Pommel Strike","Clothesline"],"picked":"Anger","floor":31}],"player_experience":21305,"relics_obtained":[{"floor":8,"key":"Potion Belt"},{"floor":9,"key":"Toolbox"},{"floor":26,"key":"Oddly Smooth Stone"}],"event_choices":[{"event_name":"Scrap Ooze","player_choice":"success","floor":2,"damage_taken":12},{"event_name":"World of Goop","player_choice":"Gather Gold","floor":3,"damage_taken":0},{"event_name":"Golden Wing","player_choice":"Gained Gold","floor":10,"damage_taken":0},{"event_name":"Forgotten Altar","player_choice":"Shed Blood","floor":20,"damage_taken":0},{"event_name":"Ghosts","player_choice":"Ignored","floor":21,"damage_taken":0},{"event_name":"Nest","player_choice":"Stole From Cult","floor":22,"damage_taken":0}],"boss_relics":[{"not_picked":["Runic Dome","Fusion Hammer"],"picked":"Black Blood"}],"items_purged_floors":[13,30],"is_endless":false,"potions_floor_spawned":[1,5,8,24,27,31],"killed_by":"Collector","ascension_level":0}