{"path_per_floor":["M","M","?","M","M","R","E","M","T","R","?","M","M","M","R","B",null,"M","?","M","M","$","E","M","?","T","M","M","T","M","M","R"],"character_chosen":"IRONCLAD","items_purchased":["Demon Form"],"gold_per_floor":[111,129,129,144,155,155,185,202,202,202,202,219,230,241,241,342,342,355,355,365,379,234,265,275,275,275,295,310,310,320,336,336,336],"floor_reached":33,"campfire_rested":1,"playtime":1637,"current_hp_per_floor":[80,78,71,76,76,76,60,54,54,54,54,60,66,72,72,57,80,80,80,63,49,49,40,46,46,46,51,54,64,19,19,46,0],"items_purged":["Strike_R"],"gold":336,"score":277,"play_id":"b837f384-b569-46fb-9e07-56d7dafc2771","local_time":"20180411222406","is_prod":false,"is_daily":false,"is_ascension_mode":false,"campfire_upgraded":3,"timestamp":1523481846,"path_taken":["M","M","?","M","M","R","E","M","T","R","?","?","M","?","R","BOSS","M","?","?","M","$","E","M","?","T","?","?","?","M","M","R","BOSS"],"build_version":"2018-04-05v2","purchased_purges":1,"victory":false,"master_deck":["Strike_R","Strike_R","Strike_R","Strike_R","Defend_R","Defend_R","Bash+1","Shrug It Off","Thunderclap","Iron Wave","Thunderclap","Power Through+1","Iron Wave","Rage","Disarm","Demon Form+1","Power Through","Berserk","Pommel Strike+1","Inflame+1","Demon Form","Pommel Strike+1","Shrug It Off+1","Clash+1","Pummel","Warcry"],"max_hp_per_floor":[80,80,80,80,80,80,80,80,80,80,80,80,80,80,80,80,80,80,80,80,80,80,80,80,80,80,80,80,90,90,90,90,90],"relics":["Burning Blood","Oddly Smooth Stone","Red Skull","Sozu","Kunai","Torii","Calipers","Pear"],"card_choices":[{"not_picked":["Entrench","Clothesline"],"picked":"Shrug It Off","floor":1},{"not_picked":["Reckless Charge","Disarm"],"picked":"Thunderclap","floor":2},{"not_picked":["Cleave","Perfected Strike"],"picked":"Iron Wave","floor":4},{"not_picked":["Reckless Charge","Pummel"],"picked":"Thunderclap","floor":5},{"not_picked":["Brutality","Reckless Charge"],"picked":"Power Through","floor":7},{"not_picked":["Pommel Strike","Rampage"],"picked":"Iron Wave","floor":8},{"not_picked":["Thunderclap","Infernal Blade"],"picked":"Disarm","floor":12},{"not_picked":["Clash","Body Slam"],"picked":"Demon Form","floor":13},{"not_picked":["Carnage","Metallicize"],"picked":"Power Through","floor":14},{"not_picked":["Impervious","Barricade"],"picked":"Berserk","floor":16},{"not_picked":["Heavy Blade","Iron Wave"],"picked":"Pommel Strike","floor":20},{"not_picked":["Headbutt","Anger"],"picked":"Inflame","floor":21},{"not_picked":["Body Slam","Dark Embrace"],"picked":"Pommel Strike","floor":24},{"not_picked":["True Grit","Armaments"],"picked":"Shrug It Off","floor":27},{"not_picked":["Perfected Strike","Whirlwind"],"picked":"Clash","floor":28},{"not_picked":["Flame Barrier","Anger"],"picked":"Pummel","floor":30},{"not_picked":["Sword Boomerang","Clash"],"picked":"Warcry","floor":31}],"player_experience":21274,"potions_floor_usage":[23,27],"damage_taken":[{"damage":1,"enemies":"2 Louse","floor":1,"turns":3},{"damage":8,"enemies":"Jaw Worm","floor":2,"turns":4},{"damage":1,"enemies":"Cultist","floor":4,"turns":3},{"damage":6,"enemies":"3 Louse","floor":5,"turns":4},{"damage":22,"enemies":"Gremlin Nob","floor":7,"turns":4},{"damage":12,"enemies":"Gremlin Gang","floor":8,"turns":4},{"damage":0,"enemies":"Lots of Slimes","floor":12,"turns":4},{"damage":0,"enemies":"2 Fungi Beasts","floor":13,"turns":5},{"damage":0,"enemies":"Exordium Thugs","floor":14,"turns":6},{"damage":21,"enemies":"The Guardian","floor":16,"turns":8},{"damage":4,"enemies":"3 Byrds","floor":18,"turns":5},{"damage":23,"enemies":"Chosen","floor":20,"turns":7},{"damage":20,"enemies":"Centurion and Healer","floor":21,"turns":6},{"damage":15,"enemies":"Book of Stabbing","floor":23,"turns":6},{"damage":0,"enemies":"Cultist and Chosen","floor":24,"turns":6},{"damage":1,"enemies":"Snecko","floor":27,"turns":4},{"damage":3,"enemies":"Snake Plant","floor":28,"turns":4},{"damage":51,"enemies":"Chosen and Byrds","floor":30,"turns":9},{"damage":6,"enemies":"Snecko","floor":31,"turns":5},{"damage":49,"enemies":"Collector","floor":33,"turns":5}],"event_choices":[{"event_name":"Golden Wing","player_choice":"Card Removal","floor":3,"damage_taken":0},{"event_name":"Transmorgrifier","player_choice":"Transform","floor":11,"damage_taken":0},{"event_name":"The Lab","player_choice":"Got Potions","floor":19,"damage_taken":0},{"event_name":"The Mausoleum","player_choice":"Yes","floor":25,"damage_taken":0}],"boss_relics":[{"not_picked":["Runic Cube","Cursed Key"],"picked":"Sozu"}],"potions_floor_spawned":[1,7,13,14,16,20,23,24,27,30,31],"seed_played":"-6379000059863712971","killed_by":"Collector","ascension_level":0,"is_trial":false}