{"gold_per_floor":[118,118,130,205,205,205,232,232,232,248,259,259,272,284,284,389,389,402,108,97,97,114,144,154,154,180,198,198,216,216,216,216,314,314,325,325,325,344,120,120,139,169,215,240,264,264],"floor_reached":46,"playtime":3526,"items_purged":["Defend_B"],"score":700,"play_id":"01732df1-6352-454c-b819-d8caf83eb281","local_time":"20190214014310","is_ascension_mode":true,"campfire_choices":[{"floor":6,"key":"REST"},{"floor":8,"key":"REST"},{"floor":15,"key":"REST"},{"floor":25,"key":"REST"},{"floor":28,"key":"REST"},{"data":"White Noise","floor":30,"key":"SMITH"},{"data":"Zap","floor":32,"key":"SMITH"},{"data":"Defragment","floor":40,"key":"SMITH"}],"neow_cost":"NONE","seed_source_timestamp":1751986747972,"circlet_count":0,"master_deck":["Zap+1","Dualcast","Go for the Eyes","Storm","Ball Lightning","White Noise+1","Redo","Lockon","Conserve Battery","Self Repair","Machine Learning","Stack+1","Compile Driver+1","Conserve Battery","Sweeping Beam+1","Sweeping Beam+1","Ball Lightning+1","Conserve Battery","Skim","Electrodynamics","Stack+1","Ball Lightning+1","Biased Cognition+1","Compile Driver+1","Static Discharge","Defragment+1","Reprogram","White Noise+1","Beam Cell+1"],"relics":["Cracked Core","Mercury Hourglass","Smiling Mask","Matryoshka","Lizard Tail","Molten Egg 2","Bird Faced Urn","Omamori","Orichalcum","Astrolabe","Bronze Scales","Pantograph","Juzu Bracelet","Potion Belt","Thread and Needle","Ancient Tea Set"],"potions_floor_usage":[16,24,33,33,44,46],"damage_taken":[{"damage":10,"enemies":"Small Slimes","floor":1,"turns":3},{"damage":6,"enemies":"Cultist","floor":3,"turns":4},{"damage":26,"enemies":"Gremlin Nob","floor":7,"turns":4},{"damage":0,"enemies":"Jaw Worm","floor":10,"turns":3},{"damage":10,"enemies":"Gremlin Gang","floor":11,"turns":3},{"damage":5,"enemies":"Red Slaver","floor":13,"turns":3},{"damage":0,"enemies":"Large Slime","floor":14,"turns":3},{"damage":59,"enemies":"The Guardian","floor":16,"turns":12},{"damage":19,"enemies":"Chosen","floor":18,"turns":5},{"damage":25,"enemies":"2 Thieves","floor":20,"turns":4},{"damage":26,"enemies":"Sentry and Sphere","floor":22,"turns":5},{"damage":33,"enemies":"Gremlin Leader","floor":23,"turns":7},{"damage":30,"enemies":"Centurion and Healer","floor":24,"turns":7},{"damage":10,"enemies":"Chosen and Byrds","floor":27,"turns":5},{"damage":6,"enemies":"Snecko","floor":29,"turns":4},{"damage":91,"enemies":"Automaton","floor":33,"turns":9},{"damage":19,"enemies":"3 Darklings","floor":35,"turns":3},{"damage":12,"enemies":"Orb Walker","floor":38,"turns":3},{"damage":41,"enemies":"Jaw Worm Horde","floor":41,"turns":3},{"damage":57,"enemies":"Nemesis","floor":42,"turns":7},{"damage":16,"enemies":"Reptomancer","floor":44,"turns":4},{"damage":51,"enemies":"Giant Head","floor":46,"turns":7}],"seed_played":"-9170444859074957113","potions_obtained":[{"floor":3,"key":"FocusPotion"},{"floor":14,"key":"Regen Potion"},{"floor":18,"key":"Ancient Potion"},{"floor":20,"key":"Ancient Potion"},{"floor":27,"key":"Poison Potion"},{"floor":29,"key":"Regen Potion"},{"floor":35,"key":"FairyPotion"},{"floor":41,"key":"SkillPotion"},{"floor":44,"key":"Weak Potion"}],"is_trial":false,"path_per_floor":["M","?","M","?","?","R","E","R","T","M","M","T","M","M","R","B",null,"M","$","M","$","M","E","M","R","T","M","R","M","R","?","R","B",null,"M","?","?","M","$","R","M","E","T","E","T","E"],"character_chosen":"DEFECT","items_purchased":["Molten Egg 2","Defragment","Bronze Scales"],"campfire_rested":5,"item_purchase_floors":[19,39,39],"current_hp_per_floor":[65,65,59,48,48,72,46,70,70,70,60,60,55,55,79,41,72,60,60,42,42,23,42,34,58,58,63,82,82,82,82,82,12,65,52,52,73,76,76,76,45,9,9,16,16,0],"gold":264,"neow_bonus":"TEN_PERCENT_HP_BONUS","is_prod":false,"is_daily":false,"chose_seed":false,"campfire_upgraded":3,"win_rate":0,"timestamp":1550137390,"path_taken":["M","?","M","?","?","R","E","R","T","?","?","?","M","M","R","BOSS","M","$","?","?","M","E","M","R","T","?","R","M","R","?","R","BOSS","M","?","?","?","$","R","M","E","T","E","?","E"],"build_version":"2019-01-23","purchased_purges":1,"victory":false,"max_hp_per_floor":[82,82,82,82,82,82,82,82,82,82,82,82,82,82,82,82,82,82,82,82,82,82,82,82,82,82,82,82,82,82,82,82,82,82,82,82,82,82,82,82,82,82,82,82,82,82],"card_choices":[{"not_picked":["Streamline","Compile Driver"],"picked":"Go for the Eyes","floor":1},{"not_picked":["Stack","Reprogram"],"picked":"Ball Lightning","floor":3},{"not_picked":["Go for the Eyes","Barrage"],"picked":"White Noise","floor":7},{"not_picked":["Cold Snap","Core Surge"],"picked":"Redo","floor":10},{"not_picked":["Doom and Gloom","Genetic Algorithm"],"picked":"Lockon","floor":11},{"not_picked":["Sweeping Beam","Streamline"],"picked":"Conserve Battery","floor":13},{"not_picked":["Steam Power","Gash"],"picked":"Self Repair","floor":14},{"not_picked":["Creative AI","Seek"],"picked":"Machine Learning","floor":16},{"not_picked":["Go for the Eyes","Steam Power"],"picked":"Stack+1","floor":18},{"not_picked":["Rebound+1","Sunder+1"],"picked":"Compile Driver+1","floor":20},{"not_picked":["Barrage+1","Auto Shields"],"picked":"Conserve Battery","floor":22},{"not_picked":["Streamline+1","FTL+1"],"picked":"Sweeping Beam+1","floor":23},{"not_picked":["Redo","Glacier+1"],"picked":"Sweeping Beam+1","floor":24},{"not_picked":["Hologram","Undo"],"picked":"Lockon+1","floor":27},{"not_picked":["Stack","Consume"],"picked":"Ball Lightning+1","floor":29},{"not_picked":["Amplify","Machine Learning"],"picked":"Electrodynamics","floor":33},{"not_picked":["Storm","Melter+1"],"picked":"Compile Driver+1","floor":35},{"not_picked":["Heatsinks+1","Double Energy+1"],"picked":"Static Discharge","floor":38},{"not_picked":["Sweeping Beam+1","Static Discharge"],"picked":"Reprogram","floor":41},{"not_picked":["Coolheaded","Buffer"],"picked":"White Noise+1","floor":42},{"not_picked":["Barrage+1","Gash+1"],"picked":"Beam Cell+1","floor":44}],"player_experience":387498,"relics_obtained":[{"floor":7,"key":"Mercury Hourglass"},{"floor":9,"key":"Smiling Mask"},{"floor":12,"key":"Matryoshka"},{"floor":23,"key":"Bird Faced Urn"},{"floor":26,"key":"Omamori"},{"floor":26,"key":"Orichalcum"},{"floor":42,"key":"Pantograph"},{"floor":43,"key":"Juzu Bracelet"},{"floor":43,"key":"Potion Belt"},{"floor":44,"key":"Thread and Needle"},{"floor":45,"key":"Ancient Tea Set"}],"event_choices":[{"damage_healed":0,"gold_gain":0,"cards_transformed":["Strike_B"],"player_choice":"Change","damage_taken":0,"max_hp_gain":0,"max_hp_loss":0,"event_name":"Living Wall","floor":2,"gold_loss":0,"cards_obtained":["Storm"]},{"damage_healed":0,"gold_gain":75,"player_choice":"Gather Gold","damage_taken":11,"max_hp_gain":0,"max_hp_loss":0,"event_name":"World of Goop","floor":4,"gold_loss":0},{"cards_removed":["Strike_B"],"damage_healed":0,"gold_gain":0,"player_choice":"Purged","damage_taken":0,"max_hp_gain":0,"max_hp_loss":0,"event_name":"Purifier","floor":5,"gold_loss":0},{"damage_healed":0,"gold_gain":0,"cards_transformed":["Strike_B","Defend_B"],"player_choice":"Became Test Subject","damage_taken":0,"max_hp_gain":0,"max_hp_loss":0,"event_name":"Drug Dealer","floor":31,"gold_loss":0,"cards_obtained":["Conserve Battery","Skim"]},{"cards_removed":["Lockon"],"damage_healed":0,"gold_gain":0,"player_choice":"Removed Attack","damage_taken":0,"max_hp_gain":0,"max_hp_loss":0,"event_name":"Falling","floor":36,"gold_loss":0},{"damage_healed":21,"gold_gain":0,"player_choice":"Writhe","damage_taken":0,"max_hp_gain":0,"max_hp_loss":0,"event_name":"Winding Halls","floor":37,"gold_loss":0,"cards_obtained":["Writhe"]}],"is_beta":false,"boss_relics":[{"not_picked":["White Beast Statue","Ectoplasm"],"picked":"Lizard Tail"},{"not_picked":["Empty Cage","Tiny House"],"picked":"Astrolabe"}],"items_purged_floors":[19],"is_endless":false,"potions_floor_spawned":[3,14,18,20,27,29,35,41,44],"killed_by":"Giant Head","ascension_level":8}