{"gold_per_floor":[211,386,461,461,35,70,70,102,102,135,148,161,179,204,204,305,305,320,330,343,62,62,93,93,125,125,150,161,173,188,8,8,109,109,123,123,134,145,200,228,243,275,275,305,305,315,334,361,361,361],"floor_reached":51,"playtime":3890,"items_purged":[],"score":1341,"play_id":"e441d73b-e94b-4c10-b368-0ba2370be43c","local_time":"20181117180521","is_ascension_mode":true,"campfire_choices":[{"floor":7,"key":"REST"},{"data":"Defragment","floor":15,"key":"SMITH"},{"floor":24,"key":"REST"},{"floor":32,"key":"REST"},{"floor":49,"key":"REST"}],"neow_cost":"NONE","seed_source_timestamp":234780832555382,"circlet_count":0,"master_deck":["Strike_B","Strike_B","Strike_B","Defend_B","Defend_B","Defend_B","Defend_B","Zap","Dualcast","Gash","Defragment+1","Leap","Self Repair","Conserve Battery","Ball Lightning+1","Cold Snap+1","Conserve Battery","Sweeping Beam+1","Chill","Echo Form","Glacier","Genetic Algorithm+1","Cold Snap+1","Reinforced Body","Genetic Algorithm","Reinforced Body","Reboot","Cold Snap+1","Go for the Eyes+1","Seek","Sweeping Beam+1","Echo Form","Defragment","Leap+1","Skim+1","Conserve Battery+1","Double Energy+1","Multi-Cast","Conserve Battery+1","Pain","Coolheaded+1","Darkness"],"relics":["Cracked Core","PreservedInsect","Oddly Smooth Stone","Pen Nib","Bronze Scales","Molten Egg 2","Bottled Flame","Orichalcum","Fusion Hammer","Chemical X","The Courier","Lantern","Cables","Potion Belt","Black Star","Calipers","StoneCalendar","Pocketwatch","Shuriken","Frozen Egg 2","Singing Bowl","Torii","Nunchaku","WarpedTongs","Dead Branch","Thread and Needle"],"potions_floor_usage":[16,25,27,33,44,50],"damage_taken":[{"damage":9,"enemies":"Jaw Worm","floor":1,"turns":3},{"damage":28,"enemies":"3 Sentries","floor":6,"turns":7},{"damage":20,"enemies":"Lagavulin","floor":8,"turns":7},{"damage":6,"enemies":"3 Sentries","floor":10,"turns":5},{"damage":8,"enemies":"2 Louse","floor":11,"turns":2},{"damage":0,"enemies":"Cultist","floor":12,"turns":2},{"damage":4,"enemies":"Gremlin Gang","floor":13,"turns":4},{"damage":7,"enemies":"Lagavulin","floor":14,"turns":5},{"damage":0,"enemies":"Slime Boss","floor":16,"turns":5},{"damage":22,"enemies":"2 Thieves","floor":18,"turns":3},{"damage":1,"enemies":"Spheric Guardian","floor":19,"turns":3},{"damage":4,"enemies":"Chosen and Byrds","floor":20,"turns":6},{"damage":3,"enemies":"Gremlin Leader","floor":23,"turns":5},{"damage":8,"enemies":"Book of Stabbing","floor":25,"turns":5},{"damage":20,"enemies":"Slavers","floor":27,"turns":6},{"damage":1,"enemies":"Cultist and Chosen","floor":28,"turns":6},{"damage":10,"enemies":"Shelled Parasite and Fungi","floor":29,"turns":6},{"damage":0,"enemies":"Snake Plant","floor":30,"turns":5},{"damage":0,"enemies":"Collector","floor":33,"turns":11},{"damage":18,"enemies":"3 Shapes","floor":35,"turns":5},{"damage":2,"enemies":"Orb Walker","floor":37,"turns":5},{"damage":1,"enemies":"Sphere and 2 Shapes","floor":38,"turns":6},{"damage":8,"enemies":"2 Orb Walkers","floor":39,"turns":6},{"damage":0,"enemies":"Giant Head","floor":40,"turns":10},{"damage":22,"enemies":"Maw","floor":41,"turns":8},{"damage":9,"enemies":"Nemesis","floor":42,"turns":7},{"damage":0,"enemies":"Giant Head","floor":44,"turns":9},{"damage":9,"enemies":"Writhing Mass","floor":46,"turns":6},{"damage":5,"enemies":"Transient","floor":47,"turns":5},{"damage":16,"enemies":"Nemesis","floor":48,"turns":7},{"damage":6,"enemies":"Donu and Deca","floor":50,"turns":10}],"seed_played":"-1798806674977344585","potions_obtained":[{"floor":1,"key":"LiquidBronze"},{"floor":11,"key":"Swift Potion"},{"floor":12,"key":"Fire Potion"},{"floor":13,"key":"Energy Potion"},{"floor":18,"key":"Strength Potion"},{"floor":27,"key":"SneckoOil"},{"floor":29,"key":"SpeedPotion"},{"floor":38,"key":"Block Potion"},{"floor":39,"key":"Regen Potion"},{"floor":41,"key":"Fire Potion"},{"floor":46,"key":"GamblersBrew"},{"floor":47,"key":"AttackPotion"}],"is_trial":false,"path_per_floor":["M","?","?","?","$","E","R","E","T","E","M","M","M","E","R","B",null,"M","M","M","$","?","E","R","E","T","E","M","M","M","$","R","B",null,"M","?","M","M","?","E","M","E","T","E","?","M","M","E","R","B",null],"character_chosen":"DEFECT","items_purchased":["Defragment","PreservedInsect","Oddly Smooth Stone","Leap","Chemical X","Reinforced Body","Go for the Eyes+1","Seek","Sweeping Beam+1"],"campfire_rested":4,"item_purchase_floors":[5,5,5,5,21,21,31,31,31],"current_hp_per_floor":[66,66,55,55,55,27,49,36,36,37,36,43,46,46,46,53,75,53,66,75,75,75,75,75,67,67,61,67,71,71,71,75,75,75,64,64,69,75,67,75,67,72,72,77,77,77,72,72,79,73],"gold":361,"neow_bonus":"HUNDRED_GOLD","is_prod":false,"is_daily":false,"chose_seed":false,"campfire_upgraded":1,"win_rate":0,"timestamp":1542495921,"path_taken":["M","?","?","?","$","E","R","E","T","E","M","?","M","E","R","BOSS","M","?","M","?","?","E","R","E","T","E","M","M","?","?","R","BOSS","M","?","?","M","?","E","M","E","T","E","?","?","M","E","R","BOSS"],"build_version":"2018-11-15","purchased_purges":0,"victory":true,"max_hp_per_floor":[75,75,75,75,75,75,75,75,75,75,75,75,75,75,75,75,75,75,75,75,75,75,75,75,75,75,75,75,75,75,75,75,75,75,75,75,75,75,75,75,75,75,75,77,77,77,77,79,79,79],"card_choices":[{"not_picked":["Rip and Tear","Aggregate"],"picked":"Gash","floor":1},{"not_picked":["Fusion","Static Discharge"],"picked":"Self Repair","floor":6},{"not_picked":["Hologram","Biased Cognition"],"picked":"Conserve Battery","floor":8},{"not_picked":["Stack","Melter+1"],"picked":"Ball Lightning+1","floor":10},{"not_picked":["Aggregate","Melter+1"],"picked":"Cold Snap+1","floor":11},{"not_picked":["Leap","Hello World"],"picked":"Conserve Battery","floor":12},{"not_picked":["Steam","Auto Shields"],"picked":"Sweeping Beam+1","floor":13},{"not_picked":["Machine Learning","Streamline+1"],"picked":"Chill","floor":14},{"not_picked":["Seek","Thunder Strike+1"],"picked":"Echo Form","floor":16},{"not_picked":["Steam+1","Coolheaded"],"picked":"Glacier","floor":18},{"not_picked":["Melter+1","Beam Cell+1"],"picked":"Genetic Algorithm+1","floor":19},{"not_picked":["Chill","Static Discharge"],"picked":"Cold Snap+1","floor":20},{"not_picked":["Fusion","Coolheaded"],"picked":"Genetic Algorithm","floor":23},{"not_picked":["Force Field","Leap"],"picked":"Reinforced Body","floor":25},{"not_picked":["Streamline+1","Rebound+1"],"picked":"Reboot","floor":27},{"not_picked":["Compile Driver+1","Rip and Tear+1","Streamline+1"],"picked":"SKIP","floor":28},{"not_picked":["Stack","Barrage+1","Streamline+1"],"picked":"SKIP","floor":29},{"not_picked":["Stack","Turbo"],"picked":"Cold Snap+1","floor":30},{"not_picked":["Multi-Cast","Amplify"],"picked":"Echo Form","floor":33},{"not_picked":["Streamline+1","Coolheaded+1"],"picked":"Defragment","floor":35},{"not_picked":["Self Repair+1","Compile Driver+1"],"picked":"Leap+1","floor":37},{"not_picked":["FTL+1","Go for the Eyes+1"],"picked":"Skim+1","floor":38},{"not_picked":["Aggregate","Steam Power"],"picked":"Conserve Battery+1","floor":39},{"not_picked":["Lockon+1","Go for the Eyes+1"],"picked":"Double Energy+1","floor":40},{"not_picked":["Sweeping Beam+1","Auto Shields+1"],"picked":"Multi-Cast","floor":41},{"not_picked":["Cold Snap+1","FTL+1"],"picked":"Conserve Battery+1","floor":42},{"not_picked":["Hologram","Reprogram","Streamline+1"],"picked":"Singing Bowl","floor":44},{"not_picked":["Steam+1","Streamline+1"],"picked":"Coolheaded+1","floor":46},{"not_picked":["Scrape+1","Turbo"],"picked":"Darkness","floor":47},{"not_picked":["Leap","Go for the Eyes+1","Heatsinks+1"],"picked":"Singing Bowl","floor":48}],"player_experience":213605,"relics_obtained":[{"floor":6,"key":"Pen Nib"},{"floor":8,"key":"Bronze Scales"},{"floor":9,"key":"Molten Egg 2"},{"floor":10,"key":"Bottled Flame"},{"floor":14,"key":"Orichalcum"},{"floor":23,"key":"The Courier"},{"floor":25,"key":"Lantern"},{"floor":26,"key":"Cables"},{"floor":27,"key":"Potion Belt"},{"floor":39,"key":"Calipers"},{"floor":40,"key":"StoneCalendar"},{"floor":40,"key":"Pocketwatch"},{"floor":42,"key":"Shuriken"},{"floor":42,"key":"Frozen Egg 2"},{"floor":43,"key":"Singing Bowl"},{"floor":44,"key":"Torii"},{"floor":44,"key":"Nunchaku"},{"floor":48,"key":"Dead Branch"},{"floor":48,"key":"Thread and Needle"}],"event_choices":[{"damage_healed":0,"gold_gain":175,"player_choice":"AGREE","damage_taken":0,"max_hp_gain":0,"max_hp_loss":0,"event_name":"Liars Game","floor":2,"gold_loss":0,"cards_obtained":["Doubt"]},{"damage_healed":0,"gold_gain":75,"player_choice":"Gather Gold","damage_taken":11,"max_hp_gain":0,"max_hp_loss":0,"event_name":"World of Goop","floor":3,"gold_loss":0},{"cards_removed":["Doubt"],"damage_healed":0,"gold_gain":0,"player_choice":"Removed Curses","damage_taken":0,"max_hp_gain":0,"max_hp_loss":0,"event_name":"Fountain of Cleansing","floor":4,"gold_loss":0},{"damage_healed":0,"gold_gain":0,"player_choice":"Ignored","damage_taken":0,"max_hp_gain":0,"max_hp_loss":0,"event_name":"Vampires","floor":22,"gold_loss":0},{"cards_removed":["Strike_B"],"damage_healed":0,"gold_gain":0,"player_choice":"Purged","damage_taken":0,"max_hp_gain":0,"max_hp_loss":0,"event_name":"Purifier","floor":36,"gold_loss":0},{"damage_healed":0,"gold_gain":0,"player_choice":"Fight","damage_taken":0,"max_hp_gain":0,"max_hp_loss":0,"event_name":"Mysterious Sphere","floor":39,"gold_loss":0},{"damage_healed":0,"gold_gain":0,"player_choice":"Rummage","damage_taken":0,"relics_obtained":["WarpedTongs"],"max_hp_gain":0,"max_hp_loss":0,"event_name":"Accursed Blacksmith","floor":45,"gold_loss":0,"cards_obtained":["Pain"]}],"is_beta":false,"boss_relics":[{"not_picked":["Eternal Feather","Calling Bell"],"picked":"Fusion Hammer"},{"not_picked":["White Beast Statue","Lizard Tail"],"picked":"Black Star"}],"items_purged_floors":[],"is_endless":false,"potions_floor_spawned":[1,11,12,13,18,19,27,29,38,39,41,46,47],"ascension_level":3}