{"gold_per_floor":[117,292,272,290,304,304,337,337,337,366,384,400,6,23,23,23],"floor_reached":16,"playtime":1165,"items_purged":[],"score":174,"play_id":"34b0f1a0-1594-4700-9ebc-0214ef472b5d","local_time":"20190220233208","is_ascension_mode":true,"campfire_choices":[{"data":"Bash","floor":6,"key":"SMITH"},{"floor":8,"key":"REST"},{"floor":15,"key":"REST"}],"neow_cost":"NONE","seed_source_timestamp":449480233449256,"circlet_count":0,"master_deck":["AscendersBane","Strike_R","Strike_R","Strike_R","Strike_R","Strike_R","Defend_R","Defend_R+1","Defend_R+1","Defend_R","Bash+1","Heavy Blade","Doubt","Shrug It Off","Iron Wave","Intimidate","Armaments","Clothesline","Sword Boomerang","Flex+1"],"relics":["Burning Blood","Letter Opener","Centennial Puzzle","Shuriken","Toxic Egg 2","War Paint"],"potions_floor_usage":[7,12],"damage_taken":[{"damage":10,"enemies":"Small Slimes","floor":1,"turns":4},{"damage":8,"enemies":"Jaw Worm","floor":4,"turns":5},{"damage":6,"enemies":"Cultist","floor":5,"turns":4},{"damage":52,"enemies":"Gremlin Nob","floor":7,"turns":6},{"damage":42,"enemies":"3 Sentries","floor":10,"turns":12},{"damage":12,"enemies":"Blue Slaver","floor":11,"turns":4},{"damage":6,"enemies":"Lots of Slimes","floor":12,"turns":8},{"damage":7,"enemies":"Large Slime","floor":14,"turns":6},{"damage":49,"enemies":"Hexaghost","floor":16,"turns":12}],"seed_played":"-4533916689932971412","potions_obtained":[{"floor":3,"key":"FairyPotion"},{"floor":4,"key":"EssenceOfSteel"},{"floor":10,"key":"Ancient Potion"}],"is_trial":false,"path_per_floor":["M","?","?","M","M","R","E","R","T","E","M","M","$","M","R","B"],"character_chosen":"IRONCLAD","items_purchased":["Toxic Egg 2","War Paint"],"campfire_rested":2,"item_purchase_floors":[13,13],"current_hp_per_floor":[76,76,76,74,74,74,28,54,54,18,12,12,12,11,37,0],"gold":23,"neow_bonus":"TEN_PERCENT_HP_BONUS","is_prod":false,"is_daily":false,"chose_seed":false,"campfire_upgraded":1,"win_rate":0,"timestamp":1550734328,"path_taken":["M","?","?","?","M","R","E","R","T","E","M","M","$","M","R","BOSS"],"build_version":"2019-01-23","purchased_purges":0,"victory":false,"max_hp_per_floor":[88,88,88,88,88,88,88,88,88,88,88,88,88,88,88,88],"card_choices":[{"not_picked":["Seeing Red","Anger"],"picked":"Heavy Blade","floor":1},{"not_picked":["Blood for Blood","Clash"],"picked":"Shrug It Off","floor":4},{"not_picked":["Armaments","Hemokinesis"],"picked":"Iron Wave","floor":5},{"not_picked":["Blood for Blood","Twin Strike"],"picked":"Intimidate","floor":7},{"not_picked":["Anger","Seeing Red"],"picked":"Armaments","floor":10},{"not_picked":["Thunderclap","Perfected Strike"],"picked":"Clothesline","floor":11},{"not_picked":["Twin Strike","True Grit"],"picked":"Sword Boomerang","floor":12},{"not_picked":["Shockwave+1","Perfected Strike"],"picked":"Flex+1","floor":14}],"player_experience":458385,"relics_obtained":[{"floor":7,"key":"Letter Opener"},{"floor":9,"key":"Centennial Puzzle"},{"floor":10,"key":"Shuriken"}],"event_choices":[{"damage_healed":0,"gold_gain":175,"player_choice":"AGREE","damage_taken":0,"max_hp_gain":0,"max_hp_loss":0,"event_name":"Liars Game","floor":2,"gold_loss":0,"cards_obtained":["Doubt"]},{"damage_healed":0,"gold_gain":0,"player_choice":"Bought 1 Potion","damage_taken":0,"max_hp_gain":0,"max_hp_loss":0,"event_name":"The Woman in Blue","floor":3,"gold_loss":0}],"is_beta":false,"boss_relics":[],"items_purged_floors":[],"is_endless":false,"potions_floor_spawned":[4,10],"killed_by":"Hexaghost","ascension_level":11}