{"gold_per_floor":[368,384,384,394,394,394,411,424,424,424,437,437,69,86,86,191,191,209,209,129,404,422,422,54,54,54,54,54,67,166,177,177,177],"floor_reached":33,"playtime":974,"items_purged":["Strike_R","Writhe","Regret"],"score":262,"play_id":"108c9c6e-2d34-40fd-bf53-11d81cdf9226","local_time":"20190219135613","is_ascension_mode":false,"campfire_choices":[{"data":"Shockwave","floor":6.0,"key":"SMITH"},{"data":"True Grit","floor":10.0,"key":"SMITH"},{"data":"Clothesline","floor":12.0,"key":"SMITH"},{"data":"Limit Break","floor":15,"key":"SMITH"},{"data":"Iron Wave","floor":23,"key":"SMITH"},{"data":"Metallicize","floor":25,"key":"SMITH"},{"data":"Offering","floor":28,"key":"SMITH"},{"data":"Metallicize","floor":32,"key":"SMITH"}],"neow_cost":"CURSE","seed_source_timestamp":6216251659895,"circlet_count":0,"master_deck":["Strike_R","Strike_R","Strike_R+1","Strike_R","Defend_R","Defend_R","Defend_R","Defend_R","Bash","Iron Wave+1","Flex+1","Shockwave+1","True Grit+1","Offering+1","Clothesline+1","Limit Break+1","Metallicize+1","Reaper","Feel No Pain+1","Headbutt","Metallicize+1","Ghostly","Ghostly","Ghostly","Ghostly","Ghostly","Rage+1"],"special_seed":0,"relics":["Burning Blood","The Courier","Brimstone","Snecko Eye","Vajra","Paper Frog","Singing Bowl"],"potions_floor_usage":[18,18,33,33],"damage_taken":[{"damage":3.0,"enemies":"Cultist","floor":1.0,"turns":5.0},{"damage":3.0,"enemies":"Small Slimes","floor":2.0,"turns":4.0},{"damage":0.0,"enemies":"Jaw Worm","floor":4.0,"turns":3.0},{"damage":6.0,"enemies":"Exordium Wildlife","floor":7.0,"turns":4.0},{"damage":6.0,"enemies":"Lots of Slimes","floor":8.0,"turns":5.0},{"damage":12.0,"enemies":"Exordium Thugs","floor":11.0,"turns":6.0},{"damage":4,"enemies":"Blue Slaver","floor":14,"turns":3},{"damage":28,"enemies":"The Guardian","floor":16,"turns":6},{"damage":16,"enemies":"3 Byrds","floor":18,"turns":4},{"damage":16,"enemies":"Shell Parasite","floor":22,"turns":3},{"damage":13,"enemies":"Centurion and Healer","floor":29,"turns":6},{"damage":1,"enemies":"Snake Plant","floor":31,"turns":5},{"damage":40,"enemies":"Automaton","floor":33,"turns":6}],"seed_played":"-3755300947111128147","potions_obtained":[{"floor":4.0,"key":"PowerPotion"},{"floor":7.0,"key":"Ancient Potion"},{"floor":16,"key":"SkillPotion"},{"floor":22,"key":"Explosive Potion"},{"floor":29,"key":"EssenceOfSteel"},{"floor":31,"key":"Dexterity Potion"}],"is_trial":false,"path_per_floor":["M","M","?","M","?","R","M","M","T","R","M","R","$","M","R","B",null,"M","?","$","?","M","R","$","R","T","?","R","M","?","M","R","B"],"character_chosen":"IRONCLAD","items_purchased":["Brimstone","Limit Break","Metallicize","Paper Frog","Metallicize"],"campfire_rested":0,"item_purchase_floors":[13,13,13,24,24],"current_hp_per_floor":[80,80,64,70,70,70,70,70,70,70,64,64,64,66,66,44,77,73,73,73,73,71,71,71,71,71,38,38,40,40,40,40,0],"gold":177,"neow_bonus":"TWO_FIFTY_GOLD","is_prod":false,"is_daily":false,"chose_seed":false,"campfire_upgraded":8,"win_rate":0,"timestamp":1550606173,"path_taken":["M","M","?","M","?","R","M","M","T","R","?","R","$","M","R","BOSS","M","?","$","?","?","R","?","R","T","?","R","M","?","M","R","BOSS"],"build_version":"2019-01-23","purchased_purges":3,"victory":false,"max_hp_per_floor":[80,80,80,80,77,77,77,77,77,77,77,77,77,77,77,77,77,77,77,77,77,77,77,77,77,77,38,38,40,40,40,40,40],"card_choices":[{"not_picked":["Pommel Strike","Dropkick"],"picked":"Iron Wave","floor":1.0},{"not_picked":["Perfected Strike","Wild Strike"],"picked":"Flex","floor":2.0},{"not_picked":["True Grit","Havoc"],"picked":"Shockwave","floor":4.0},{"not_picked":["Warcry","Body Slam"],"picked":"True Grit","floor":7.0},{"not_picked":["Corruption","Sword Boomerang"],"picked":"Offering","floor":8.0},{"not_picked":["Cleave","Searing Blow"],"picked":"Clothesline","floor":11.0},{"not_picked":["Blood for Blood","Combust","Dropkick"],"picked":"SKIP","floor":14},{"not_picked":["Offering","Brutality"],"picked":"Reaper","floor":16},{"not_picked":["Heavy Blade","Hemokinesis"],"picked":"Feel No Pain+1","floor":18},{"not_picked":["Rupture+1","Perfected Strike"],"picked":"Headbutt","floor":22},{"not_picked":["Inflame","Ghostly Armor","Sever Soul"],"picked":"Singing Bowl","floor":29},{"not_picked":["Searing Blow+1","Hemokinesis"],"picked":"Rage+1","floor":31}],"player_experience":880466,"relics_obtained":[{"floor":9.0,"key":"The Courier"},{"floor":26,"key":"Singing Bowl"}],"event_choices":[{"damage_healed":0.0,"max_hp_gain":0.0,"max_hp_loss":0.0,"gold_gain":0.0,"event_name":"Shining Light","player_choice":"Entered Light","floor":3.0,"gold_loss":0.0,"damage_taken":16.0,"cards_upgraded":["Flex","Strike_R"]},{"cards_removed":["Parasite"],"damage_healed":0.0,"max_hp_gain":0.0,"max_hp_loss":0.0,"gold_gain":0.0,"event_name":"Purifier","player_choice":"Purged","floor":5.0,"gold_loss":0.0,"damage_taken":0.0},{"damage_healed":0,"gold_gain":0,"player_choice":"Opened","damage_taken":0,"relics_obtained":["Vajra"],"max_hp_gain":0,"max_hp_loss":0,"event_name":"The Mausoleum","floor":19,"gold_loss":0,"cards_obtained":["Writhe"]},{"damage_healed":0,"gold_gain":275,"player_choice":"Desecrate","damage_taken":0,"max_hp_gain":0,"max_hp_loss":0,"event_name":"Golden Shrine","floor":21,"gold_loss":0,"cards_obtained":["Regret"]},{"damage_healed":0,"gold_gain":0,"player_choice":"Became a Ghost","damage_taken":0,"max_hp_gain":0,"max_hp_loss":39,"event_name":"Ghosts","floor":27,"gold_loss":0,"cards_obtained":["Ghostly","Ghostly","Ghostly","Ghostly","Ghostly"]},{"damage_healed":0,"gold_gain":99,"player_choice":"Stole From Cult","damage_taken":0,"max_hp_gain":0,"max_hp_loss":0,"event_name":"Nest","floor":30,"gold_loss":0}],"is_beta":false,"boss_relics":[{"not_picked":["Runic Cube","Fusion Hammer"],"picked":"Snecko Eye"}],"items_purged_floors":[13,20,24],"is_endless":false,"potions_floor_spawned":[4,7,16,22,29,31],"killed_by":"Automaton","ascension_level":0}