{"gold_per_floor":[118,118,118,130,130,156,169,179,179,214,214,247,247,266,266,363,363,377,292,292,217,203,203,49,80,106,106],"floor_reached":27,"playtime":1668,"items_purged":["Strike_R"],"score":438,"play_id":"8fc7de35-6eb6-4198-825b-b536c3537e10","local_time":"20190221215558","is_ascension_mode":true,"campfire_choices":[{"floor":13,"key":"REST"},{"data":"Inflame","floor":15,"key":"SMITH"},{"floor":23,"key":"REST"}],"neow_cost":"NONE","seed_source_timestamp":529606244250244,"circlet_count":0,"master_deck":["AscendersBane","Strike_R","Strike_R","Strike_R","Strike_R","Defend_R","Defend_R+1","Defend_R+1","Defend_R","Bash","Headbutt","Inflame+1","Bloodletting","Flex","Combust","Ghostly Armor","Corruption","Heavy Blade","Demon Form","Metallicize","Armaments","Whirlwind","Sword Boomerang+1","Pain"],"relics":["Burning Blood","NeowsBlessing","War Paint","Dream Catcher","Kunai","Boot","Cursed Key","Gremlin Horn","Regal Pillow","Bottled Flame","Juzu Bracelet"],"potions_floor_usage":[10,12,16,27],"damage_taken":[{"damage":0,"enemies":"Cultist","floor":1,"turns":1},{"damage":0,"enemies":"2 Louse","floor":4,"turns":2},{"damage":0,"enemies":"Lagavulin","floor":6,"turns":1},{"damage":13,"enemies":"Jaw Worm","floor":7,"turns":4},{"damage":9,"enemies":"3 Louse","floor":8,"turns":4},{"damage":35,"enemies":"3 Sentries","floor":10,"turns":7},{"damage":27,"enemies":"Gremlin Nob","floor":12,"turns":4},{"damage":19,"enemies":"Exordium Wildlife","floor":14,"turns":5},{"damage":27,"enemies":"Slime Boss","floor":16,"turns":10},{"damage":35,"enemies":"Shell Parasite","floor":18,"turns":5},{"damage":28,"enemies":"2 Thieves","floor":22,"turns":4},{"damage":55,"enemies":"Gremlin Leader","floor":25,"turns":6},{"damage":21,"enemies":"Slavers","floor":27,"turns":1}],"seed_played":"-2562397155676433327","potions_obtained":[{"floor":1,"key":"LiquidBronze"},{"floor":6,"key":"SpeedPotion"},{"floor":10,"key":"Weak Potion"},{"floor":14,"key":"PowerPotion"}],"is_trial":false,"path_per_floor":["M","$","$","M","$","E","M","M","T","E","?","E","R","M","R","B",null,"M","?","?","$","M","R","$","E","T","E"],"character_chosen":"IRONCLAD","items_purchased":["Regal Pillow"],"campfire_rested":2,"item_purchase_floors":[24],"current_hp_per_floor":[78,78,78,80,80,80,73,70,70,41,46,25,50,37,37,16,68,39,39,67,67,45,70,70,21,21,0],"gold":106,"neow_bonus":"THREE_ENEMY_KILL","is_prod":false,"is_daily":false,"chose_seed":false,"campfire_upgraded":1,"win_rate":0,"timestamp":1550814958,"path_taken":["M","?","$","?","$","E","M","M","T","E","?","E","R","M","R","BOSS","M","?","?","?","M","R","$","E","T","E"],"build_version":"2019-01-23","purchased_purges":1,"victory":false,"max_hp_per_floor":[80,80,80,80,80,80,80,80,80,80,85,85,85,85,85,85,85,85,85,85,85,85,85,85,85,85,85],"card_choices":[{"not_picked":["Clash","Hemokinesis"],"picked":"Headbutt","floor":1},{"not_picked":["Cleave","Thunderclap"],"picked":"Inflame","floor":4},{"not_picked":["Cleave","Hemokinesis"],"picked":"Bloodletting","floor":6},{"not_picked":["Cleave","Barricade"],"picked":"Flex","floor":7},{"not_picked":["Ghostly Armor","Headbutt"],"picked":"Combust","floor":8},{"not_picked":["Carnage","Feel No Pain"],"picked":"Ghostly Armor","floor":10},{"not_picked":["Burning Pact","Carnage"],"picked":"Corruption","floor":12},{"not_picked":["Headbutt","Clothesline"],"picked":"Heavy Blade","floor":14},{"not_picked":["Dark Embrace","Exhume"],"picked":"Demon Form","floor":16},{"not_picked":["Wild Strike","Body Slam"],"picked":"Metallicize","floor":18},{"not_picked":["Body Slam+1","Anger"],"picked":"Armaments","floor":22},{"not_picked":["Armaments","Warcry"],"picked":"Whirlwind","floor":23},{"not_picked":["Twin Strike+1","Warcry"],"picked":"Sword Boomerang+1","floor":25}],"player_experience":466401,"relics_obtained":[{"floor":6,"key":"War Paint"},{"floor":9,"key":"Dream Catcher"},{"floor":10,"key":"Kunai"},{"floor":12,"key":"Boot"},{"floor":25,"key":"Bottled Flame"},{"floor":26,"key":"Juzu Bracelet"}],"event_choices":[{"damage_healed":0,"gold_gain":0,"player_choice":"Donut","damage_taken":0,"max_hp_gain":5,"max_hp_loss":0,"event_name":"Big Fish","floor":11,"gold_loss":0},{"damage_healed":0,"gold_gain":0,"player_choice":"Obtained Relic","damage_taken":0,"relics_obtained":["Gremlin Horn"],"max_hp_gain":0,"max_hp_loss":0,"event_name":"Addict","floor":19,"gold_loss":85},{"damage_healed":28,"gold_gain":0,"player_choice":"Heal","damage_taken":0,"max_hp_gain":0,"max_hp_loss":0,"event_name":"The Library","floor":20,"gold_loss":0}],"is_beta":false,"boss_relics":[{"not_picked":["Snecko Eye","Black Star"],"picked":"Cursed Key"}],"items_purged_floors":[21],"is_endless":false,"potions_floor_spawned":[1,6,7,10,14],"killed_by":"Slavers","ascension_level":12}