{"gold_per_floor":[114,131,131,151,151,180,180,210,262,262,293,44,44,56,56,161,161,176,195,213,227,245,245,245,245,245,245,271,288,288,304,304,405,405,418,435,50,70,19,19,47,47,47,47,58,0,0,20,20,20],"floor_reached":51,"playtime":4221,"items_purged":["Offering"],"score":884,"play_id":"69b753f6-bbce-4db1-8ac6-2f5fa8f526fd","local_time":"20190226024350","is_ascension_mode":true,"campfire_choices":[{"data":"Wild Strike","floor":7.0,"key":"SMITH"},{"data":"Dual Wield","floor":15.0,"key":"SMITH"},{"data":"Barricade","floor":23.0,"key":"SMITH"},{"data":"Whirlwind","floor":25.0,"key":"SMITH"},{"data":"Feed","floor":27.0,"key":"SMITH"},{"floor":30.0,"key":"REST"},{"floor":32.0,"key":"REST"},{"floor":40.0,"key":"REST"},{"data":"Heavy Blade","floor":42.0,"key":"SMITH"},{"data":"Combust","floor":44.0,"key":"SMITH"},{"data":"Inflame","floor":49.0,"key":"SMITH"}],"neow_cost":"NONE","seed_source_timestamp":726125054756669,"circlet_count":0,"master_deck":["Strike_R","Strike_R","Strike_R","Strike_R","Defend_R","Defend_R","Defend_R","Defend_R","Bash","Whirlwind+1","Anger","Wild Strike+1","Shrug It Off","Inflame+1","Shrug It Off","Feed+1","Dual Wield+1","Barricade+1","Inflame+1","Intimidate+1","Armaments+1","Iron Wave+1","Battle Trance","Combust+1","Shrug It Off","Heavy Blade+1"],"special_seed":0,"relics":["Burning Blood","Mummified Hand","Bronze Scales","Oddly Smooth Stone","Happy Flower","Bottled Tornado","Singing Bowl","Velvet Choker","Bottled Lightning","Vajra","Eternal Feather","Champion Belt","Pear","Gremlin Horn","Red Mask"],"potions_floor_usage":[50,50,50],"damage_taken":[{"damage":8.0,"enemies":"Jaw Worm","floor":1.0,"turns":4.0},{"damage":7.0,"enemies":"2 Louse","floor":2.0,"turns":3.0},{"damage":6.0,"enemies":"Cultist","floor":4.0,"turns":3.0},{"damage":15.0,"enemies":"3 Sentries","floor":6.0,"turns":5.0},{"damage":32.0,"enemies":"Gremlin Nob","floor":8.0,"turns":4.0},{"damage":19.0,"enemies":"Lagavulin","floor":11.0,"turns":5.0},{"damage":0.0,"enemies":"Lots of Slimes","floor":14.0,"turns":1.0},{"damage":18.0,"enemies":"Hexaghost","floor":16.0,"turns":8.0},{"damage":0.0,"enemies":"Spheric Guardian","floor":18.0,"turns":3.0},{"damage":24.0,"enemies":"3 Byrds","floor":19.0,"turns":3.0},{"damage":6.0,"enemies":"Cultist and Chosen","floor":20.0,"turns":5.0},{"damage":10.0,"enemies":"Snecko","floor":21.0,"turns":4.0},{"damage":12.0,"enemies":"Centurion and Healer","floor":22.0,"turns":4.0},{"damage":42.0,"enemies":"Slavers","floor":28.0,"turns":3.0},{"damage":0.0,"enemies":"3 Cultists","floor":29.0,"turns":2.0},{"damage":24.0,"enemies":"Snake Plant","floor":31.0,"turns":2.0},{"damage":45.0,"enemies":"Collector","floor":33.0,"turns":8.0},{"damage":9.0,"enemies":"Orb Walker","floor":35.0,"turns":3.0},{"damage":18.0,"enemies":"3 Shapes","floor":36.0,"turns":5.0},{"damage":37.0,"enemies":"Spire Growth","floor":38.0,"turns":4.0},{"damage":37.0,"enemies":"Nemesis","floor":41.0,"turns":5.0},{"damage":0.0,"enemies":"Maw","floor":45.0,"turns":6.0},{"damage":20.0,"enemies":"4 Shapes","floor":48.0,"turns":2.0},{"damage":109,"enemies":"Time Eater","floor":50,"turns":11}],"seed_played":"2413681240204474318","potions_obtained":[{"floor":2.0,"key":"Explosive Potion"},{"floor":8.0,"key":"PowerPotion"},{"floor":14.0,"key":"FearPotion"},{"floor":16.0,"key":"Fire Potion"},{"floor":20.0,"key":"Swift Potion"},{"floor":21.0,"key":"SkillPotion"},{"floor":22.0,"key":"Fire Potion"},{"floor":28.0,"key":"LiquidBronze"},{"floor":38.0,"key":"Swift Potion"},{"floor":45.0,"key":"AttackPotion"},{"floor":48.0,"key":"SteroidPotion"}],"is_trial":false,"path_per_floor":["M","M","?","M","?","E","R","E","T","T","E","$","?","M","R","B",null,"M","M","M","M","M","R","?","R","T","R","E","M","R","M","R","B",null,"M","M","$","M","$","R","E","R","T","R","M","?","$","M","R","B",null],"character_chosen":"IRONCLAD","items_purchased":["Singing Bowl","Champion Belt","Shrug It Off"],"campfire_rested":3,"item_purchase_floors":[12,37,39],"current_hp_per_floor":[86,85,85,85,90,81,81,55,55,55,42,42,42,51,51,42,85,94,81,86,82,76,76,76,76,76,76,40,48,82,64,98,59,100,103,95,95,66,66,118,97,112,112,127,135,135,135,127,142,39],"gold":20,"neow_bonus":"TEN_PERCENT_HP_BONUS","is_prod":false,"is_daily":false,"chose_seed":false,"campfire_upgraded":8,"win_rate":0,"timestamp":1551167030,"path_taken":["M","M","?","M","?","E","R","E","T","?","E","$","?","M","R","BOSS","M","M","M","M","M","R","?","R","T","R","E","M","R","M","R","BOSS","M","M","?","?","$","R","E","R","T","R","M","?","?","?","R","BOSS"],"build_version":"2019-01-23","purchased_purges":1,"victory":true,"max_hp_per_floor":[88,88,88,88,93,93,93,93,93,93,93,93,93,96,96,99,99,102,107,112,112,112,112,112,112,112,112,112,114,114,114,114,114,114,120,124,124,126,126,126,136,136,136,136,138,138,138,144,144,144],"card_choices":[{"not_picked":["Warcry","Thunderclap"],"picked":"Whirlwind","floor":1.0},{"not_picked":["Flex","Rupture"],"picked":"Anger","floor":2.0},{"not_picked":["Anger","Sentinel"],"picked":"Wild Strike","floor":4.0},{"not_picked":["Headbutt","Dual Wield"],"picked":"Shrug It Off","floor":6.0},{"not_picked":["Evolve","Dark Embrace"],"picked":"Inflame","floor":8.0},{"not_picked":["Searing Blow","Armaments"],"picked":"Shrug It Off","floor":11.0},{"not_picked":["Fire Breathing","Second Wind"],"picked":"Dual Wield","floor":14.0},{"not_picked":["Immolate","Brutality"],"picked":"Barricade","floor":16.0},{"not_picked":["Pommel Strike+1","Infernal Blade"],"picked":"Inflame","floor":18.0},{"not_picked":["Corruption+1","Searing Blow","Armaments"],"picked":"Singing Bowl","floor":19.0},{"not_picked":["Blood for Blood","Iron Wave","Sword Boomerang"],"picked":"Singing Bowl","floor":20.0},{"not_picked":["Whirlwind","Warcry"],"picked":"Intimidate+1","floor":21.0},{"not_picked":["Perfected Strike","Burning Pact"],"picked":"Armaments+1","floor":22.0},{"not_picked":["Barricade","Sever Soul+1"],"picked":"Iron Wave+1","floor":28.0},{"not_picked":["True Grit","Infernal Blade+1","Thunderclap"],"picked":"Singing Bowl","floor":29.0},{"not_picked":["Anger","Heavy Blade+1"],"picked":"Battle Trance","floor":31.0},{"not_picked":["Bludgeon","Dark Embrace"],"picked":"Offering","floor":33.0},{"not_picked":["Cleave","Clash","Sentinel+1"],"picked":"Singing Bowl","floor":35.0},{"not_picked":["Cleave+1","Havoc+1"],"picked":"Combust","floor":36.0},{"not_picked":["Sentinel+1","Armaments+1","Double Tap"],"picked":"Singing Bowl","floor":38.0},{"not_picked":["Bludgeon","Fire Breathing+1"],"picked":"Heavy Blade","floor":41.0},{"not_picked":["Twin Strike+1","Dropkick","Corruption+1"],"picked":"Singing Bowl","floor":45.0},{"not_picked":["Headbutt","Shrug It Off+1","Thunderclap+1"],"picked":"Singing Bowl","floor":48.0}],"player_experience":322510,"relics_obtained":[{"floor":6.0,"key":"Mummified Hand"},{"floor":8.0,"key":"Bronze Scales"},{"floor":9.0,"key":"Oddly Smooth Stone"},{"floor":10.0,"key":"Happy Flower"},{"floor":11.0,"key":"Bottled Tornado"},{"floor":26.0,"key":"Bottled Lightning"},{"floor":28.0,"key":"Vajra"},{"floor":41.0,"key":"Pear"},{"floor":43.0,"key":"Gremlin Horn"}],"event_choices":[{"damage_healed":0.0,"max_hp_gain":0.0,"max_hp_loss":0.0,"gold_gain":0.0,"event_name":"Liars Game","player_choice":"Ignored","floor":3.0,"gold_loss":0.0,"damage_taken":0.0},{"damage_healed":0.0,"max_hp_gain":5.0,"max_hp_loss":0.0,"gold_gain":0.0,"event_name":"Big Fish","player_choice":"Donut","floor":5.0,"gold_loss":0.0,"damage_taken":0.0},{"damage_healed":0.0,"max_hp_gain":0.0,"max_hp_loss":0.0,"gold_gain":0.0,"cards_transformed":["Strike_R"],"event_name":"Transmorgrifier","player_choice":"Transformed","floor":13.0,"gold_loss":0.0,"damage_taken":0.0,"cards_obtained":["Feed"]},{"damage_healed":0.0,"max_hp_gain":0.0,"max_hp_loss":0.0,"gold_gain":0.0,"event_name":"Accursed Blacksmith","player_choice":"Forge","floor":24.0,"gold_loss":0.0,"damage_taken":0.0,"cards_upgraded":["Inflame"]},{"damage_healed":0.0,"max_hp_gain":0.0,"max_hp_loss":0.0,"gold_gain":0.0,"event_name":"Tomb of Lord Red Mask","player_choice":"Paid","floor":46.0,"gold_loss":58.0,"damage_taken":0.0,"relics_obtained":["Red Mask"]}],"is_beta":false,"boss_relics":[{"not_picked":["Runic Dome","Tiny House"],"picked":"Velvet Choker"},{"not_picked":["Snecko Eye","Empty Cage"],"picked":"Eternal Feather"}],"items_purged_floors":[37],"is_endless":false,"potions_floor_spawned":[2,8,14,16,20,21,22,28,38,45,48],"ascension_level":5}