{"gold_per_floor":[109,109,209,225,79,104,104,136,189,189,189,200,150,225,225,329,329,341,341,341,341],"floor_reached":21,"playtime":1375,"items_purged":[],"score":281,"play_id":"45e871e9-e7d4-4c7f-8f0d-578f9292daac","local_time":"20190212011459","is_ascension_mode":true,"campfire_choices":[{"floor":7,"key":"REST"},{"floor":11,"key":"REST"},{"floor":15,"key":"REST"}],"neow_cost":"NONE","seed_source_timestamp":2638246371854509,"circlet_count":0,"master_deck":["Strike_R","Strike_R","Defend_R","Defend_R","Defend_R","Bash","Inflame","Warcry","Limit Break","Shockwave","Heavy Blade","Demon Form","Dropkick+1"],"relics":["Burning Blood","Lantern","Art of War","Ancient Tea Set","Strawberry","Empty Cage"],"potions_floor_usage":[12,16,18,21],"damage_taken":[{"damage":4,"enemies":"Jaw Worm","floor":1,"turns":4},{"damage":1,"enemies":"Cultist","floor":4,"turns":4},{"damage":50,"enemies":"3 Sentries","floor":6,"turns":11},{"damage":46,"enemies":"Lagavulin","floor":8,"turns":8},{"damage":0,"enemies":"Small Slimes","floor":12,"turns":3},{"damage":52,"enemies":"Slime Boss","floor":16,"turns":12},{"damage":50,"enemies":"Spheric Guardian","floor":18,"turns":6},{"damage":38,"enemies":"3 Byrds","floor":21,"turns":5}],"seed_played":"5460489822049950298","potions_obtained":[{"floor":1,"key":"SpeedPotion"},{"floor":6,"key":"SkillPotion"},{"floor":8,"key":"EssenceOfSteel"},{"floor":16,"key":"Energy Potion"}],"is_trial":false,"path_per_floor":["M","$","?","M","$","E","R","E","T","$","R","M","?","?","R","B",null,"M","?","?","M"],"character_chosen":"IRONCLAD","items_purchased":["Lantern"],"campfire_rested":3,"item_purchase_floors":[5],"current_hp_per_floor":[82,82,82,87,87,43,69,29,36,36,64,70,70,59,87,41,82,38,38,38,0],"gold":341,"neow_bonus":"TEN_PERCENT_HP_BONUS","is_prod":false,"is_daily":false,"chose_seed":false,"campfire_upgraded":0,"win_rate":0,"timestamp":1549962899,"path_taken":["M","$","?","M","$","E","R","E","T","$","R","?","?","?","R","BOSS","M","?","?","M"],"build_version":"2019-01-23","purchased_purges":0,"victory":false,"max_hp_per_floor":[88,88,88,88,88,88,88,88,95,95,95,95,95,95,95,95,95,95,95,95,95],"card_choices":[{"not_picked":["Wild Strike","Havoc"],"picked":"Inflame","floor":1},{"not_picked":["Power Through","Pummel"],"picked":"Warcry","floor":4},{"not_picked":["True Grit","Perfected Strike"],"picked":"Limit Break","floor":6},{"not_picked":["Perfected Strike","Havoc"],"picked":"Shockwave","floor":8},{"not_picked":["Clothesline","Flex"],"picked":"Heavy Blade","floor":12},{"not_picked":["Feed","Brutality"],"picked":"Demon Form","floor":16},{"not_picked":["Metallicize","Pummel"],"picked":"Dropkick+1","floor":18}],"player_experience":367858,"relics_obtained":[{"floor":6,"key":"Art of War"},{"floor":8,"key":"Ancient Tea Set"},{"floor":9,"key":"Strawberry"}],"event_choices":[{"damage_healed":0,"gold_gain":100,"player_choice":"Pray","damage_taken":0,"max_hp_gain":0,"max_hp_loss":0,"event_name":"Golden Shrine","floor":3,"gold_loss":0},{"cards_removed":["Strike_R"],"damage_healed":0,"gold_gain":0,"player_choice":"Card Removal","damage_taken":0,"max_hp_gain":0,"max_hp_loss":0,"event_name":"The Cleric","floor":13,"gold_loss":50},{"damage_healed":0,"gold_gain":75,"player_choice":"Gather Gold","damage_taken":11,"max_hp_gain":0,"max_hp_loss":0,"event_name":"World of Goop","floor":14,"gold_loss":0},{"cards_removed":["Strike_R"],"damage_healed":0,"gold_gain":0,"player_choice":"Elegance","damage_taken":0,"max_hp_gain":0,"max_hp_loss":0,"event_name":"Back to Basics","floor":19,"gold_loss":0},{"damage_healed":0,"gold_gain":0,"player_choice":"Ignored","damage_taken":0,"max_hp_gain":0,"max_hp_loss":0,"event_name":"Vampires","floor":20,"gold_loss":0}],"is_beta":false,"boss_relics":[{"not_picked":["Black Blood","Philosopher\u0027s Stone"],"picked":"Empty Cage"}],"items_purged_floors":[],"is_endless":false,"potions_floor_spawned":[1,6,8,16],"killed_by":"3 Byrds","ascension_level":8}