{"gold_per_floor":[369,114,79,154,154,199,211,293,305,357,174,207,265,283,283,358,358,374,392,426,460,460],"floor_reached":22,"playtime":636,"items_purged":["Decay"],"score":366,"play_id":"cabc860d-8d1d-486b-8115-332f63b88cbc","local_time":"20190202140125","is_ascension_mode":true,"campfire_choices":[{"floor":7,"key":"REST"},{"floor":15,"key":"REST"}],"neow_cost":"CURSE","seed_source_timestamp":1043717429541743,"circlet_count":0,"master_deck":["AscendersBane","Strike_B","Strike_B","Strike_B","Defend_B","Defend_B","Defend_B","Defend_B","Zap","Dualcast","Leap","HandOfGreed","Defragment","Coolheaded","Cold Snap+1","Rip and Tear+1","Doom and Gloom+1","Leap","Biased Cognition","Ball Lightning+1","Conserve Battery+1","Beam Cell+1"],"relics":["Cracked Core","MawBank","Lantern","Molten Egg 2","Cursed Key"],"potions_floor_usage":[11,16,21],"damage_taken":[{"damage":7,"enemies":"2 Louse","floor":1,"turns":3},{"damage":28,"enemies":"Lagavulin","floor":6,"turns":8},{"damage":41,"enemies":"3 Sentries","floor":8,"turns":9},{"damage":4,"enemies":"Small Slimes","floor":10,"turns":3},{"damage":0,"enemies":"Cultist","floor":12,"turns":2},{"damage":0,"enemies":"Large Slime","floor":13,"turns":5},{"damage":1,"enemies":"Blue Slaver","floor":14,"turns":3},{"damage":7,"enemies":"The Guardian","floor":16,"turns":11},{"damage":25,"enemies":"2 Thieves","floor":18,"turns":4},{"damage":0,"enemies":"Spheric Guardian","floor":19,"turns":3},{"damage":27,"enemies":"Shelled Parasite and Fungi","floor":20,"turns":5},{"damage":7,"enemies":"3 Cultists","floor":21,"turns":4},{"damage":8,"enemies":"Snake Plant","floor":22,"turns":1}],"seed_played":"4969998385489075993","potions_obtained":[{"floor":6,"key":"SpeedPotion"},{"floor":10,"key":"GamblersBrew"},{"floor":12,"key":"Poison Potion"},{"floor":16,"key":"FocusPotion"},{"floor":21,"key":"Strength Potion"}],"is_trial":false,"path_per_floor":["M","$","?","?","?","E","R","E","T","M","$","M","M","M","R","B",null,"M","M","M","M","M"],"character_chosen":"DEFECT","items_purchased":["HandOfGreed","Fruit Juice","Rip and Tear+1"],"campfire_rested":2,"item_purchase_floors":[2,11,11],"current_hp_per_floor":[57,57,71,60,60,32,53,12,12,8,13,13,13,12,34,27,64,39,39,12,5,0],"gold":460,"neow_bonus":"TWO_FIFTY_GOLD","is_prod":false,"is_daily":false,"chose_seed":false,"campfire_upgraded":0,"win_rate":0,"timestamp":1549108885,"path_taken":["M","$","?","?","?","E","R","E","T","?","$","M","M","M","R","BOSS","M","M","M","M","M"],"build_version":"2019-01-23","purchased_purges":1,"victory":false,"max_hp_per_floor":[71,71,71,71,71,71,71,71,71,71,76,76,76,76,76,76,76,76,76,76,76,76],"card_choices":[{"not_picked":["Chaos","Heatsinks"],"picked":"Leap","floor":1},{"not_picked":["Rebound","Ball Lightning"],"picked":"Defragment","floor":6},{"not_picked":["Blizzard","Stack"],"picked":"Coolheaded","floor":8},{"not_picked":["Redo","Streamline+1"],"picked":"Cold Snap+1","floor":10},{"not_picked":["Streamline+1","Turbo","Gash+1"],"picked":"SKIP","floor":12},{"not_picked":["Compile Driver+1","Ball Lightning+1"],"picked":"Doom and Gloom+1","floor":13},{"not_picked":["Steam","Turbo"],"picked":"Leap","floor":14},{"not_picked":["Machine Learning","Fission"],"picked":"Biased Cognition","floor":16},{"not_picked":["Barrage+1","Gash+1"],"picked":"Ball Lightning+1","floor":18},{"not_picked":["Turbo","Steam","Fusion"],"picked":"SKIP","floor":19},{"not_picked":["Go for the Eyes+1","Beam Cell+1"],"picked":"Conserve Battery+1","floor":20},{"not_picked":["Sweeping Beam+1","Streamline+1"],"picked":"Beam Cell+1","floor":21}],"player_experience":172040,"relics_obtained":[{"floor":6,"key":"MawBank"},{"floor":8,"key":"Lantern"},{"floor":9,"key":"Molten Egg 2"}],"event_choices":[{"damage_healed":17,"gold_gain":0,"player_choice":"Healed","damage_taken":0,"max_hp_gain":0,"max_hp_loss":0,"event_name":"The Cleric","floor":3,"gold_loss":35},{"damage_healed":0,"gold_gain":75,"player_choice":"Gather Gold","damage_taken":11,"max_hp_gain":0,"max_hp_loss":0,"event_name":"World of Goop","floor":4,"gold_loss":0},{"cards_removed":["Strike_B"],"damage_healed":0,"gold_gain":0,"player_choice":"Purged","damage_taken":0,"max_hp_gain":0,"max_hp_loss":0,"event_name":"Purifier","floor":5,"gold_loss":0}],"is_beta":false,"boss_relics":[{"not_picked":["Nuclear Battery","Runic Pyramid"],"picked":"Cursed Key"}],"items_purged_floors":[2],"is_endless":false,"potions_floor_spawned":[6,10,12,16,21],"killed_by":"Snake Plant","ascension_level":17}