{"gold_per_floor":[110,210,230,230,248,267,283,283,283,301,317,331,146,146,146,250,250,263,277,296,296],"floor_reached":21,"playtime":3066,"items_purged":[],"score":177,"play_id":"8b2c12e0-c3b0-43a9-8363-afbdc5c02a0e","local_time":"20181104045131","is_ascension_mode":false,"campfire_choices":[{"data":"Anger","floor":8,"key":"SMITH"},{"data":"Discovery","floor":15,"key":"SMITH"}],"neow_cost":"","seed_source_timestamp":542020426586719,"circlet_count":0,"master_deck":["Strike_R","Strike_R","Strike_R","Defend_R","Defend_R","Defend_R","Defend_R","Bash+1","Shrug It Off","Headbutt","Anger+1","Pommel Strike","Thunderclap","Warcry","Shrug It Off","Burning Pact","Headbutt","Whirlwind","Discovery+1","Demon Form","Bloodletting","Warcry+1","Infernal Blade"],"relics":["Burning Blood","Bird Faced Urn","Molten Egg 2","Empty Cage"],"potions_floor_usage":[16,16,20,20,20],"damage_taken":[{"damage":0,"enemies":"2 Louse","floor":1,"turns":4},{"damage":4,"enemies":"Cultist","floor":3,"turns":6},{"damage":0,"enemies":"Small Slimes","floor":5,"turns":2},{"damage":13,"enemies":"Exordium Thugs","floor":6,"turns":6},{"damage":0,"enemies":"Exordium Wildlife","floor":7,"turns":3},{"damage":6,"enemies":"Large Slime","floor":10,"turns":5},{"damage":6,"enemies":"Lots of Slimes","floor":11,"turns":4},{"damage":7,"enemies":"Blue Slaver","floor":12,"turns":2},{"damage":61,"enemies":"The Guardian","floor":16,"turns":8},{"damage":23,"enemies":"Shell Parasite","floor":18,"turns":8},{"damage":35,"enemies":"3 Byrds","floor":19,"turns":5},{"damage":32,"enemies":"Sentry and Sphere","floor":20,"turns":5},{"damage":15,"enemies":"Snake Plant","floor":21,"turns":2}],"seed_played":"-3267761076963194773","potions_obtained":[{"floor":3,"key":"SteroidPotion"},{"floor":7,"key":"Strength Potion"},{"floor":11,"key":"LiquidBronze"},{"floor":12,"key":"Fire Potion"},{"floor":16,"key":"Weak Potion"},{"floor":18,"key":"Dexterity Potion"}],"is_trial":false,"path_per_floor":["M","?","M","?","M","M","M","R","T","M","M","M","$","T","R","B",null,"M","M","M","M"],"character_chosen":"IRONCLAD","items_purchased":["Headbutt","Whirlwind","Discovery"],"campfire_rested":0,"item_purchase_floors":[13,13,13],"current_hp_per_floor":[80,80,80,80,80,73,79,79,79,79,79,78,78,78,78,25,80,63,38,14,0],"gold":296,"neow_bonus":"","is_prod":false,"is_daily":false,"chose_seed":false,"campfire_upgraded":2,"win_rate":0.0,"timestamp":1541325091,"path_taken":["M","?","?","?","M","M","M","R","T","M","M","M","$","?","R","BOSS","M","M","M","M"],"build_version":"2018-11-01","purchased_purges":0,"victory":false,"max_hp_per_floor":[80,80,80,80,80,80,80,80,80,80,80,80,80,80,80,80,80,80,80,80,80],"card_choices":[{"not_picked":["Twin Strike","Ghostly Armor"],"picked":"Shrug It Off","floor":1},{"not_picked":["Iron Wave","Perfected Strike"],"picked":"Headbutt","floor":3},{"not_picked":["True Grit","Clash"],"picked":"Anger","floor":5},{"not_picked":["Clothesline","Cleave"],"picked":"Pommel Strike","floor":6},{"not_picked":["Dark Embrace","Headbutt"],"picked":"Thunderclap","floor":7},{"not_picked":["Flex","Clothesline"],"picked":"Warcry","floor":10},{"not_picked":["Iron Wave","Twin Strike"],"picked":"Shrug It Off","floor":11},{"not_picked":["Shrug It Off","Flex"],"picked":"Burning Pact","floor":12},{"not_picked":["Juggernaut","Double Tap"],"picked":"Demon Form","floor":16},{"not_picked":["Armaments","Clothesline+1"],"picked":"Bloodletting","floor":18},{"not_picked":["Twin Strike+1","Entrench"],"picked":"Warcry+1","floor":19},{"not_picked":["Thunderclap+1","Entrench+1"],"picked":"Infernal Blade","floor":20}],"player_experience":0,"relics_obtained":[{"floor":9,"key":"Bird Faced Urn"},{"floor":14,"key":"Molten Egg 2"}],"event_choices":[{"damage_healed":0,"gold_gain":100,"player_choice":"Pray","damage_taken":0,"max_hp_gain":0,"max_hp_loss":0,"event_name":"Golden Shrine","floor":2,"gold_loss":0},{"damage_healed":0,"gold_gain":0,"player_choice":"Grow","damage_taken":0,"max_hp_gain":0,"max_hp_loss":0,"event_name":"Living Wall","floor":4,"gold_loss":0,"cards_upgraded":["Bash"]}],"is_beta":false,"boss_relics":[{"not_picked":["Busted Crown","Mark of Pain"],"picked":"Empty Cage"}],"items_purged_floors":[],"is_endless":false,"potions_floor_spawned":[3,7,11,12,16,18],"killed_by":"Snake Plant","ascension_level":0}