{"gold_per_floor":[119,119,135,135,135,168,168,183,183,183,193,206,206,219,219,318,318,333,343,258,278,0,0,0,18,99,24,24,24],"floor_reached":29,"playtime":6900,"items_purged":["Strike_B"],"score":275,"play_id":"be242a6f-ebd3-472e-99c6-b7c42cceab83","local_time":"20190215193117","is_ascension_mode":false,"campfire_choices":[{"data":"Zap","floor":7,"key":"SMITH"},{"floor":10,"key":"REST"},{"data":"Rebound","floor":15,"key":"SMITH"},{"floor":23,"key":"REST"},{"floor":28,"key":"REST"}],"neow_cost":"NONE","seed_source_timestamp":0,"circlet_count":0,"master_deck":["Strike_B","Strike_B","Strike_B","Defend_B","Defend_B","Defend_B","Defend_B","Zap+1","Dualcast","Go for the Eyes","Gash","Sunder","Darkness","Leap","FTL","Rebound+1","Electrodynamics","Double Energy+1","Gash","Rebound+1","Gash","Rebound"],"special_seed":0,"relics":["Cracked Core","Boot","Strawberry","Gremlin Horn","Inserter","Ice Cream","Molten Egg 2"],"potions_floor_usage":[16,16,16,25],"damage_taken":[{"damage":0.0,"enemies":"2 Louse","floor":1.0,"turns":2.0},{"damage":1.0,"enemies":"Jaw Worm","floor":3.0,"turns":3.0},{"damage":31.0,"enemies":"Lagavulin","floor":6.0,"turns":5.0},{"damage":0,"enemies":"Small Slimes","floor":8,"turns":3},{"damage":0,"enemies":"3 Louse","floor":11,"turns":2},{"damage":7,"enemies":"Blue Slaver","floor":12,"turns":3},{"damage":0,"enemies":"2 Fungi Beasts","floor":14,"turns":3},{"damage":0,"enemies":"Slime Boss","floor":16,"turns":6},{"damage":15,"enemies":"Shell Parasite","floor":18,"turns":5},{"damage":22,"enemies":"Chosen","floor":19,"turns":5},{"damage":32,"enemies":"Snake Plant","floor":21,"turns":4},{"damage":27,"enemies":"Centurion and Healer","floor":25,"turns":6},{"damage":46,"enemies":"Cultist and Chosen","floor":29,"turns":5}],"seed_played":"-4506882338552513289","potions_obtained":[{"floor":1.0,"key":"GamblersBrew"},{"floor":3.0,"key":"EssenceOfSteel"},{"floor":11,"key":"SkillPotion"},{"floor":21,"key":"Ancient Potion"}],"is_trial":false,"path_per_floor":["M","?","M","T","?","E","R","M","T","R","M","M","?","M","R","B",null,"M","M","?","M","?","R","?","M","T","$","R","M"],"character_chosen":"DEFECT","items_purchased":[],"campfire_rested":3,"item_purchase_floors":[],"current_hp_per_floor":[75,80,79,79,79,55,55,55,55,81,81,74,74,74,74,74,87,72,50,50,18,18,44,44,17,17,17,43,0],"gold":24,"neow_bonus":"ONE_RANDOM_RARE_CARD","is_prod":false,"is_daily":false,"chose_seed":false,"campfire_upgraded":2,"win_rate":0,"timestamp":1550277077,"path_taken":["M","?","M","?","?","E","R","M","T","R","M","M","?","M","R","BOSS","M","M","?","M","?","R","?","?","T","$","R","M"],"build_version":"2019-01-23","purchased_purges":1,"victory":false,"max_hp_per_floor":[75,80,80,80,80,87,87,87,87,87,87,87,87,87,87,87,87,87,87,87,87,87,87,87,87,87,87,87,87],"card_choices":[{"not_picked":["Lockon","Storm"],"picked":"Go for the Eyes","floor":1.0},{"not_picked":["Glacier","Streamline"],"picked":"Gash","floor":3.0},{"not_picked":["Conserve Battery","Reinforced Body"],"picked":"Darkness","floor":6.0},{"not_picked":["Thunder Strike","Coolheaded"],"picked":"Leap","floor":8},{"not_picked":["Go for the Eyes","Stack"],"picked":"FTL","floor":11},{"not_picked":["Cold Snap","Streamline"],"picked":"Rebound","floor":12},{"not_picked":["Self Repair","Compile Driver"],"picked":"Electrodynamics","floor":14},{"not_picked":["Steam","Reinforced Body"],"picked":"Double Energy+1","floor":18},{"not_picked":["Ball Lightning+1","Auto Shields+1"],"picked":"Gash","floor":19},{"not_picked":["Force Field","Hologram+1"],"picked":"Rebound+1","floor":21},{"not_picked":["Tempest","Leap"],"picked":"Rebound","floor":25}],"player_experience":100103,"relics_obtained":[{"floor":4.0,"key":"Boot"},{"floor":6.0,"key":"Strawberry"},{"floor":9,"key":"Gremlin Horn"},{"floor":26,"key":"Molten Egg 2"}],"event_choices":[{"damage_healed":0.0,"max_hp_gain":5.0,"max_hp_loss":0.0,"gold_gain":0.0,"event_name":"Big Fish","player_choice":"Donut","floor":2.0,"gold_loss":0.0,"damage_taken":0.0},{"damage_healed":0.0,"max_hp_gain":0.0,"max_hp_loss":0.0,"gold_gain":0.0,"cards_transformed":["Echo Form"],"event_name":"Living Wall","player_choice":"Change","floor":5.0,"gold_loss":0.0,"damage_taken":0.0,"cards_obtained":["Sunder"]},{"damage_healed":0,"gold_gain":0,"player_choice":"Leave","damage_taken":0,"max_hp_gain":0,"max_hp_loss":0,"event_name":"The Cleric","floor":13,"gold_loss":0},{"damage_healed":0,"gold_gain":0,"player_choice":"Obtained Relic","damage_taken":0,"relics_obtained":["Ice Cream"],"max_hp_gain":0,"max_hp_loss":0,"event_name":"Addict","floor":20,"gold_loss":85},{"damage_healed":0,"gold_gain":0,"player_choice":"Paid Fearfully","damage_taken":0,"max_hp_gain":0,"max_hp_loss":0,"event_name":"Masked Bandits","floor":22,"gold_loss":278},{"damage_healed":0,"gold_gain":0,"player_choice":"Copied","damage_taken":0,"max_hp_gain":0,"max_hp_loss":0,"event_name":"Duplicator","floor":24,"gold_loss":0,"cards_obtained":["Gash"]}],"is_beta":false,"boss_relics":[{"not_picked":["Eternal Feather","Runic Pyramid"],"picked":"Inserter"}],"items_purged_floors":[27],"is_endless":false,"potions_floor_spawned":[1,3,11,12,21],"killed_by":"Cultist and Chosen","ascension_level":0}