{"gold_per_floor":[113,113,63,63,63,98,124,143,225,300,325,325,325,366,366,495,495,516,516,516,531,555,555,599,599,624,624],"floor_reached":27,"playtime":1348,"items_purged":[],"score":341,"play_id":"1992e4f9-b414-4f2c-a4f8-4fd433271798","local_time":"20190216030017","is_ascension_mode":true,"campfire_choices":[{"floor":12.0,"key":"REST"},{"floor":15.0,"key":"REST"},{"floor":23.0,"key":"REST"},{"floor":25,"key":"REST"}],"neow_cost":"NONE","seed_source_timestamp":61391783354800,"circlet_count":0,"master_deck":["Strike_B","Strike_B+1","Strike_B","Defend_B","Defend_B","Defend_B","Defend_B","Zap+1","Dualcast","Hologram","Regret","Cold Snap","Blizzard","Self Repair","Cold Snap","Electrodynamics","Cold Snap","Writhe","Undo","Consume","Defragment","Conserve Battery+1"],"special_seed":0,"relics":["FrozenCore","NeowsBlessing","Juzu Bracelet","Golden Idol","Blue Candle","Bag of Marbles","Tiny Chest","Dream Catcher","Vajra","Du-Vu Doll","Strawberry"],"potions_floor_usage":[24,24],"damage_taken":[{"damage":0.0,"enemies":"Small Slimes","floor":1.0,"turns":1.0},{"damage":0.0,"enemies":"Gremlin Nob","floor":6.0,"turns":1.0},{"damage":0.0,"enemies":"2 Louse","floor":8.0,"turns":1.0},{"damage":3.0,"enemies":"Jaw Worm","floor":11.0,"turns":3.0},{"damage":33.0,"enemies":"3 Sentries","floor":14.0,"turns":7.0},{"damage":23.0,"enemies":"The Guardian","floor":16.0,"turns":13.0},{"damage":22.0,"enemies":"Shell Parasite","floor":18.0,"turns":11.0},{"damage":13.0,"enemies":"3 Byrds","floor":21.0,"turns":5.0},{"damage":51.0,"enemies":"3 Cultists","floor":22.0,"turns":5.0},{"damage":32,"enemies":"Gremlin Leader","floor":24,"turns":8},{"damage":43,"enemies":"Book of Stabbing","floor":27,"turns":5}],"seed_played":"8802640871527135656","potions_obtained":[{"floor":6.0,"key":"FearPotion"},{"floor":8.0,"key":"AttackPotion"},{"floor":22.0,"key":"AttackPotion"},{"floor":24,"key":"FocusPotion"}],"is_trial":false,"path_per_floor":["M","?","?","?","?","E","T","M","T","?","M","R","?","E","R","B",null,"M","?","?","M","M","R","E","R","T","E"],"character_chosen":"DEFECT","items_purchased":[],"campfire_rested":4,"item_purchase_floors":[],"current_hp_per_floor":[68,53,53,53,35,35,35,35,35,24,21,43,43,10,32,16,60,45,45,70,57,13,35,10,32,39,0],"gold":624,"neow_bonus":"THREE_ENEMY_KILL","is_prod":false,"is_daily":false,"chose_seed":false,"campfire_upgraded":0,"win_rate":0,"timestamp":1550282417,"path_taken":["M","?","?","?","?","E","?","M","T","?","M","R","?","E","R","BOSS","M","?","?","M","M","R","E","R","T","E"],"build_version":"2019-01-23","purchased_purges":0,"victory":false,"max_hp_per_floor":[75,75,75,75,75,75,75,75,75,75,75,75,75,75,75,75,75,75,75,75,75,75,75,75,75,82,82],"card_choices":[{"not_picked":["Scrape","Stack"],"picked":"Hologram","floor":1.0},{"not_picked":["Hologram","Turbo"],"picked":"Cold Snap","floor":6.0},{"not_picked":["Stack","Redo"],"picked":"Blizzard","floor":8.0},{"not_picked":["Gash","Double Energy","Rip and Tear"],"picked":"SKIP","floor":11.0},{"not_picked":["Beam Cell","Hologram"],"picked":"Self Repair","floor":14.0},{"not_picked":["Steam Power","Streamline"],"picked":"Cold Snap","floor":15.0},{"not_picked":["Meteor Strike","Fission"],"picked":"Electrodynamics","floor":16.0},{"not_picked":["BootSequence+1","Compile Driver"],"picked":"Cold Snap","floor":18.0},{"not_picked":["Static Discharge","Conserve Battery"],"picked":"Undo","floor":21.0},{"not_picked":["Turbo","Leap"],"picked":"Consume","floor":22.0},{"not_picked":["Steam","Recycle"],"picked":"Defragment","floor":23.0},{"not_picked":["Skim","Sweeping Beam+1"],"picked":"Conserve Battery+1","floor":24}],"player_experience":205795,"relics_obtained":[{"floor":6.0,"key":"Blue Candle"},{"floor":7.0,"key":"Bag of Marbles"},{"floor":9.0,"key":"Tiny Chest"},{"floor":14.0,"key":"Dream Catcher"},{"floor":24,"key":"Du-Vu Doll"},{"floor":26,"key":"Strawberry"}],"event_choices":[{"damage_healed":0.0,"max_hp_gain":0.0,"max_hp_loss":0.0,"gold_gain":0.0,"event_name":"Shining Light","player_choice":"Entered Light","floor":2.0,"gold_loss":0.0,"damage_taken":15.0,"cards_upgraded":["Zap","Strike_B"]},{"cards_removed":["Strike_B"],"damage_healed":0.0,"max_hp_gain":0.0,"max_hp_loss":0.0,"gold_gain":0.0,"event_name":"The Cleric","player_choice":"Card Removal","floor":3.0,"gold_loss":50.0,"damage_taken":0.0},{"damage_healed":0.0,"max_hp_gain":0.0,"max_hp_loss":0.0,"gold_gain":0.0,"event_name":"Big Fish","player_choice":"Box","floor":4.0,"gold_loss":0.0,"damage_taken":0.0,"relics_obtained":["Juzu Bracelet"],"cards_obtained":["Regret"]},{"damage_healed":0.0,"max_hp_gain":0.0,"max_hp_loss":0.0,"gold_gain":0.0,"event_name":"Golden Idol","player_choice":"Take Damage","floor":5.0,"gold_loss":0.0,"damage_taken":18.0,"relics_obtained":["Golden Idol"]},{"damage_healed":0.0,"max_hp_gain":0.0,"max_hp_loss":0.0,"gold_gain":75.0,"event_name":"World of Goop","player_choice":"Gather Gold","floor":10.0,"gold_loss":0.0,"damage_taken":11.0},{"damage_healed":0.0,"max_hp_gain":0.0,"max_hp_loss":0.0,"gold_gain":0.0,"event_name":"The Woman in Blue","player_choice":"Bought 0 Potions","floor":13.0,"gold_loss":0.0,"damage_taken":0.0},{"damage_healed":0.0,"max_hp_gain":0.0,"max_hp_loss":0.0,"gold_gain":0.0,"event_name":"The Mausoleum","player_choice":"Opened","floor":19.0,"gold_loss":0.0,"damage_taken":0.0,"relics_obtained":["Vajra"],"cards_obtained":["Writhe"]},{"damage_healed":25.0,"max_hp_gain":0.0,"max_hp_loss":0.0,"gold_gain":0.0,"event_name":"The Library","player_choice":"Heal","floor":20.0,"gold_loss":0.0,"damage_taken":0.0}],"is_beta":false,"boss_relics":[{"not_picked":["Sozu","Eternal Feather"],"picked":"FrozenCore"}],"items_purged_floors":[],"is_endless":false,"potions_floor_spawned":[6,8,22,24],"killed_by":"Book of Stabbing","ascension_level":6}