{"gold_per_floor":[119,134,134,147,165,165,165,200,200,200,200,218,218,252,252,348,348,359,359,274,48,66,66,77,106,161,186,186,111,111,121,121,121],"floor_reached":33,"playtime":2558,"items_purged":["Strike_G"],"score":381,"play_id":"fee6aa90-a7a1-4342-bf2e-abdcc8d82dac","local_time":"20190128223317","is_ascension_mode":true,"campfire_choices":[{"floor":6,"key":"REST"},{"floor":10,"key":"REST"},{"floor":13,"key":"REST"},{"floor":15,"key":"REST"},{"floor":23,"key":"REST"},{"floor":28,"key":"REST"},{"floor":32,"key":"REST"}],"neow_cost":"NONE","seed_source_timestamp":1417752908953811,"circlet_count":0,"master_deck":["Defend_G+1","Defend_G","Defend_G","Defend_G","Strike_G","Strike_G","Strike_G+1","Survivor","Neutralize","Dagger Throw","Cloak And Dagger","Poisoned Stab","Infinite Blades","PiercingWail","Backstab","Accuracy","Adrenaline","Poisoned Stab","Slice+1","Quick Slash","Deflect","Leg Sweep+1"],"relics":["Fusion Hammer","Paper Crane","Thread and Needle","Ice Cream","Lizard Tail","Ancient Tea Set","Pear","Snake Skull","Bottled Flame","Bag of Preparation","Tough Bandages"],"potions_floor_usage":[16,16,18,24,27],"damage_taken":[{"damage":5,"enemies":"2 Louse","floor":1,"turns":4},{"damage":0,"enemies":"Cultist","floor":2,"turns":3},{"damage":7,"enemies":"Jaw Worm","floor":4,"turns":2},{"damage":11,"enemies":"Large Slime","floor":5,"turns":5},{"damage":15,"enemies":"Lagavulin","floor":8,"turns":7},{"damage":0,"enemies":"2 Fungi Beasts","floor":12,"turns":3},{"damage":6,"enemies":"3 Sentries","floor":14,"turns":7},{"damage":39,"enemies":"The Guardian","floor":16,"turns":13},{"damage":0,"enemies":"2 Thieves","floor":18,"turns":4},{"damage":15,"enemies":"Spheric Guardian","floor":22,"turns":4},{"damage":7,"enemies":"Centurion and Healer","floor":24,"turns":5},{"damage":85,"enemies":"Slavers","floor":25,"turns":8},{"damage":20,"enemies":"Book of Stabbing","floor":27,"turns":6},{"damage":0,"enemies":"Snake Plant","floor":31,"turns":4},{"damage":63,"enemies":"Automaton","floor":33,"turns":8}],"seed_played":"-523848883020702010","potions_obtained":[{"floor":2,"key":"GamblersBrew"},{"floor":14,"key":"Swift Potion"},{"floor":16,"key":"SkillPotion"},{"floor":22,"key":"SteroidPotion"},{"floor":25,"key":"Swift Potion"}],"is_trial":false,"path_per_floor":["M","M","?","M","M","R","$","E","T","R","?","M","R","E","R","B",null,"M","?","?","$","M","R","M","E","T","E","R","?","$","M","R","B"],"character_chosen":"THE_SILENT","items_purchased":["Snake Skull"],"campfire_rested":7,"item_purchase_floors":[21],"current_hp_per_floor":[58,58,58,51,40,61,61,46,46,67,53,53,70,64,70,31,60,60,60,70,70,55,79,72,30,30,10,34,34,34,34,58,0],"gold":121,"neow_bonus":"BOSS_RELIC","is_prod":false,"is_daily":false,"chose_seed":false,"campfire_upgraded":0,"win_rate":0,"timestamp":1548743597,"path_taken":["M","M","?","M","?","R","$","E","T","R","?","M","R","E","R","BOSS","M","?","?","?","M","R","?","E","T","E","R","?","$","M","R","BOSS"],"build_version":"2019-01-23","purchased_purges":1,"victory":false,"max_hp_per_floor":[70,70,70,70,70,70,70,70,70,70,70,70,70,70,70,70,70,70,70,80,80,80,80,80,80,80,80,80,80,80,80,80,80],"card_choices":[{"not_picked":["Acrobatics","Dodge and Roll"],"picked":"Dagger Throw","floor":1},{"not_picked":["Expertise","Sucker Punch"],"picked":"Cloak And Dagger","floor":2},{"not_picked":["Concentrate","Prepared"],"picked":"Poisoned Stab","floor":4},{"not_picked":["Heel Hook","Skewer"],"picked":"Infinite Blades","floor":5},{"not_picked":["Tactician","Escape Plan"],"picked":"PiercingWail","floor":8},{"not_picked":["PiercingWail","Deadly Poison"],"picked":"Backstab","floor":12},{"not_picked":["Endless Agony","Eviscerate"],"picked":"Accuracy","floor":14},{"not_picked":["Storm of Steel","Glass Knife"],"picked":"Adrenaline","floor":16},{"not_picked":["Slice+1","Sucker Punch+1"],"picked":"Poisoned Stab","floor":18},{"not_picked":["Tactician","Dash"],"picked":"Slice+1","floor":22},{"not_picked":["Slice","Underhanded Strike"],"picked":"Quick Slash","floor":24},{"not_picked":["Escape Plan","Flying Knee"],"picked":"Deflect","floor":25},{"not_picked":["Deflect","Slice+1"],"picked":"Leg Sweep+1","floor":27},{"not_picked":["Infinite Blades","Deflect","Tactician+1"],"picked":"SKIP","floor":31}],"player_experience":229195,"relics_obtained":[{"floor":8,"key":"Paper Crane"},{"floor":9,"key":"Thread and Needle"},{"floor":14,"key":"Ice Cream"},{"floor":25,"key":"Bottled Flame"},{"floor":26,"key":"Bag of Preparation"},{"floor":27,"key":"Tough Bandages"}],"event_choices":[{"cards_removed":["Defend_G"],"damage_healed":0,"gold_gain":0,"player_choice":"Card Removal","damage_taken":0,"max_hp_gain":0,"max_hp_loss":0,"event_name":"Wheel of Change","floor":3,"gold_loss":0},{"damage_healed":0,"gold_gain":0,"player_choice":"Entered Light","damage_taken":14,"max_hp_gain":0,"max_hp_loss":0,"event_name":"Shining Light","floor":11,"gold_loss":0,"cards_upgraded":["Defend_G","Strike_G"]},{"damage_healed":0,"gold_gain":0,"player_choice":"Opened","damage_taken":0,"relics_obtained":["Ancient Tea Set"],"max_hp_gain":0,"max_hp_loss":0,"event_name":"The Mausoleum","floor":19,"gold_loss":0},{"damage_healed":0,"gold_gain":0,"player_choice":"Obtained Relic","damage_taken":0,"relics_obtained":["Pear"],"max_hp_gain":0,"max_hp_loss":0,"event_name":"Addict","floor":20,"gold_loss":85},{"cards_removed":["Strike_G"],"damage_healed":0,"gold_gain":0,"player_choice":"Gave Gold","damage_taken":0,"max_hp_gain":0,"max_hp_loss":0,"event_name":"Beggar","floor":29,"gold_loss":75}],"is_beta":false,"boss_relics":[{"not_picked":["Astrolabe","Calling Bell"],"picked":"Lizard Tail"}],"items_purged_floors":[21],"is_endless":false,"potions_floor_spawned":[2,14,16,22,25],"killed_by":"Automaton","ascension_level":6}