{"gold_per_floor":[117,133,133,133,133,133,159,159,211,236,255,330,360,379,379,477,477,488,506,596,614,614,614,646,561,584,584],"floor_reached":27,"playtime":1978,"items_purged":[],"score":274,"play_id":"3dcaade4-038d-4847-b2cc-1de7b6281766","local_time":"20190114222929","is_ascension_mode":true,"campfire_choices":[{"floor":6,"key":"REST"},{"data":"Zap","floor":8,"key":"SMITH"},{"floor":15,"key":"REST"},{"floor":23,"key":"REST"}],"neow_cost":"PERCENT_DAMAGE","seed_source_timestamp":208504281182151,"circlet_count":0,"master_deck":["Strike_B","Strike_B","Strike_B","Defend_B","Defend_B","Defend_B","Defend_B","Zap+1","Dualcast","Finesse","Beam Cell","Cold Snap","Doom and Gloom","Gash","Sunder","Genetic Algorithm","Streamline","Echo Form","Gash","Sweeping Beam","Chaos+1","Gash"],"relics":["Cracked Core","Dead Branch","Letter Opener","Strawberry","Ancient Tea Set","Blue Candle","Philosopher\u0027s Stone","Nunchaku","The Courier","Smiling Mask"],"potions_floor_usage":[13,13,13,21,27],"damage_taken":[{"damage":5,"enemies":"Jaw Worm","floor":1,"turns":4},{"damage":0,"enemies":"2 Louse","floor":2,"turns":2},{"damage":16,"enemies":"3 Sentries","floor":7,"turns":5},{"damage":26,"enemies":"Gremlin Nob","floor":10,"turns":4},{"damage":2,"enemies":"Cultist","floor":11,"turns":3},{"damage":17,"enemies":"Lagavulin","floor":13,"turns":6},{"damage":4,"enemies":"Looter","floor":14,"turns":3},{"damage":25,"enemies":"The Guardian","floor":16,"turns":12},{"damage":22,"enemies":"Chosen","floor":18,"turns":5},{"damage":10,"enemies":"2 Thieves","floor":19,"turns":3},{"damage":11,"enemies":"Snecko","floor":21,"turns":4},{"damage":48,"enemies":"Slavers","floor":24,"turns":4},{"damage":15,"enemies":"Centurion and Healer","floor":27,"turns":1}],"seed_played":"-4039554040331548455","potions_obtained":[{"floor":7,"key":"GamblersBrew"},{"floor":10,"key":"SpeedPotion"},{"floor":11,"key":"Ancient Potion"},{"floor":16,"key":"Strength Potion"},{"floor":19,"key":"SkillPotion"}],"is_trial":false,"path_per_floor":["M","M","?","?","?","R","E","R","T","E","M","?","E","M","R","B",null,"M","M","?","M","?","R","E","?","T","M"],"character_chosen":"DEFECT","items_purchased":[],"campfire_rested":3,"item_purchase_floors":[],"current_hp_per_floor":[49,49,54,54,54,78,62,62,69,43,41,30,13,9,35,10,87,65,55,39,28,28,54,6,6,6,0],"gold":584,"neow_bonus":"RANDOM_COLORLESS_2","is_prod":false,"is_daily":false,"chose_seed":false,"campfire_upgraded":1,"win_rate":0,"timestamp":1547533769,"path_taken":["M","M","?","?","?","R","E","R","T","E","?","?","E","M","R","BOSS","M","M","?","?","?","R","E","?","T","M"],"build_version":"2019-01-10","purchased_purges":0,"victory":false,"max_hp_per_floor":[75,75,80,80,80,80,80,80,87,87,87,87,87,87,87,87,87,87,87,87,87,87,87,87,87,87,87],"card_choices":[{"not_picked":["Auto Shields","Steam"],"picked":"Beam Cell","floor":1},{"not_picked":["Reinforced Body","Streamline"],"picked":"Cold Snap","floor":2},{"not_picked":["Leap","Self Repair"],"picked":"Doom and Gloom","floor":7},{"not_picked":["Heatsinks","Consume"],"picked":"Gash","floor":10},{"not_picked":["Coolheaded","Glacier"],"picked":"Sunder","floor":11},{"not_picked":["Skim","Amplify"],"picked":"Genetic Algorithm","floor":13},{"not_picked":["Skim","Rebound"],"picked":"Streamline","floor":14},{"not_picked":["Amplify","Multi-Cast"],"picked":"Echo Form","floor":16},{"not_picked":["Barrage+1","Doom and Gloom"],"picked":"Gash","floor":18},{"not_picked":["Defragment","Rip and Tear"],"picked":"Sweeping Beam","floor":19},{"not_picked":["Heatsinks+1","Skim+1"],"picked":"Chaos+1","floor":21},{"not_picked":["Redo","Barrage"],"picked":"Gash","floor":24}],"player_experience":150719,"relics_obtained":[{"floor":7,"key":"Letter Opener"},{"floor":9,"key":"Strawberry"},{"floor":10,"key":"Ancient Tea Set"},{"floor":13,"key":"Blue Candle"},{"floor":24,"key":"Nunchaku"},{"floor":26,"key":"Smiling Mask"}],"event_choices":[{"damage_healed":0,"gold_gain":0,"player_choice":"Donut","damage_taken":0,"max_hp_gain":5,"max_hp_loss":0,"event_name":"Big Fish","floor":3,"gold_loss":0},{"damage_healed":0,"gold_gain":0,"player_choice":"Ignored","damage_taken":0,"max_hp_gain":0,"max_hp_loss":0,"event_name":"Golden Idol","floor":4,"gold_loss":0},{"cards_removed":["Purity"],"damage_healed":0,"gold_gain":0,"player_choice":"Gave Card","damage_taken":0,"relics_obtained":["Dead Branch"],"max_hp_gain":0,"max_hp_loss":0,"event_name":"WeMeetAgain","floor":5,"gold_loss":0},{"damage_healed":0,"gold_gain":75,"player_choice":"Gather Gold","damage_taken":11,"max_hp_gain":0,"max_hp_loss":0,"event_name":"World of Goop","floor":12,"gold_loss":0},{"damage_healed":0,"gold_gain":90,"player_choice":"GOLD ","damage_taken":16,"max_hp_gain":0,"max_hp_loss":0,"event_name":"Knowing Skull","floor":20,"potions_obtained":[],"gold_loss":0,"cards_obtained":[]},{"cards_removed":["Strike_B"],"damage_healed":0,"gold_gain":0,"player_choice":"Elegance","damage_taken":0,"max_hp_gain":0,"max_hp_loss":0,"event_name":"Back to Basics","floor":22,"gold_loss":0},{"damage_healed":0,"gold_gain":0,"player_choice":"Obtained Relic","damage_taken":0,"relics_obtained":["The Courier"],"max_hp_gain":0,"max_hp_loss":0,"event_name":"Addict","floor":25,"gold_loss":85}],"is_beta":false,"boss_relics":[{"not_picked":["White Beast Statue","Astrolabe"],"picked":"Philosopher\u0027s Stone"}],"items_purged_floors":[],"is_endless":false,"potions_floor_spawned":[7,10,11,16,19],"killed_by":"Centurion and Healer","ascension_level":2}