{"gold_per_floor":[116,126,137,25,38,63,82,82,82,102,102,102,102,118,118,246,246,269,292,6,20,20,51,64,64,64,64,98,117,132,59,59,179,179,204,222,555,568,367,367,383,383,407,407,22,32,44,61,61,61],"floor_reached":51,"playtime":2411,"items_purged":["Strike_G","Strike_G","Defend_G"],"score":1036,"play_id":"7cca31ce-0ad0-49b8-8769-744269e12c22","local_time":"20190224233820","is_ascension_mode":true,"campfire_choices":[{"data":"Neutralize","floor":8.0,"key":"SMITH"},{"floor":12.0,"key":"RECALL"},{"data":"Caltrops","floor":15.0,"key":"SMITH"},{"data":"Footwork","floor":25.0,"key":"SMITH"},{"floor":27.0,"key":"REST"},{"data":"Glass Knife","floor":32.0,"key":"SMITH"},{"floor":40.0,"key":"REST"},{"data":"Corpse Explosion","floor":42.0,"key":"SMITH"},{"floor":49,"key":"REST"}],"neow_cost":"NONE","seed_source_timestamp":36197591676475,"circlet_count":0,"master_deck":["Defend_G","Defend_G","Defend_G","Defend_G","Strike_G","Strike_G","Strike_G","Survivor","Neutralize+1","Corpse Explosion+1","Deadly Poison+1","Backflip","Caltrops+1","Dash","Crippling Poison+1","Prepared+1","Glass Knife+1","PiercingWail+1","Outmaneuver+1","Footwork+1","Dodge and Roll+1","Backflip+1","Dodge and Roll+1","Corpse Explosion+1","Burst+1","Riddle With Holes+1","Backstab+1"],"special_seed":0,"relics":["Ring of the Snake","FossilizedHelix","Toxic Egg 2","Busted Crown","Sling","FaceOfCleric","Smiling Mask","Darkstone Periapt","Calipers","Cursed Key","War Paint","Regal Pillow","Mercury Hourglass"],"potions_floor_usage":[50,50,50],"damage_taken":[{"damage":1.0,"enemies":"Cultist","floor":1.0,"turns":5.0},{"damage":2.0,"enemies":"2 Louse","floor":2.0,"turns":3.0},{"damage":2.0,"enemies":"Jaw Worm","floor":3.0,"turns":4.0},{"damage":3.0,"enemies":"Looter","floor":5.0,"turns":5.0},{"damage":22.0,"enemies":"Gremlin Nob","floor":6.0,"turns":5.0},{"damage":0.0,"enemies":"Exordium Thugs","floor":7.0,"turns":4.0},{"damage":0.0,"enemies":"Red Slaver","floor":10.0,"turns":3.0},{"damage":7.0,"enemies":"3 Louse","floor":14.0,"turns":3.0},{"damage":7.0,"enemies":"The Guardian","floor":16.0,"turns":11.0},{"damage":0.0,"enemies":"Shell Parasite","floor":18.0,"turns":5.0},{"damage":0.0,"enemies":"3 Byrds","floor":19.0,"turns":3.0},{"damage":0.0,"enemies":"3 Cultists","floor":21.0,"turns":3.0},{"damage":36.0,"enemies":"Slavers","floor":23.0,"turns":5.0},{"damage":0.0,"enemies":"Snecko","floor":24.0,"turns":5.0},{"damage":0.0,"enemies":"Book of Stabbing","floor":28.0,"turns":5.0},{"damage":0.0,"enemies":"Shelled Parasite and Fungi","floor":29.0,"turns":7.0},{"damage":0.0,"enemies":"3 Cultists","floor":30.0,"turns":3.0},{"damage":13.0,"enemies":"Collector","floor":33.0,"turns":13.0},{"damage":0.0,"enemies":"3 Shapes","floor":35.0,"turns":3.0},{"damage":12.0,"enemies":"3 Darklings","floor":36.0,"turns":4.0},{"damage":19.0,"enemies":"Sphere and 2 Shapes","floor":38.0,"turns":5.0},{"damage":0.0,"enemies":"4 Shapes","floor":41.0,"turns":3.0},{"damage":0,"enemies":"Writhing Mass","floor":46,"turns":6},{"damage":11,"enemies":"Maw","floor":47,"turns":7},{"damage":0,"enemies":"Sphere and 2 Shapes","floor":48,"turns":3},{"damage":0,"enemies":"Awakened One","floor":50,"turns":17}],"seed_played":"6975783491750694069","potions_obtained":[{"floor":1.0,"key":"SkillPotion"},{"floor":6.0,"key":"Explosive Potion"},{"floor":7.0,"key":"Weak Potion"},{"floor":10.0,"key":"PowerPotion"},{"floor":16.0,"key":"EssenceOfSteel"},{"floor":23.0,"key":"AttackPotion"},{"floor":24.0,"key":"SpeedPotion"},{"floor":29.0,"key":"LiquidBronze"},{"floor":38.0,"key":"SpeedPotion"},{"floor":46,"key":"PowerPotion"},{"floor":47,"key":"Dexterity Potion"}],"is_trial":false,"path_per_floor":["M","M","M","$","M","E","M","R","T","M","?","R","?","M","R","B",null,"M","M","$","M","?","E","M","R","T","R","E","M","M","$","R","B",null,"M","M","?","M","$","R","M","R","T","?","$","M","M","M","R","B",null],"character_chosen":"THE_SILENT","items_purchased":["Caltrops","Footwork","Sling","Dodge and Roll+1","War Paint","Mercury Hourglass","Burst+1"],"campfire_rested":3,"item_purchase_floors":[4,20,20,31,39,45,45],"current_hp_per_floor":[62,60,58,58,55,33,33,33,33,33,38,38,38,31,31,24,58,58,58,58,58,58,23,24,24,24,45,46,47,48,48,48,36,65,66,55,55,37,37,60,61,61,67,67,67,68,58,59,88,89],"gold":61,"neow_bonus":"ONE_RANDOM_RARE_CARD","is_prod":false,"is_daily":false,"chose_seed":false,"campfire_upgraded":5,"win_rate":0,"timestamp":1551044300,"path_taken":["M","M","M","$","?","E","?","R","T","M","?","R","?","M","R","BOSS","M","M","$","M","?","E","M","R","T","R","E","?","M","?","R","BOSS","M","M","?","M","$","R","M","R","T","?","$","?","?","M","R","BOSS"],"build_version":"2019-01-23","purchased_purges":3,"victory":true,"max_hp_per_floor":[70,70,70,70,70,70,70,70,70,70,75,75,69,69,69,69,69,69,69,69,69,69,70,71,71,71,71,72,73,74,74,74,75,75,76,77,77,78,78,78,79,79,85,85,85,86,87,88,88,89],"card_choices":[{"not_picked":["Finisher","Dodge and Roll"],"picked":"Deadly Poison","floor":1.0},{"not_picked":["Infinite Blades","Outmaneuver"],"picked":"Backflip","floor":2.0},{"not_picked":["Escape Plan","Quick Slash","Sucker Punch"],"picked":"SKIP","floor":3.0},{"not_picked":["PiercingWail","Blade Dance"],"picked":"Dash","floor":5.0},{"not_picked":["Phantasmal Killer","Underhanded Strike","Storm of Steel"],"picked":"SKIP","floor":6.0},{"not_picked":["Quick Slash","Deflect"],"picked":"Crippling Poison","floor":7.0},{"not_picked":["Dagger Throw","Concentrate+1"],"picked":"Prepared+1","floor":10.0},{"not_picked":["Dagger Spray","Acrobatics+1","Skewer"],"picked":"SKIP","floor":14.0},{"not_picked":["Tools of the Trade","Grand Finale"],"picked":"Glass Knife","floor":16.0},{"not_picked":[],"picked":"PiercingWail+1","floor":18.0},{"not_picked":[],"picked":"Outmaneuver+1","floor":19.0},{"not_picked":["Dagger Spray"],"picked":"SKIP","floor":21.0},{"not_picked":["Acrobatics+1"],"picked":"SKIP","floor":23.0},{"not_picked":[],"picked":"Dodge and Roll+1","floor":24.0},{"not_picked":[],"picked":"Backflip+1","floor":28.0},{"not_picked":["Flying Knee+1"],"picked":"SKIP","floor":29.0},{"not_picked":["Acrobatics+1"],"picked":"SKIP","floor":30.0},{"not_picked":[],"picked":"Corpse Explosion+1","floor":33.0},{"not_picked":["Backflip+1"],"picked":"SKIP","floor":35.0},{"not_picked":["Dagger Throw"],"picked":"SKIP","floor":36.0},{"not_picked":["Sucker Punch+1"],"picked":"SKIP","floor":38.0},{"not_picked":["Flying Knee"],"picked":"SKIP","floor":41.0},{"not_picked":[],"picked":"Riddle With Holes+1","floor":46},{"not_picked":["Underhanded Strike+1"],"picked":"SKIP","floor":47},{"not_picked":[],"picked":"Backstab+1","floor":48}],"player_experience":217257,"relics_obtained":[{"floor":6.0,"key":"FossilizedHelix"},{"floor":9.0,"key":"Toxic Egg 2"},{"floor":23.0,"key":"Smiling Mask"},{"floor":26.0,"key":"Darkstone Periapt"},{"floor":28.0,"key":"Calipers"},{"floor":43.0,"key":"Regal Pillow"}],"event_choices":[{"damage_healed":0.0,"max_hp_gain":5.0,"max_hp_loss":0.0,"gold_gain":0.0,"event_name":"Big Fish","player_choice":"Donut","floor":11.0,"gold_loss":0.0,"damage_taken":0.0},{"damage_healed":0.0,"max_hp_gain":0.0,"max_hp_loss":6.0,"gold_gain":0.0,"event_name":"Golden Idol","player_choice":"Lose Max HP","floor":13.0,"gold_loss":0.0,"damage_taken":0.0,"relics_obtained":["Golden Idol"]},{"damage_healed":0.0,"max_hp_gain":0.0,"max_hp_loss":0.0,"gold_gain":0.0,"event_name":"FaceTrader","player_choice":"Trade","floor":22.0,"gold_loss":0.0,"damage_taken":0.0,"relics_obtained":["FaceOfCleric"]},{"damage_healed":0.0,"max_hp_gain":0.0,"max_hp_loss":0.0,"gold_gain":333.0,"event_name":"The Moai Head","player_choice":"Gave Idol","floor":37.0,"relics_lost":["Golden Idol"],"gold_loss":0.0,"damage_taken":0.0},{"cards_removed":["Normality"],"damage_healed":0.0,"max_hp_gain":0.0,"max_hp_loss":0.0,"gold_gain":0.0,"event_name":"Fountain of Cleansing","player_choice":"Removed Curses","floor":44.0,"gold_loss":0.0,"damage_taken":0.0}],"is_beta":false,"boss_relics":[{"not_picked":["Eternal Feather","Orrery"],"picked":"Busted Crown"},{"not_picked":["Ring of the Serpent","HoveringKite"],"picked":"Cursed Key"}],"items_purged_floors":[4,31,39],"is_endless":false,"potions_floor_spawned":[1,6,7,10,16,23,24,29,30,38,46,47],"ascension_level":6}