{"gold_per_floor":[115,8,23,33,33,63,63,63,87,87,99,69,86,106,106,202,202,213,213,312,326,326,326,358,368,368,400,400,400,400,400,400,400],"floor_reached":33,"playtime":922,"items_purged":[],"score":446,"play_id":"2033ade3-94d2-4478-a983-1654c7f53470","local_time":"20190131185522","is_ascension_mode":true,"campfire_choices":[{"floor":10.0,"key":"REST"},{"floor":15.0,"key":"REST"},{"floor":23.0,"key":"REST"},{"floor":28.0,"key":"REST"},{"floor":32.0,"key":"REST"}],"neow_cost":"NONE","seed_source_timestamp":888006274610871,"circlet_count":0,"master_deck":["AscendersBane","Strike_B","Strike_B+1","Strike_B","Defend_B","Defend_B","Defend_B","Zap","Dualcast+1","Biased Cognition","Darkness","Defragment","Conserve Battery","Hologram","Go for the Eyes+1","Consume","Cold Snap","Leap","Electrodynamics","Self Repair+1","Reprogram","Conserve Battery"],"special_seed":0,"relics":["Cracked Core","Juzu Bracelet","Ornamental Fan","Whetstone","Busted Crown","Ice Cream","Mango","Red Mask","NlothsMask"],"potions_floor_usage":[],"damage_taken":[{"damage":4.0,"enemies":"Small Slimes","floor":1.0,"turns":3.0},{"damage":0.0,"enemies":"2 Louse","floor":3.0,"turns":1.0},{"damage":1.0,"enemies":"Jaw Worm","floor":4.0,"turns":4.0},{"damage":42.0,"enemies":"Gremlin Nob","floor":6.0,"turns":5.0},{"damage":0.0,"enemies":"2 Fungi Beasts","floor":11.0,"turns":2.0},{"damage":3.0,"enemies":"Looter","floor":12.0,"turns":4.0},{"damage":0.0,"enemies":"Exordium Thugs","floor":13.0,"turns":4.0},{"damage":6.0,"enemies":"Blue Slaver","floor":14.0,"turns":2.0},{"damage":32.0,"enemies":"Hexaghost","floor":16.0,"turns":10.0},{"damage":12.0,"enemies":"3 Byrds","floor":18.0,"turns":3.0},{"damage":0.0,"enemies":"Spheric Guardian","floor":21.0,"turns":5.0},{"damage":35.0,"enemies":"Gremlin Leader","floor":24.0,"turns":5.0},{"damage":10.0,"enemies":"Shelled Parasite and Fungi","floor":25.0,"turns":6.0},{"damage":34.0,"enemies":"Masked Bandits","floor":27.0,"turns":3.0},{"damage":80,"enemies":"Champ","floor":33,"turns":13}],"seed_played":"-9133621319910084681","potions_obtained":[{"floor":3.0,"key":"Strength Potion"},{"floor":4.0,"key":"AttackPotion"},{"floor":13.0,"key":"Poison Potion"},{"floor":24.0,"key":"Regen Potion"},{"floor":25.0,"key":"SpeedPotion"}],"is_trial":false,"path_per_floor":["M","$","M","M","?","E","?","?","T","R","M","M","M","M","R","B",null,"M","?","?","M","?","R","E","M","T","?","R","?","?","?","R","B"],"character_chosen":"DEFECT","items_purchased":["Defragment","Conserve Battery"],"campfire_rested":5,"item_purchase_floors":[2,2],"current_hp_per_floor":[64,64,64,63,45,3,3,3,3,25,25,22,22,16,38,6,58,46,32,32,32,32,56,21,26,40,6,34,34,34,34,62,0],"gold":400,"neow_bonus":"ONE_RANDOM_RARE_CARD","is_prod":false,"is_daily":false,"chose_seed":false,"campfire_upgraded":0,"win_rate":0,"timestamp":1548953722,"path_taken":["M","$","M","M","?","E","?","?","T","R","M","M","M","M","R","BOSS","M","?","?","M","?","R","E","M","T","?","R","?","?","?","R","BOSS"],"build_version":"2019-01-23","purchased_purges":0,"victory":false,"max_hp_per_floor":[75,75,75,75,75,75,75,75,75,75,75,75,75,75,75,75,75,75,80,80,80,80,80,80,80,94,94,94,94,94,94,94,94],"card_choices":[{"not_picked":["Steam","Turbo"],"picked":"Darkness","floor":1.0},{"not_picked":["Streamline","Chill"],"picked":"Hologram","floor":3.0},{"not_picked":["Gash","Steam"],"picked":"Go for the Eyes","floor":4.0},{"not_picked":["Turbo","Static Discharge"],"picked":"Consume","floor":6.0},{"not_picked":["Compile Driver","Steam"],"picked":"Cold Snap","floor":11.0},{"not_picked":["Defragment","Lockon"],"picked":"Leap","floor":12.0},{"not_picked":["Scrape","Skim","Barrage"],"picked":"SKIP","floor":13.0},{"not_picked":["Hologram","Double Energy","Genetic Algorithm"],"picked":"SKIP","floor":14.0},{"not_picked":["Reboot","Biased Cognition"],"picked":"Electrodynamics","floor":16.0},{"not_picked":["Go for the Eyes"],"picked":"SKIP","floor":18.0},{"not_picked":["Gash"],"picked":"SKIP","floor":21.0},{"not_picked":["Go for the Eyes"],"picked":"SKIP","floor":24.0},{"not_picked":["Barrage"],"picked":"SKIP","floor":25.0},{"not_picked":[],"picked":"Self Repair+1","floor":27.0}],"player_experience":152693,"relics_obtained":[{"floor":6.0,"key":"Ornamental Fan"},{"floor":9.0,"key":"Whetstone"},{"floor":24.0,"key":"Ice Cream"},{"floor":26.0,"key":"Mango"},{"floor":27.0,"key":"Red Mask"}],"event_choices":[{"damage_healed":0.0,"max_hp_gain":0.0,"max_hp_loss":0.0,"gold_gain":0.0,"event_name":"Scrap Ooze","player_choice":"Success","floor":5.0,"gold_loss":0.0,"damage_taken":18.0,"relics_obtained":["Juzu Bracelet"]},{"damage_healed":0.0,"max_hp_gain":0.0,"max_hp_loss":0.0,"gold_gain":0.0,"event_name":"Golden Wing","player_choice":"Ignored","floor":7.0,"gold_loss":0.0,"damage_taken":0.0},{"damage_healed":0.0,"max_hp_gain":0.0,"max_hp_loss":0.0,"gold_gain":0.0,"event_name":"Dead Adventurer","player_choice":"Searched \u00270\u0027 times","floor":8.0,"gold_loss":0.0,"damage_taken":0.0},{"damage_healed":0.0,"max_hp_gain":5.0,"max_hp_loss":0.0,"gold_gain":0.0,"event_name":"Forgotten Altar","player_choice":"Shed Blood","floor":19.0,"gold_loss":0.0,"damage_taken":19.0},{"damage_healed":0.0,"max_hp_gain":0.0,"max_hp_loss":0.0,"gold_gain":99.0,"event_name":"Nest","player_choice":"Stole From Cult","floor":20.0,"gold_loss":0.0,"damage_taken":0.0},{"damage_healed":0.0,"max_hp_gain":0.0,"max_hp_loss":0.0,"gold_gain":0.0,"event_name":"Upgrade Shrine","player_choice":"Upgraded","floor":22.0,"gold_loss":0.0,"damage_taken":0.0,"cards_upgraded":["Dualcast"]},{"damage_healed":0.0,"max_hp_gain":0.0,"max_hp_loss":0.0,"gold_gain":0.0,"event_name":"Masked Bandits","player_choice":"Fought Bandits","floor":27.0,"gold_loss":0.0,"damage_taken":0.0},{"damage_healed":0.0,"max_hp_gain":0.0,"max_hp_loss":0.0,"gold_gain":0.0,"event_name":"Vampires","player_choice":"Ignored","floor":29.0,"gold_loss":0.0,"damage_taken":0.0},{"damage_healed":0.0,"max_hp_gain":0.0,"max_hp_loss":0.0,"gold_gain":0.0,"event_name":"FaceTrader","player_choice":"Trade","floor":30.0,"gold_loss":0.0,"damage_taken":0.0,"relics_obtained":["NlothsMask"]},{"damage_healed":0.0,"max_hp_gain":0.0,"max_hp_loss":0.0,"gold_gain":0.0,"cards_transformed":["Defend_B","Strike_B"],"event_name":"Drug Dealer","player_choice":"Became Test Subject","floor":31.0,"gold_loss":0.0,"damage_taken":0.0,"cards_obtained":["Reprogram","Conserve Battery"]}],"is_beta":false,"boss_relics":[{"not_picked":["Nuclear Battery","Runic Pyramid"],"picked":"Busted Crown"}],"items_purged_floors":[],"is_endless":false,"potions_floor_spawned":[3,4,13,16,24,25],"killed_by":"Champ","ascension_level":12}