{"gold_per_floor":[114,4,79,92,192,227,227,241,265,265,279,279,29,44,44,149,149,168,93,42,42,56,56,67,95,120,135,135,146,146,161,161,259,259,279,297,297,311,326,326,337,337],"floor_reached":42,"playtime":6393,"items_purged":["Strike_G","Strike_G"],"score":447,"play_id":"b1895d73-0cd3-40f6-82fe-1556ffdc6e6d","local_time":"20190109143740","is_ascension_mode":false,"campfire_choices":[{"floor":7,"key":"REST"},{"data":"Well Laid Plans","floor":10,"key":"SMITH"},{"data":"Choke","floor":12,"key":"SMITH"},{"data":"Acrobatics","floor":15,"key":"SMITH"},{"data":"A Thousand Cuts","floor":23,"key":"SMITH"},{"floor":28,"key":"REST"},{"floor":30,"key":"REST"},{"floor":32,"key":"REST"},{"floor":40,"key":"REST"}],"neow_cost":"NONE","seed_source_timestamp":140172290044,"circlet_count":0,"master_deck":["Defend_G","Defend_G","Strike_G","Survivor","Neutralize","Choke+1","Escape Plan","Dagger Spray","Well Laid Plans+1","Underhanded Strike","Quick Slash","Acrobatics+1","A Thousand Cuts+1","Expertise+1","Envenom+1","Venomology+1","Caltrops+1","Flying Knee","Iron Wave","Flying Knee","Slice","Heel Hook","Deflect","Quick Slash","Slice","Flying Knee+1","Prepared","Doppelganger+1","Skewer","Backflip+1","Slice+1","Backstab+1","Noxious Fumes+1"],"relics":["Ring of the Serpent","NeowsBlessing","Happy Flower","Boot","Dream Catcher","Astrolabe","Mercury Hourglass","Pen Nib"],"potions_floor_usage":[14,16,16,18,18,22,24,24,25,27,27,29,31,33,33,35,36,36,38,39,42],"damage_taken":[{"damage":0,"enemies":"2 Louse","floor":1,"turns":1},{"damage":0,"enemies":"Small Slimes","floor":4,"turns":1},{"damage":0,"enemies":"Gremlin Nob","floor":6,"turns":1},{"damage":4,"enemies":"Cultist","floor":8,"turns":3},{"damage":0,"enemies":"Looter","floor":11,"turns":3},{"damage":0,"enemies":"Large Slime","floor":14,"turns":4},{"damage":46,"enemies":"The Guardian","floor":16,"turns":12},{"damage":1,"enemies":"2 Thieves","floor":18,"turns":4},{"damage":0,"enemies":"Chosen","floor":22,"turns":3},{"damage":13,"enemies":"Snake Plant","floor":24,"turns":4},{"damage":52,"enemies":"Gremlin Leader","floor":25,"turns":5},{"damage":11,"enemies":"Sentry and Sphere","floor":27,"turns":4},{"damage":7,"enemies":"3 Cultists","floor":29,"turns":3},{"damage":32,"enemies":"Centurion and Healer","floor":31,"turns":4},{"damage":25,"enemies":"Automaton","floor":33,"turns":5},{"damage":19,"enemies":"Orb Walker","floor":35,"turns":2},{"damage":18,"enemies":"3 Shapes","floor":36,"turns":3},{"damage":18,"enemies":"Jaw Worm Horde","floor":38,"turns":4},{"damage":10,"enemies":"Transient","floor":39,"turns":5},{"damage":24,"enemies":"3 Darklings","floor":41,"turns":3},{"damage":19,"enemies":"Spire Growth","floor":42,"turns":2}],"seed_played":"-7121990085535514573","potions_obtained":[{"floor":1,"key":"EntropicBrew"},{"floor":4,"key":"Weak Potion"},{"floor":8,"key":"FairyPotion"},{"floor":18,"key":"EssenceOfSteel"},{"floor":25,"key":"SpeedPotion"},{"floor":27,"key":"Energy Potion"},{"floor":29,"key":"Dexterity Potion"},{"floor":35,"key":"SpeedPotion"},{"floor":38,"key":"Regen Potion"}],"is_trial":false,"path_per_floor":["M","$","?","M","?","E","R","M","T","R","M","R","$","M","R","B",null,"M","?","$","?","M","R","M","E","T","M","R","M","R","M","R","B",null,"M","M","?","M","M","R","M","M"],"character_chosen":"THE_SILENT","items_purchased":["Escape Plan","Dream Catcher","Flying Knee"],"campfire_rested":5,"item_purchase_floors":[2,13,20],"current_hp_per_floor":[70,70,59,59,59,59,70,66,66,66,66,66,66,66,66,20,70,69,69,69,69,69,69,56,4,4,7,28,21,42,10,31,6,70,51,33,33,15,19,40,16,0],"gold":337,"neow_bonus":"THREE_ENEMY_KILL","is_prod":false,"is_daily":false,"chose_seed":false,"campfire_upgraded":4,"win_rate":0.0,"timestamp":1547073460,"path_taken":["M","$","?","M","?","E","R","M","T","R","?","R","$","M","R","BOSS","M","?","$","?","?","R","M","E","T","M","R","M","R","M","R","BOSS","M","M","?","?","M","R","M","M"],"build_version":"2019-01-03v4","purchased_purges":2,"victory":false,"max_hp_per_floor":[70,70,70,70,70,70,70,70,70,70,70,70,70,70,70,70,70,70,70,70,70,70,70,70,70,70,70,70,70,70,70,70,70,70,70,70,70,70,70,70,70,70],"card_choices":[{"not_picked":["Leg Sweep","Distraction"],"picked":"Choke","floor":1},{"not_picked":["Footwork","Flying Knee"],"picked":"Dagger Spray","floor":4},{"not_picked":["Caltrops","Dodge and Roll"],"picked":"Well Laid Plans","floor":6},{"not_picked":["Masterful Stab","Eviscerate"],"picked":"Underhanded Strike","floor":8},{"not_picked":["Dodge and Roll","Masterful Stab"],"picked":"Quick Slash","floor":11},{"not_picked":["Dodge and Roll","Choke"],"picked":"Acrobatics","floor":14},{"not_picked":["Unload","Wraith Form v2"],"picked":"A Thousand Cuts","floor":16},{"not_picked":["Expertise+1","Masterful Stab"],"picked":"Caltrops+1","floor":18},{"not_picked":["Deflect","Outmaneuver"],"picked":"Flying Knee","floor":22},{"not_picked":["Tactician","Acrobatics+1"],"picked":"Slice","floor":24},{"not_picked":["Distraction+1","Outmaneuver"],"picked":"Heel Hook","floor":25},{"not_picked":["Eviscerate+1","Underhanded Strike"],"picked":"Deflect","floor":27},{"not_picked":["Reflex","Envenom"],"picked":"Quick Slash","floor":28},{"not_picked":["Blade Dance","Sucker Punch"],"picked":"Slice","floor":29},{"not_picked":["Burst","Quick Slash"],"picked":"Flying Knee+1","floor":31},{"not_picked":["Deflect","Underhanded Strike"],"picked":"Prepared","floor":32},{"not_picked":["Envenom","Burst"],"picked":"Doppelganger","floor":33},{"not_picked":["Terror","Sucker Punch"],"picked":"Skewer","floor":35},{"not_picked":["Calculated Gamble","Dagger Throw"],"picked":"Backflip+1","floor":36},{"not_picked":["Riddle With Holes+1","Dodge and Roll"],"picked":"Slice+1","floor":38},{"not_picked":["Slice","Heel Hook+1","Tactician+1"],"picked":"SKIP","floor":39},{"not_picked":["Flying Knee","Burst"],"picked":"Backstab+1","floor":40},{"not_picked":["Dagger Spray+1","Quick Slash"],"picked":"Noxious Fumes+1","floor":41}],"player_experience":71286,"relics_obtained":[{"floor":6,"key":"Happy Flower"},{"floor":9,"key":"Boot"},{"floor":25,"key":"Mercury Hourglass"},{"floor":26,"key":"Pen Nib"}],"event_choices":[{"damage_healed":0,"gold_gain":75,"player_choice":"Gather Gold","damage_taken":11,"max_hp_gain":0,"max_hp_loss":0,"event_name":"World of Goop","floor":3,"gold_loss":0},{"damage_healed":0,"gold_gain":100,"player_choice":"Pray","damage_taken":0,"max_hp_gain":0,"max_hp_loss":0,"event_name":"Golden Shrine","floor":5,"gold_loss":0},{"cards_removed":["Defend_G"],"damage_healed":0,"gold_gain":0,"player_choice":"Gave Gold","damage_taken":0,"max_hp_gain":0,"max_hp_loss":0,"event_name":"Beggar","floor":19,"gold_loss":75},{"cards_removed":["Strike_G"],"damage_healed":0,"gold_gain":0,"player_choice":"Took Card","damage_taken":0,"max_hp_gain":0,"max_hp_loss":0,"event_name":"NoteForYourself","floor":21,"gold_loss":0,"cards_obtained":["Iron Wave"]},{"damage_healed":0,"gold_gain":0,"player_choice":"Upgraded","damage_taken":0,"max_hp_gain":0,"max_hp_loss":0,"event_name":"Upgrade Shrine","floor":37,"gold_loss":0,"cards_upgraded":["Doppelganger"]}],"is_beta":false,"boss_relics":[{"not_picked":["Lizard Tail","HoveringKite"],"picked":"Astrolabe"},{"not_picked":["WristBlade","Fusion Hammer"],"picked":"Ring of the Serpent"}],"items_purged_floors":[2,13],"is_endless":false,"potions_floor_spawned":[1,4,8,18,25,27,29,35,38],"killed_by":"Spire Growth","ascension_level":0}