{"gold_per_floor":[109,109,121,132,107,107,127,127,127,143,157,157,10,22,22,121,121,121,61,61,61,61,61],"floor_reached":23,"playtime":555,"items_purged":["Strike_R"],"score":187,"play_id":"dc60ce80-c1f4-4e24-9c01-765f2298feb5","local_time":"20190102021304","is_ascension_mode":false,"campfire_choices":[{"data":"Searing Blow","floor":6,"key":"SMITH"},{"floor":8,"key":"REST"},{"data":"Searing Blow+1","floor":12,"key":"SMITH"},{"floor":15,"key":"REST"}],"neow_cost":"NONE","seed_source_timestamp":37947434925181,"circlet_count":0,"master_deck":["Strike_R","Strike_R","Strike_R","Strike_R","Defend_R","Defend_R","Defend_R","Defend_R","Bash","Clothesline","Iron Wave","Searing Blow+2","Rampage","Shockwave","Exhume","True Grit","Metallicize","Uppercut","Fiend Fire","Sentinel+1","Thunderclap","Seeing Red"],"relics":["Burning Blood","NeowsBlessing","Self Forming Clay","Ectoplasm"],"potions_floor_usage":[20,23],"damage_taken":[{"damage":0,"enemies":"Small Slimes","floor":1,"turns":1},{"damage":0,"enemies":"Cultist","floor":3,"turns":1},{"damage":0,"enemies":"Jaw Worm","floor":4,"turns":1},{"damage":32,"enemies":"Exordium Thugs","floor":5,"turns":5},{"damage":24,"enemies":"Lots of Slimes","floor":7,"turns":5},{"damage":17,"enemies":"2 Fungi Beasts","floor":10,"turns":4},{"damage":19,"enemies":"Large Slime","floor":11,"turns":5},{"damage":4,"enemies":"3 Louse","floor":14,"turns":4},{"damage":57,"enemies":"The Guardian","floor":16,"turns":13},{"damage":24,"enemies":"Spheric Guardian","floor":18,"turns":6},{"damage":27,"enemies":"2 Thieves","floor":19,"turns":4},{"damage":24,"enemies":"Snake Plant","floor":20,"turns":6},{"damage":12,"enemies":"Gremlin Leader","floor":23,"turns":5}],"seed_played":"-3171819943606742776","potions_obtained":[{"floor":4,"key":"SpeedPotion"},{"floor":5,"key":"Ancient Potion"},{"floor":7,"key":"SkillPotion"}],"is_trial":false,"path_per_floor":["M","?","M","M","M","R","M","R","T","M","M","R","$","M","R","B",null,"M","M","M","?","?","E"],"character_chosen":"IRONCLAD","items_purchased":["Metallicize"],"campfire_rested":2,"item_purchase_floors":[13],"current_hp_per_floor":[80,72,78,80,54,54,36,60,60,49,36,36,36,38,62,11,80,62,41,23,23,23,11],"gold":61,"neow_bonus":"THREE_ENEMY_KILL","is_prod":false,"is_daily":false,"chose_seed":false,"campfire_upgraded":2,"win_rate":0,"timestamp":1546387984,"path_taken":["M","?","?","M","M","R","M","R","T","M","M","R","?","M","R","BOSS","M","M","M","?","?","E"],"build_version":"2018-12-20","purchased_purges":1,"victory":false,"max_hp_per_floor":[80,80,80,80,80,80,80,80,80,80,80,80,80,80,80,80,80,80,80,80,80,80,80],"card_choices":[{"not_picked":["Entrench","Pummel"],"picked":"Clothesline","floor":1},{"not_picked":["Dual Wield","Power Through"],"picked":"Iron Wave","floor":3},{"not_picked":["Thunderclap","Hemokinesis"],"picked":"Searing Blow","floor":4},{"not_picked":["Cleave","Thunderclap"],"picked":"Rampage","floor":5},{"not_picked":["Power Through","True Grit"],"picked":"Shockwave","floor":7},{"not_picked":["Warcry","Wild Strike"],"picked":"Exhume","floor":10},{"not_picked":["Clothesline","Anger"],"picked":"True Grit","floor":11},{"not_picked":["Rage","Entrench"],"picked":"Uppercut","floor":14},{"not_picked":["Brutality","Barricade"],"picked":"Fiend Fire","floor":16},{"not_picked":["Armaments","Fire Breathing+1"],"picked":"Sentinel+1","floor":18},{"not_picked":["Corruption","Dropkick"],"picked":"Thunderclap","floor":19},{"not_picked":["Headbutt","Havoc"],"picked":"Seeing Red","floor":20}],"player_experience":65324,"relics_obtained":[{"floor":9,"key":"Self Forming Clay"}],"event_choices":[{"damage_healed":0,"gold_gain":0,"player_choice":"Damaged","damage_taken":8,"max_hp_gain":0,"max_hp_loss":0,"event_name":"Wheel of Change","floor":2,"gold_loss":0},{"damage_healed":0,"gold_gain":0,"player_choice":"Smashed Altar","damage_taken":0,"max_hp_gain":0,"max_hp_loss":0,"event_name":"Forgotten Altar","floor":21,"gold_loss":0,"cards_obtained":["Decay"]},{"cards_removed":["Decay"],"damage_healed":0,"gold_gain":0,"player_choice":"Purged","damage_taken":0,"max_hp_gain":0,"max_hp_loss":0,"event_name":"Purifier","floor":22,"gold_loss":0}],"is_beta":false,"boss_relics":[{"not_picked":["Philosopher\u0027s Stone","Black Blood"],"picked":"Ectoplasm"}],"items_purged_floors":[13],"is_endless":false,"potions_floor_spawned":[4,5,7,10,11,18,19],"killed_by":"Gremlin Leader","ascension_level":0}