{"gold_per_floor":[110,41,51,66,77,77,42,75,75,75,75,75,110,126,126,224,224,242,259,276,276],"floor_reached":21,"playtime":1377,"items_purged":[],"score":245,"play_id":"7990dab9-5b7b-4582-bc1c-d4a7caf6a69d","local_time":"20190214022659","is_ascension_mode":true,"campfire_choices":[{"data":"Shrug It Off","floor":6,"key":"SMITH"},{"data":"Disarm","floor":10,"key":"SMITH"},{"data":"Bash","floor":12,"key":"SMITH"},{"floor":15,"key":"REST"}],"neow_cost":"PERCENT_DAMAGE","seed_source_timestamp":1321533281817200,"circlet_count":0,"master_deck":["Strike_R","Strike_R","Strike_R","Strike_R","Strike_R","Defend_R","Defend_R","Defend_R","Defend_R","Bash+1","Disarm+1","Shrug It Off+1","Inflame","Inflame","Seeing Red","Cleave","Disarm","Demon Form","Shrug It Off","Shrug It Off","Pommel Strike"],"relics":["Burning Blood","Bottled Flame","Pear","Art of War","Cursed Key"],"potions_floor_usage":[21,21],"damage_taken":[{"damage":1,"enemies":"Cultist","floor":1,"turns":4},{"damage":15,"enemies":"Small Slimes","floor":3,"turns":5},{"damage":0,"enemies":"Jaw Worm","floor":4,"turns":5},{"damage":22,"enemies":"Red Slaver","floor":5,"turns":5},{"damage":56,"enemies":"Gremlin Nob","floor":8,"turns":6},{"damage":23,"enemies":"Lagavulin","floor":13,"turns":7},{"damage":7,"enemies":"Large Slime","floor":14,"turns":5},{"damage":39,"enemies":"The Guardian","floor":16,"turns":16},{"damage":16,"enemies":"3 Byrds","floor":18,"turns":7},{"damage":3,"enemies":"Chosen","floor":19,"turns":6},{"damage":49,"enemies":"Snecko","floor":20,"turns":7},{"damage":17,"enemies":"Colosseum Slavers","floor":21,"turns":5},{"damage":57,"enemies":"Colosseum Nobs","floor":21,"turns":5}],"seed_played":"-4892421312402289174","potions_obtained":[{"floor":8,"key":"FearPotion"},{"floor":13,"key":"Energy Potion"},{"floor":16,"key":"Fire Potion"},{"floor":19,"key":"SpeedPotion"},{"floor":20,"key":"BloodPotion"}],"is_trial":false,"path_per_floor":["M","$","M","M","M","R","?","E","T","R","?","R","E","M","R","B",null,"M","M","M","?"],"character_chosen":"IRONCLAD","items_purchased":["Disarm"],"campfire_rested":1,"item_purchase_floors":[2],"current_hp_per_floor":[77,77,68,74,58,58,82,32,42,42,32,32,15,14,45,12,106,96,99,56,0],"gold":276,"neow_bonus":"TWENTY_PERCENT_HP_BONUS","is_prod":false,"is_daily":false,"chose_seed":false,"campfire_upgraded":3,"win_rate":0,"timestamp":1550107619,"path_taken":["M","$","M","M","?","R","?","E","T","R","?","R","E","M","R","BOSS","M","M","M","?"],"build_version":"2019-01-23","purchased_purges":0,"victory":false,"max_hp_per_floor":[96,96,96,96,96,96,96,96,106,106,106,106,106,106,106,106,106,106,106,106,106],"card_choices":[{"not_picked":["Heavy Blade","Hemokinesis","Fire Breathing"],"picked":"SKIP","floor":1},{"not_picked":["Headbutt","Infernal Blade"],"picked":"Shrug It Off","floor":3},{"not_picked":["Heavy Blade","Seeing Red"],"picked":"Inflame","floor":4},{"not_picked":["Warcry","Pummel"],"picked":"Inflame","floor":5},{"not_picked":["Rage","True Grit"],"picked":"Seeing Red","floor":8},{"not_picked":["True Grit","Bloodletting"],"picked":"Cleave","floor":13},{"not_picked":["Reckless Charge","Intimidate"],"picked":"Disarm","floor":14},{"not_picked":["Double Tap","Juggernaut"],"picked":"Demon Form","floor":16},{"not_picked":["Headbutt+1","Searing Blow"],"picked":"Shrug It Off","floor":18},{"not_picked":["Flex","Sword Boomerang"],"picked":"Shrug It Off","floor":19},{"not_picked":["Body Slam","Spot Weakness+1"],"picked":"Pommel Strike","floor":20}],"player_experience":152221,"relics_obtained":[{"floor":8,"key":"Bottled Flame"},{"floor":9,"key":"Pear"},{"floor":13,"key":"Art of War"}],"event_choices":[{"damage_healed":24,"gold_gain":0,"player_choice":"Healed","damage_taken":0,"max_hp_gain":0,"max_hp_loss":0,"event_name":"The Cleric","floor":7,"gold_loss":35},{"damage_healed":0,"gold_gain":0,"player_choice":"Damaged","damage_taken":10,"max_hp_gain":0,"max_hp_loss":0,"event_name":"Wheel of Change","floor":11,"gold_loss":0},{"damage_healed":0,"gold_gain":0,"player_choice":"Fight","damage_taken":0,"max_hp_gain":0,"max_hp_loss":0,"event_name":"Colosseum","floor":21,"gold_loss":0},{"damage_healed":0,"gold_gain":0,"player_choice":"Fought Nobs","damage_taken":0,"max_hp_gain":0,"max_hp_loss":0,"event_name":"Colosseum","floor":21,"gold_loss":0}],"is_beta":false,"boss_relics":[{"not_picked":["Orrery","Lizard Tail"],"picked":"Cursed Key"}],"items_purged_floors":[],"is_endless":false,"potions_floor_spawned":[8,13,16,19,20,21],"killed_by":"Colosseum Nobs","ascension_level":3}