{"gold_per_floor":[110,122,122,133,103,134,134,153,153,167,201,215,215,228,228,328,328,345,48,64,83,182,182,207,207],"floor_reached":25,"playtime":3167,"items_purged":[],"score":247,"play_id":"6e18845d-5387-46a8-8a27-95751eae46a2","local_time":"20190205172912","is_ascension_mode":true,"campfire_choices":[{"data":"Noxious Fumes","floor":7,"key":"SMITH"},{"data":"Caltrops","floor":13,"key":"SMITH"},{"floor":15,"key":"REST"},{"data":"A Thousand Cuts","floor":23,"key":"SMITH"}],"neow_cost":"NONE","seed_source_timestamp":596252232791300,"circlet_count":0,"master_deck":["Defend_G","Defend_G","Defend_G","Defend_G","Defend_G","Strike_G+1","Survivor","Neutralize+1","Poisoned Stab","Terror","Outmaneuver","Escape Plan","Noxious Fumes+1","Caltrops+1","Backstab+1","Backstab+1","Dagger Spray+1","A Thousand Cuts+1","Sucker Punch+1","Calculated Gamble+1","Burst+1","Deadly Poison","Corpse Explosion","Catalyst","Deflect+1","Backflip+1","Bane+1"],"relics":["Ring of the Snake","Whetstone","Molten Egg 2","Unceasing Top","Astrolabe","Oddly Smooth Stone","Shuriken"],"potions_floor_usage":[24,25],"damage_taken":[{"damage":0,"enemies":"2 Louse","floor":1,"turns":3},{"damage":1,"enemies":"Cultist","floor":2,"turns":4},{"damage":1,"enemies":"Jaw Worm","floor":4,"turns":4},{"damage":0,"enemies":"Looter","floor":5,"turns":4},{"damage":20,"enemies":"Lagavulin","floor":6,"turns":8},{"damage":6,"enemies":"Exordium Thugs","floor":8,"turns":5},{"damage":2,"enemies":"Large Slime","floor":10,"turns":5},{"damage":13,"enemies":"3 Sentries","floor":11,"turns":6},{"damage":0,"enemies":"Blue Slaver","floor":12,"turns":2},{"damage":0,"enemies":"2 Fungi Beasts","floor":14,"turns":2},{"damage":32,"enemies":"The Guardian","floor":16,"turns":8},{"damage":0,"enemies":"3 Byrds","floor":18,"turns":4},{"damage":22,"enemies":"Spheric Guardian","floor":20,"turns":6},{"damage":0,"enemies":"Chosen and Byrds","floor":21,"turns":6},{"damage":24,"enemies":"Book of Stabbing","floor":24,"turns":7},{"damage":33,"enemies":"Snecko","floor":25,"turns":7}],"seed_played":"5341492133076459949","potions_obtained":[{"floor":6,"key":"SteroidPotion"},{"floor":8,"key":"Block Potion"},{"floor":10,"key":"EssenceOfSteel"},{"floor":12,"key":"Explosive Potion"},{"floor":18,"key":"SpeedPotion"},{"floor":24,"key":"Weak Potion"}],"is_trial":false,"path_per_floor":["M","M","?","M","M","E","R","M","T","M","E","M","R","M","R","B",null,"M","$","M","M","?","R","E","M"],"character_chosen":"THE_SILENT","items_purchased":["Corpse Explosion","Oddly Smooth Stone","Catalyst"],"campfire_rested":1,"item_purchase_floors":[19,19,19],"current_hp_per_floor":[77,76,76,75,75,55,55,49,49,47,34,34,34,34,57,25,77,77,77,55,55,55,55,31,0],"gold":207,"neow_bonus":"TEN_PERCENT_HP_BONUS","is_prod":false,"is_daily":false,"chose_seed":false,"campfire_upgraded":3,"win_rate":0,"timestamp":1549384152,"path_taken":["M","M","?","M","M","E","R","M","T","M","E","M","R","M","R","BOSS","M","$","?","M","?","R","E","M"],"build_version":"2019-01-23","purchased_purges":0,"victory":false,"max_hp_per_floor":[77,77,77,77,77,77,77,77,77,77,77,77,77,77,77,77,77,77,77,77,77,77,77,77,77],"card_choices":[{"not_picked":["PiercingWail","Acrobatics"],"picked":"Poisoned Stab","floor":1},{"not_picked":["Skewer","Riddle With Holes"],"picked":"Terror","floor":2},{"not_picked":["Flechettes","Well Laid Plans"],"picked":"Outmaneuver","floor":4},{"not_picked":["Prepared","Tactician"],"picked":"Escape Plan","floor":5},{"not_picked":["Prepared","PiercingWail"],"picked":"Noxious Fumes","floor":6},{"not_picked":["Sucker Punch","Outmaneuver"],"picked":"Caltrops","floor":8},{"not_picked":["Leg Sweep","Terror"],"picked":"Backstab+1","floor":10},{"not_picked":["Eviscerate+1","Well Laid Plans"],"picked":"Backstab+1","floor":11},{"not_picked":["Blade Dance","Flechettes+1","Finisher+1"],"picked":"SKIP","floor":12},{"not_picked":["Quick Slash+1","Blade Dance"],"picked":"Dagger Spray+1","floor":14},{"not_picked":["Glass Knife+1","Bullet Time"],"picked":"A Thousand Cuts","floor":16},{"not_picked":["Outmaneuver","Quick Slash+1"],"picked":"Deadly Poison","floor":18},{"not_picked":["Blade Dance","Infinite Blades"],"picked":"Deflect+1","floor":20},{"not_picked":["Quick Slash+1","Deflect"],"picked":"Backflip+1","floor":21},{"not_picked":["Endless Agony+1","Corpse Explosion"],"picked":"Bane+1","floor":24}],"player_experience":38454,"relics_obtained":[{"floor":6,"key":"Whetstone"},{"floor":9,"key":"Molten Egg 2"},{"floor":11,"key":"Unceasing Top"},{"floor":24,"key":"Shuriken"}],"event_choices":[{"cards_removed":["Strike_G"],"damage_healed":0,"gold_gain":0,"player_choice":"Offered Basic","damage_taken":0,"max_hp_gain":0,"max_hp_loss":0,"event_name":"Bonfire Elementals","floor":3,"gold_loss":0},{"damage_healed":0,"gold_gain":99,"player_choice":"Stole From Cult","damage_taken":0,"max_hp_gain":0,"max_hp_loss":0,"event_name":"Nest","floor":22,"gold_loss":0}],"is_beta":false,"boss_relics":[{"not_picked":["Cursed Key","Snecko Eye"],"picked":"Astrolabe"}],"items_purged_floors":[],"is_endless":false,"potions_floor_spawned":[6,8,10,12,18,24],"killed_by":"Snecko","ascension_level":1}