{"gold_per_floor":[110,43,54,73,87,87,119,138,218,218,218,247,258,132,132,232,232,247,347,357,37,37,37,48,48,101,121,121,49,49],"floor_reached":30,"playtime":1003,"items_purged":["Strike_G"],"score":349,"play_id":"0d621e7b-bd4d-4858-b246-e8216a80084e","local_time":"20190225215437","is_ascension_mode":true,"campfire_choices":[{"data":"Bane","floor":6.0,"key":"SMITH"},{"floor":11.0,"key":"REST"},{"floor":15.0,"key":"REST"},{"data":"Decay","floor":28,"key":"PURGE"}],"neow_cost":"NONE","seed_source_timestamp":9035065195487,"circlet_count":0,"master_deck":["Defend_G","Defend_G","Defend_G","Defend_G","Defend_G","Strike_G","Strike_G","Strike_G","Strike_G","Survivor","Neutralize","Panacea","Noxious Fumes","Masterful Stab","Bane+1","Catalyst+1","Cloak And Dagger","Poisoned Stab","Deadly Poison","Envenom","Backflip+1","Dash+1","Footwork","PiercingWail","Footwork"],"special_seed":0,"relics":["Ring of the Snake","Snake Skull","Peace Pipe","Gremlin Horn","Art of War","Coffee Dripper","Mango","Letter Opener","Shuriken","FaceOfCleric","Pen Nib"],"potions_floor_usage":[27],"damage_taken":[{"damage":1.0,"enemies":"2 Louse","floor":1.0,"turns":3.0},{"damage":5.0,"enemies":"Cultist","floor":3.0,"turns":4.0},{"damage":13.0,"enemies":"Small Slimes","floor":4.0,"turns":3.0},{"damage":6.0,"enemies":"Looter","floor":5.0,"turns":3.0},{"damage":5.0,"enemies":"Gremlin Nob","floor":7.0,"turns":3.0},{"damage":4.0,"enemies":"Red Slaver","floor":8.0,"turns":4.0},{"damage":23.0,"enemies":"3 Sentries","floor":12.0,"turns":8.0},{"damage":4.0,"enemies":"3 Louse","floor":13.0,"turns":4.0},{"damage":32.0,"enemies":"Hexaghost","floor":16.0,"turns":6.0},{"damage":10.0,"enemies":"Chosen","floor":18.0,"turns":5.0},{"damage":18.0,"enemies":"Colosseum Slavers","floor":19.0,"turns":4.0},{"damage":24.0,"enemies":"Colosseum Nobs","floor":19.0,"turns":4.0},{"damage":13.0,"enemies":"Shell Parasite","floor":20.0,"turns":5.0},{"damage":6,"enemies":"Shelled Parasite and Fungi","floor":24,"turns":4},{"damage":14,"enemies":"Centurion and Healer","floor":27,"turns":5},{"damage":22,"enemies":"Slavers","floor":30,"turns":1}],"seed_played":"13618198934035141","potions_obtained":[{"floor":3.0,"key":"Poison Potion"},{"floor":4.0,"key":"PowerPotion"},{"floor":5.0,"key":"Dexterity Potion"},{"floor":8.0,"key":"EssenceOfSteel"},{"floor":18.0,"key":"Regen Potion"},{"floor":24,"key":"Regen Potion"}],"is_trial":false,"path_per_floor":["M","?","M","M","M","R","E","M","T","?","R","E","M","$","R","B",null,"M","?","M","$","?","$","M","?","T","M","R","$","E"],"character_chosen":"THE_SILENT","items_purchased":["Deadly Poison","Footwork","Shuriken","Footwork"],"campfire_rested":2,"item_purchase_floors":[14,21,21,29],"current_hp_per_floor":[62,62,57,44,38,38,33,29,29,29,50,27,23,23,44,12,56,46,32,19,19,19,19,14,14,14,16,16,16,0],"gold":49,"neow_bonus":"RANDOM_COLORLESS","is_prod":false,"is_daily":false,"chose_seed":false,"campfire_upgraded":1,"win_rate":0,"timestamp":1551124477,"path_taken":["M","?","?","M","M","R","E","M","T","?","R","E","M","$","R","BOSS","M","?","M","$","?","$","?","?","T","M","R","?","E"],"build_version":"2019-01-23","purchased_purges":1,"victory":false,"max_hp_per_floor":[70,70,70,70,70,70,70,70,70,70,70,70,70,70,70,70,70,70,84,84,84,84,84,85,85,85,86,86,86,86],"card_choices":[{"not_picked":["All Out Attack","Poisoned Stab"],"picked":"Noxious Fumes","floor":1.0},{"not_picked":["Slice","Outmaneuver"],"picked":"Masterful Stab","floor":3.0},{"not_picked":["Blade Dance","Flying Knee","Quick Slash"],"picked":"SKIP","floor":4.0},{"not_picked":["Blade Dance","Outmaneuver"],"picked":"Bane","floor":5.0},{"not_picked":["Bouncing Flask","Storm of Steel"],"picked":"Catalyst","floor":7.0},{"not_picked":["Outmaneuver","Quick Slash"],"picked":"Cloak And Dagger","floor":8.0},{"not_picked":["Venomology","Bane"],"picked":"Poisoned Stab","floor":12.0},{"not_picked":["Deflect","Underhanded Strike","Slice"],"picked":"SKIP","floor":13.0},{"not_picked":["Adrenaline","Bullet Time"],"picked":"Envenom","floor":16.0},{"not_picked":["Masterful Stab","Slice"],"picked":"Backflip+1","floor":18.0},{"not_picked":["Eviscerate","Outmaneuver+1"],"picked":"Dash+1","floor":19.0},{"not_picked":["Masterful Stab","Slice","Distraction"],"picked":"SKIP","floor":20.0},{"not_picked":["Reflex","Flying Knee","Backflip"],"picked":"SKIP","floor":24},{"not_picked":["Blade Dance","Dagger Throw+1"],"picked":"PiercingWail","floor":27}],"player_experience":226239,"relics_obtained":[{"floor":7.0,"key":"Peace Pipe"},{"floor":9.0,"key":"Gremlin Horn"},{"floor":12.0,"key":"Art of War"},{"floor":19.0,"key":"Mango"},{"floor":19.0,"key":"Letter Opener"},{"floor":26,"key":"Pen Nib"}],"event_choices":[{"damage_healed":0.0,"max_hp_gain":0.0,"max_hp_loss":0.0,"gold_gain":0.0,"event_name":"WeMeetAgain","player_choice":"Paid Gold","floor":2.0,"gold_loss":67.0,"damage_taken":0.0,"relics_obtained":["Snake Skull"]},{"damage_healed":0.0,"max_hp_gain":0.0,"max_hp_loss":0.0,"gold_gain":0.0,"event_name":"Living Wall","player_choice":"Grow","floor":10.0,"gold_loss":0.0,"damage_taken":0.0,"cards_upgraded":["Catalyst"]},{"damage_healed":0.0,"max_hp_gain":0.0,"max_hp_loss":0.0,"gold_gain":0.0,"event_name":"Colosseum","player_choice":"Fight","floor":19.0,"gold_loss":0.0,"damage_taken":0.0},{"damage_healed":0.0,"max_hp_gain":0.0,"max_hp_loss":0.0,"gold_gain":0.0,"event_name":"Colosseum","player_choice":"Fought Nobs","floor":19.0,"gold_loss":0.0,"damage_taken":0.0},{"damage_healed":0.0,"max_hp_gain":0.0,"max_hp_loss":0.0,"gold_gain":0.0,"event_name":"FaceTrader","player_choice":"Trade","floor":22.0,"gold_loss":0.0,"damage_taken":0.0,"relics_obtained":["FaceOfCleric"]},{"damage_healed":0,"gold_gain":0,"player_choice":"Smashed Altar","damage_taken":0,"max_hp_gain":0,"max_hp_loss":0,"event_name":"Forgotten Altar","floor":25,"gold_loss":0,"cards_obtained":["Decay"]}],"is_beta":false,"boss_relics":[{"not_picked":["Astrolabe","Orrery"],"picked":"Coffee Dripper"}],"items_purged_floors":[14],"is_endless":false,"potions_floor_spawned":[3,4,5,8,18,24],"killed_by":"Slavers","ascension_level":7}