{"gold_per_floor":[114,129,144,159,174,174,189,189,189,204,219,219,234,249,249,349,349,364,379,18,33,33,33,48,60,97,109,121,148,175,202,214,326,338,365,392,404,416,443,455,482,7,7,22,37,37,0,15,15,15],"floor_reached":51,"playtime":4325,"items_purged":["Strike_G"],"score":678,"play_id":"f8f76be4-d4e9-43d6-a583-3163d988d522","local_time":"20190211205353","daily_mods":["Specialized","Vintage","Terminal"],"is_ascension_mode":false,"campfire_choices":[{"data":"Crippling Poison","floor":6,"key":"SMITH"},{"data":"Crippling Poison","floor":8,"key":"SMITH"},{"data":"Crippling Poison","floor":12,"key":"SMITH"},{"data":"Crippling Poison","floor":15,"key":"SMITH"},{"data":"Envenom","floor":23,"key":"SMITH"},{"data":"Crippling Poison","floor":25,"key":"SMITH"},{"floor":28,"key":"DIG"},{"floor":32,"key":"DIG"},{"floor":40,"key":"DIG"},{"data":"Well Laid Plans","floor":46,"key":"SMITH"},{"floor":49,"key":"DIG"}],"neow_cost":"","seed_source_timestamp":0,"circlet_count":0,"master_deck":["Defend_G","Defend_G","Defend_G","Defend_G","Defend_G","Strike_G","Strike_G","Strike_G","Strike_G","Survivor","Crippling Poison+1","Crippling Poison+1","Crippling Poison+1","Crippling Poison+1","Crippling Poison+1","Envenom+1","Backflip","All Out Attack+1","Well Laid Plans+1","Backflip","Slice+1","Slice+1","Poisoned Stab+1","Prepared+1","All Out Attack+1","Cloak And Dagger+1","Deflect+1","Tactician+1"],"special_seed":17938,"relics":["Ring of the Snake","Tingsha","Mummified Hand","Shuriken","Torii","WingedGreaves","Shovel","Meat on the Bone","Snake Skull","Question Card","Letter Opener","White Beast Statue","Juzu Bracelet","Bag of Preparation","Membership Card","Ice Cream","Bottled Tornado","MawBank","Orichalcum","Nloth\u0027s Gift","Potion Belt","Happy Flower","Matryoshka","Blue Candle","The Courier","Lizard Tail","Molten Egg 2","Omamori","Pen Nib","Oddly Smooth Stone","Mercury Hourglass","Kunai","Toxic Egg 2","Regal Pillow","Ginger","Dream Catcher","Bag of Marbles","Red Mask","Frozen Egg 2","Dodecahedron"],"potions_floor_usage":[33,50,50],"damage_taken":[{"damage":1,"enemies":"Cultist","floor":1,"turns":4},{"damage":0,"enemies":"Jaw Worm","floor":2,"turns":4},{"damage":0,"enemies":"2 Louse","floor":3,"turns":2},{"damage":6,"enemies":"Large Slime","floor":4,"turns":8},{"damage":6,"enemies":"Gremlin Gang","floor":5,"turns":4},{"damage":0,"enemies":"2 Fungi Beasts","floor":7,"turns":3},{"damage":0,"enemies":"Blue Slaver","floor":10,"turns":4},{"damage":0,"enemies":"Looter","floor":11,"turns":3},{"damage":0,"enemies":"2 Fungi Beasts","floor":13,"turns":2},{"damage":1,"enemies":"Exordium Wildlife","floor":14,"turns":4},{"damage":1,"enemies":"The Guardian","floor":16,"turns":9},{"damage":0,"enemies":"3 Byrds","floor":18,"turns":3},{"damage":2,"enemies":"2 Thieves","floor":19,"turns":3},{"damage":1,"enemies":"Centurion and Healer","floor":21,"turns":7},{"damage":1,"enemies":"3 Cultists","floor":24,"turns":4},{"damage":0,"enemies":"Chosen and Byrds","floor":29,"turns":4},{"damage":2,"enemies":"Sentry and Sphere","floor":30,"turns":4},{"damage":0,"enemies":"Snake Plant","floor":31,"turns":3},{"damage":23,"enemies":"Collector","floor":33,"turns":7},{"damage":2,"enemies":"3 Darklings","floor":35,"turns":3},{"damage":1,"enemies":"Orb Walker","floor":36,"turns":4},{"damage":9,"enemies":"Sphere and 2 Shapes","floor":39,"turns":4},{"damage":8,"enemies":"Maw","floor":41,"turns":8},{"damage":0,"enemies":"4 Shapes","floor":44,"turns":2},{"damage":0,"enemies":"Jaw Worm Horde","floor":45,"turns":3},{"damage":0,"enemies":"Transient","floor":48,"turns":5},{"damage":1,"enemies":"Donu and Deca","floor":50,"turns":5}],"seed_played":"6339212738474030288","potions_obtained":[{"floor":3,"key":"Fire Potion"},{"floor":11,"key":"SpeedPotion"},{"floor":13,"key":"PowerPotion"},{"floor":21,"key":"GhostInAJar"},{"floor":29,"key":"Regen Potion"},{"floor":30,"key":"Explosive Potion"},{"floor":33,"key":"SpeedPotion"},{"floor":44,"key":"Block Potion"},{"floor":48,"key":"Swift Potion"}],"is_trial":false,"path_per_floor":["M","M","M","M","M","R","M","R","T","M","M","R","M","M","R","B",null,"M","M","$","M","$","R","M","R","T","?","R","M","M","M","R","B",null,"M","M","?","?","M","R","M","$","T","M","M","R","?","M","R","B",null],"character_chosen":"THE_SILENT","items_purchased":["Membership Card","Ice Cream","Backflip","All Out Attack+1","Well Laid Plans","Backflip","Slice+1","Slice+1","Poisoned Stab+1","Kunai","Toxic Egg 2","Prepared+1","All Out Attack+1","Cloak And Dagger+1","Deflect+1","Tactician+1"],"campfire_rested":0,"item_purchase_floors":[20,20,20,42,42,42,42,42,42,42,42,42,42,42,42,42],"current_hp_per_floor":[68,67,66,60,54,54,54,54,54,54,54,54,54,53,53,52,52,51,49,49,48,47,46,45,44,43,42,41,40,38,38,37,26,35,33,32,32,31,22,22,26,26,26,25,24,23,22,21,20,19],"gold":15,"neow_bonus":"","is_prod":false,"is_daily":true,"chose_seed":false,"campfire_upgraded":7,"win_rate":0,"timestamp":1549914833,"path_taken":["M","M","M","M","M","R","M","R","T","M","M","R","M","M","R","BOSS","M","M","?","M","$","R","M","R","T","?","R","M","M","M","R","BOSS","M","M","?","?","M","R","M","$","T","M","M","R","?","M","R","BOSS"],"build_version":"2019-01-23","purchased_purges":1,"victory":true,"max_hp_per_floor":[68,67,66,65,64,63,62,61,60,59,58,57,56,55,54,53,52,51,50,49,48,47,46,45,44,43,42,41,40,39,38,37,36,35,34,33,32,31,30,29,28,27,26,25,24,23,22,21,20,19],"card_choices":[{"not_picked":["A Thousand Cuts","Tools of the Trade","Phantasmal Killer"],"picked":"Envenom","floor":16}],"player_experience":119932,"relics_obtained":[{"floor":1,"key":"Tingsha"},{"floor":2,"key":"Mummified Hand"},{"floor":3,"key":"Shuriken"},{"floor":4,"key":"Torii"},{"floor":5,"key":"WingedGreaves"},{"floor":7,"key":"Shovel"},{"floor":9,"key":"Meat on the Bone"},{"floor":10,"key":"Snake Skull"},{"floor":11,"key":"Question Card"},{"floor":13,"key":"Letter Opener"},{"floor":14,"key":"Smiling Mask"},{"floor":18,"key":"Juzu Bracelet"},{"floor":19,"key":"Bag of Preparation"},{"floor":21,"key":"Bottled Tornado"},{"floor":24,"key":"MawBank"},{"floor":26,"key":"Orichalcum"},{"floor":28,"key":"Potion Belt"},{"floor":29,"key":"Happy Flower"},{"floor":30,"key":"Matryoshka"},{"floor":31,"key":"Blue Candle"},{"floor":32,"key":"The Courier"},{"floor":35,"key":"Molten Egg 2"},{"floor":36,"key":"Omamori"},{"floor":39,"key":"Pen Nib"},{"floor":40,"key":"Oddly Smooth Stone"},{"floor":41,"key":"Mercury Hourglass"},{"floor":43,"key":"Regal Pillow"},{"floor":43,"key":"Ginger"},{"floor":44,"key":"Dream Catcher"},{"floor":45,"key":"Bag of Marbles"},{"floor":48,"key":"Frozen Egg 2"},{"floor":49,"key":"Dodecahedron"}],"event_choices":[{"damage_healed":0,"gold_gain":0,"player_choice":"Traded Relic","damage_taken":0,"relics_obtained":["Nloth\u0027s Gift"],"max_hp_gain":0,"max_hp_loss":0,"event_name":"N\u0027loth","floor":27,"relics_lost":["Smiling Mask"],"gold_loss":0},{"cards_removed":["Neutralize"],"damage_healed":0,"gold_gain":0,"player_choice":"Removed Attack","damage_taken":0,"max_hp_gain":0,"max_hp_loss":0,"event_name":"Falling","floor":37,"gold_loss":0},{"damage_healed":8,"gold_gain":0,"player_choice":"Writhe","damage_taken":0,"max_hp_gain":0,"max_hp_loss":0,"event_name":"Winding Halls","floor":38,"gold_loss":0,"cards_obtained":["Writhe"]},{"damage_healed":0,"gold_gain":0,"player_choice":"Paid","damage_taken":0,"relics_obtained":["Red Mask"],"max_hp_gain":0,"max_hp_loss":0,"event_name":"Tomb of Lord Red Mask","floor":47,"gold_loss":37}],"is_beta":false,"boss_relics":[{"not_picked":["Runic Pyramid","Runic Dome"],"picked":"White Beast Statue"},{"not_picked":["Black Star","Snecko Eye"],"picked":"Lizard Tail"}],"items_purged_floors":[42],"is_endless":false,"potions_floor_spawned":[3,11,13,14,18,19,21,24,29,30,31,33,35,36,39,41,44,45,48],"ascension_level":0}