{"gold_per_floor":[216,232,232,232,253,253,253,271,271,306,306,331,19,39,39,169,169,189,189,5,39,39,39,59,30,30,30,50,50],"floor_reached":29,"playtime":1456,"items_purged":[],"score":290,"play_id":"7130f343-3e19-40ca-a9ea-4ba7b40a2cfe","local_time":"20190208015539","is_ascension_mode":true,"campfire_choices":[{"floor":6,"key":"REST"},{"floor":11,"key":"REST"},{"floor":15,"key":"REST"},{"floor":27,"key":"REST"}],"neow_cost":"NONE","seed_source_timestamp":2294999473462511,"circlet_count":0,"master_deck":["Defend_G+1","Defend_G+1","Defend_G+1","Defend_G+1","Defend_G+1","Strike_G+1","Strike_G+1","Strike_G+1","Strike_G+1","Strike_G+1","Survivor","Neutralize","Poisoned Stab","Blade Dance","Poisoned Stab","Choke","Footwork","Bouncing Flask","Infinite Blades","Dagger Throw","After Image","Slice","Accuracy","Cloak And Dagger","Slice","Footwork","Dagger Spray"],"relics":["Ring of the Snake","The Courier","Golden Idol","Girya","Matryoshka","Boot","Bronze Scales","Sozu","Snake Skull","Red Mask","Omamori","Meat on the Bone"],"potions_floor_usage":[10,16],"damage_taken":[{"damage":6,"enemies":"2 Louse","floor":1,"turns":2},{"damage":0,"enemies":"Jaw Worm","floor":2,"turns":5},{"damage":9,"enemies":"Small Slimes","floor":5,"turns":3},{"damage":16,"enemies":"2 Fungi Beasts","floor":8,"turns":4},{"damage":15,"enemies":"3 Sentries","floor":10,"turns":6},{"damage":0,"enemies":"Blue Slaver","floor":12,"turns":3},{"damage":15,"enemies":"Exordium Wildlife","floor":14,"turns":5},{"damage":14,"enemies":"Hexaghost","floor":16,"turns":9},{"damage":23,"enemies":"2 Thieves","floor":18,"turns":4},{"damage":37,"enemies":"Masked Bandits","floor":21,"turns":5},{"damage":3,"enemies":"Spheric Guardian","floor":24,"turns":4},{"damage":14,"enemies":"Shelled Parasite and Fungi","floor":28,"turns":5},{"damage":22,"enemies":"Centurion and Healer","floor":29,"turns":3}],"seed_played":"-387788625630258448","potions_obtained":[{"floor":2,"key":"AttackPotion"},{"floor":10,"key":"GhostInAJar"}],"is_trial":false,"path_per_floor":["M","M","?","?","M","R","?","M","T","E","R","M","$","M","R","B",null,"M","?","$","?","$","?","M","$","T","R","M","M"],"character_chosen":"THE_SILENT","items_purchased":["Boot","Infinite Blades","Bronze Scales","Snake Skull","Accuracy","Footwork"],"campfire_rested":4,"item_purchase_floors":[13,13,13,20,20,25],"current_hp_per_floor":[57,57,50,33,24,45,50,34,34,19,41,41,41,26,48,34,65,42,42,42,5,5,5,2,2,2,24,22,0],"gold":50,"neow_bonus":"HUNDRED_GOLD","is_prod":false,"is_daily":false,"chose_seed":false,"campfire_upgraded":0,"win_rate":0,"timestamp":1549619739,"path_taken":["M","M","?","?","M","R","?","M","T","E","R","M","$","M","R","BOSS","M","?","$","?","$","?","M","?","T","R","?","M"],"build_version":"2019-01-23","purchased_purges":0,"victory":false,"max_hp_per_floor":[70,70,70,70,70,70,75,75,75,75,75,75,75,75,75,75,75,75,75,75,75,75,75,75,75,75,75,75,75],"card_choices":[{"not_picked":["Prepared","Cloak And Dagger"],"picked":"Poisoned Stab","floor":1},{"not_picked":["Accuracy","PiercingWail"],"picked":"Blade Dance","floor":2},{"not_picked":["Prepared","Catalyst"],"picked":"Poisoned Stab","floor":5},{"not_picked":["Dagger Throw","Bouncing Flask"],"picked":"Choke","floor":8},{"not_picked":["Accuracy","Finisher"],"picked":"Footwork","floor":10},{"not_picked":["Flechettes","Terror"],"picked":"Bouncing Flask","floor":12},{"not_picked":["Quick Slash","Outmaneuver"],"picked":"Dagger Throw","floor":14},{"not_picked":["Grand Finale","Night Terror"],"picked":"After Image","floor":16},{"not_picked":["Concentrate","Bouncing Flask+1"],"picked":"Slice","floor":18},{"not_picked":["Dash+1","Dodge and Roll"],"picked":"Cloak And Dagger","floor":21},{"not_picked":["Outmaneuver","Caltrops"],"picked":"Slice","floor":24},{"not_picked":["Quick Slash","Dodge and Roll"],"picked":"Dagger Spray","floor":28}],"player_experience":270998,"relics_obtained":[{"floor":9,"key":"Girya"},{"floor":10,"key":"Matryoshka"},{"floor":21,"key":"Red Mask"},{"floor":26,"key":"Omamori"},{"floor":26,"key":"Meat on the Bone"}],"event_choices":[{"damage_healed":0,"gold_gain":0,"player_choice":"Success","damage_taken":7,"relics_obtained":["The Courier"],"max_hp_gain":0,"max_hp_loss":0,"event_name":"Scrap Ooze","floor":3,"gold_loss":0},{"damage_healed":0,"gold_gain":0,"player_choice":"Take Damage","damage_taken":17,"relics_obtained":["Golden Idol"],"max_hp_gain":0,"max_hp_loss":0,"event_name":"Golden Idol","floor":4,"gold_loss":0},{"damage_healed":0,"gold_gain":0,"player_choice":"Donut","damage_taken":0,"max_hp_gain":5,"max_hp_loss":0,"event_name":"Big Fish","floor":7,"gold_loss":0},{"damage_healed":0,"gold_gain":0,"player_choice":"Simplicity","damage_taken":0,"max_hp_gain":0,"max_hp_loss":0,"event_name":"Back to Basics","floor":19,"gold_loss":0,"cards_upgraded":["Defend_G","Defend_G","Defend_G","Defend_G","Defend_G","Strike_G","Strike_G","Strike_G","Strike_G","Strike_G"]},{"damage_healed":0,"gold_gain":0,"player_choice":"Fought Bandits","damage_taken":0,"max_hp_gain":0,"max_hp_loss":0,"event_name":"Masked Bandits","floor":21,"gold_loss":0},{"damage_healed":0,"gold_gain":0,"player_choice":"Ignored","damage_taken":0,"max_hp_gain":0,"max_hp_loss":0,"event_name":"Vampires","floor":23,"gold_loss":0}],"is_beta":false,"boss_relics":[{"not_picked":["Eternal Feather","Calling Bell"],"picked":"Sozu"}],"items_purged_floors":[],"is_endless":false,"potions_floor_spawned":[2,10,21,24],"killed_by":"Centurion and Healer","ascension_level":6}