{"gold_per_floor":[360,71,89,89,14,14,89,121,200,211,386,399,101,135,135,240,240,257,257,257,276,276],"floor_reached":22,"playtime":1851,"items_purged":["Pain","Doubt"],"score":236,"play_id":"be973794-e3d4-4aae-b20d-e1c9399cc448","local_time":"20190109013155","is_ascension_mode":true,"campfire_choices":[{"floor":6,"key":"REST"},{"floor":15,"key":"REST"}],"neow_cost":"CURSE","seed_source_timestamp":796920035042164,"circlet_count":0,"master_deck":["Strike_R","Strike_R","Strike_R+1","Strike_R","Strike_R","Defend_R","Defend_R","Defend_R","Defend_R","Bash","Pommel Strike+1","Thunderclap","Bloodletting","Pommel Strike","Twin Strike","Perfected Strike","Juggernaut","Burning Pact","Twin Strike"],"relics":["Burning Blood","Mango","Bottled Lightning","Dodecahedron","Lee\u0027s Waffle","Ornamental Fan","Lizard Tail"],"potions_floor_usage":[8,16,21,21,22],"damage_taken":[{"damage":12,"enemies":"Jaw Worm","floor":1,"turns":3},{"damage":10,"enemies":"Small Slimes","floor":3,"turns":3},{"damage":35,"enemies":"3 Sentries","floor":8,"turns":10},{"damage":1,"enemies":"Cultist","floor":10,"turns":3},{"damage":2,"enemies":"Looter","floor":12,"turns":4},{"damage":21,"enemies":"Lagavulin","floor":14,"turns":6},{"damage":89,"enemies":"Hexaghost","floor":16,"turns":11},{"damage":24,"enemies":"3 Byrds","floor":18,"turns":6},{"damage":55,"enemies":"Colosseum Slavers","floor":19,"turns":5},{"damage":37,"enemies":"2 Thieves","floor":21,"turns":4},{"damage":63,"enemies":"Shelled Parasite and Fungi","floor":22,"turns":4}],"seed_played":"6473458938742610473","potions_obtained":[{"floor":3,"key":"GamblersBrew"},{"floor":8,"key":"AttackPotion"},{"floor":20,"key":"PowerPotion"},{"floor":20,"key":"Fire Potion"},{"floor":20,"key":"Strength Potion"},{"floor":21,"key":"Dexterity Potion"}],"is_trial":false,"path_per_floor":["M","$","M","?","$","R","?","E","T","M","?","M","$","E","R","B",null,"M","?","?","M","M"],"character_chosen":"IRONCLAD","items_purchased":["Mango","Lee\u0027s Waffle"],"campfire_rested":2,"item_purchase_floors":[2,13],"current_hp_per_floor":[74,88,84,65,65,93,82,53,53,58,58,62,101,86,101,18,101,83,34,34,56,0],"gold":276,"neow_bonus":"TWO_FIFTY_GOLD","is_prod":false,"is_daily":false,"chose_seed":false,"campfire_upgraded":0,"win_rate":0,"timestamp":1547026315,"path_taken":["M","$","M","?","$","R","?","E","T","M","?","M","?","E","R","BOSS","M","?","?","?","M"],"build_version":"2019-01-03v4","purchased_purges":2,"victory":false,"max_hp_per_floor":[80,94,94,94,94,94,94,94,94,94,94,94,101,101,101,101,101,101,101,101,101,101],"card_choices":[{"not_picked":["Cleave","Clash"],"picked":"Pommel Strike","floor":1},{"not_picked":["Wild Strike","Pummel"],"picked":"Thunderclap","floor":3},{"not_picked":["Wild Strike","Thunderclap"],"picked":"Bloodletting","floor":8},{"not_picked":["Fire Breathing","Clothesline"],"picked":"Pommel Strike","floor":10},{"not_picked":["Exhume","Sword Boomerang"],"picked":"Twin Strike","floor":12},{"not_picked":["Entrench","Body Slam"],"picked":"Perfected Strike","floor":14},{"not_picked":["Dark Embrace","Offering"],"picked":"Juggernaut","floor":16},{"not_picked":["Wild Strike+1","Rampage+1"],"picked":"Burning Pact","floor":18},{"not_picked":["Heavy Blade","Bloodletting"],"picked":"Twin Strike","floor":21}],"player_experience":57900,"relics_obtained":[{"floor":8,"key":"Bottled Lightning"},{"floor":9,"key":"Dodecahedron"},{"floor":14,"key":"Ornamental Fan"}],"event_choices":[{"damage_healed":0,"gold_gain":0,"player_choice":"Entered Light","damage_taken":19,"max_hp_gain":0,"max_hp_loss":0,"event_name":"Shining Light","floor":4,"gold_loss":0,"cards_upgraded":["Strike_R","Pommel Strike"]},{"damage_healed":0,"gold_gain":75,"player_choice":"Gather Gold","damage_taken":11,"max_hp_gain":0,"max_hp_loss":0,"event_name":"World of Goop","floor":7,"gold_loss":0},{"damage_healed":0,"gold_gain":175,"player_choice":"AGREE","damage_taken":0,"max_hp_gain":0,"max_hp_loss":0,"event_name":"Liars Game","floor":11,"gold_loss":0,"cards_obtained":["Doubt"]},{"damage_healed":0,"gold_gain":0,"player_choice":"Fight","damage_taken":0,"max_hp_gain":0,"max_hp_loss":0,"event_name":"Colosseum","floor":19,"gold_loss":0},{"damage_healed":0,"gold_gain":0,"player_choice":"Fled From Nobs","damage_taken":0,"max_hp_gain":0,"max_hp_loss":0,"event_name":"Colosseum","floor":19,"gold_loss":0},{"damage_healed":0,"gold_gain":0,"player_choice":"Got Potions","damage_taken":0,"max_hp_gain":0,"max_hp_loss":0,"event_name":"Lab","floor":20,"gold_loss":0}],"is_beta":false,"boss_relics":[{"not_picked":["Tiny House","Fusion Hammer"],"picked":"Lizard Tail"}],"items_purged_floors":[5,13],"is_endless":false,"potions_floor_spawned":[3,8,19,21],"killed_by":"Shelled Parasite and Fungi","ascension_level":2}