{"gold_per_floor":[218,218,218,73,92,123,123,142,165,165,233,233,258,228,228,348,348,369,369,394,394,412,412,22,22,71,71],"floor_reached":27,"playtime":1919,"items_purged":["Regret","Strike_B"],"score":219,"play_id":"c7103692-0f0b-41c0-9a0a-45bfb567920a","local_time":"20190208143041","is_ascension_mode":true,"campfire_choices":[{"data":"Zap","floor":7,"key":"SMITH"},{"data":"Dualcast","floor":10,"key":"SMITH"},{"floor":12,"key":"REST"},{"data":"Go for the Eyes","floor":15,"key":"SMITH"},{"data":"Machine Learning","floor":23,"key":"SMITH"},{"data":"Consume","floor":25,"key":"SMITH"}],"neow_cost":"NONE","seed_source_timestamp":845993298242400,"circlet_count":0,"master_deck":["Strike_B","Strike_B","Strike_B","Defend_B","Defend_B","Defend_B","Defend_B","Zap+1","Dualcast+1","Ball Lightning","Go for the Eyes+1","Conserve Battery","Capacitor","Capacitor","Hologram","Ball Lightning","Machine Learning+1","Coolheaded+1","White Noise","Coolheaded+1","Consume+1","Hologram"],"relics":["Cracked Core","Golden Idol","Strawberry","Bag of Marbles","Sundial","Sozu","Nloth\u0027s Gift","ClockworkSouvenir","Art of War"],"potions_floor_usage":[16],"damage_taken":[{"damage":0,"enemies":"Cultist","floor":1,"turns":4},{"damage":6,"enemies":"Jaw Worm","floor":5,"turns":3},{"damage":28,"enemies":"3 Sentries","floor":6,"turns":7},{"damage":5,"enemies":"Small Slimes","floor":8,"turns":3},{"damage":24,"enemies":"Lagavulin Event","floor":11,"turns":5},{"damage":5,"enemies":"Exordium Thugs","floor":13,"turns":4},{"damage":21,"enemies":"The Guardian","floor":16,"turns":11},{"damage":41,"enemies":"3 Byrds","floor":18,"turns":5},{"damage":4,"enemies":"Chosen","floor":20,"turns":5},{"damage":27,"enemies":"Snecko","floor":22,"turns":8},{"damage":10,"enemies":"Snake Plant","floor":27,"turns":2}],"seed_played":"-8604239139647758730","potions_obtained":[{"floor":6,"key":"AttackPotion"},{"floor":14,"key":"Regen Potion"},{"floor":14,"key":"SmokeBomb"},{"floor":16,"key":"FearPotion"}],"is_trial":false,"path_per_floor":["M","?","?","$","M","E","R","M","T","R","?","R","M","?","R","B",null,"M","?","M","?","M","R","$","R","T","M"],"character_chosen":"DEFECT","items_purchased":["Go for the Eyes","Conserve Battery","Consume","ClockworkSouvenir","Hologram"],"campfire_rested":1,"item_purchase_floors":[4,4,24,24,24],"current_hp_per_floor":[75,57,57,57,51,30,30,25,25,25,1,25,20,20,20,14,82,41,41,37,37,10,10,10,10,10,0],"gold":71,"neow_bonus":"HUNDRED_GOLD","is_prod":false,"is_daily":false,"chose_seed":false,"campfire_upgraded":5,"win_rate":0,"timestamp":1549632641,"path_taken":["M","?","?","?","M","E","R","M","T","R","?","R","M","?","R","BOSS","M","?","?","?","M","R","?","R","T","M"],"build_version":"2019-01-23","purchased_purges":2,"victory":false,"max_hp_per_floor":[75,75,75,75,75,82,82,82,82,82,82,82,82,82,82,82,82,82,82,82,82,82,82,82,82,82,82],"card_choices":[{"not_picked":["Storm","Lockon"],"picked":"Ball Lightning","floor":1},{"not_picked":["Auto Shields","Leap"],"picked":"Capacitor","floor":5},{"not_picked":["Darkness","Leap"],"picked":"Capacitor","floor":6},{"not_picked":["Force Field","Blizzard","Turbo"],"picked":"SKIP","floor":8},{"not_picked":["Thunder Strike","Leap"],"picked":"Hologram","floor":11},{"not_picked":["Doom and Gloom","Gash"],"picked":"Ball Lightning","floor":13},{"not_picked":["Fission","Meteor Strike"],"picked":"Machine Learning","floor":16},{"not_picked":["Double Energy","Compile Driver"],"picked":"Coolheaded+1","floor":18},{"not_picked":["Aggregate+1","Sweeping Beam"],"picked":"White Noise","floor":20},{"not_picked":["Heatsinks","Rebound","Amplify"],"picked":"SKIP","floor":22}],"player_experience":75863,"relics_obtained":[{"floor":6,"key":"Strawberry"},{"floor":9,"key":"Bag of Marbles"},{"floor":11,"key":"Sundial"},{"floor":26,"key":"Art of War"}],"event_choices":[{"damage_healed":0,"gold_gain":0,"player_choice":"Take Damage","damage_taken":18,"relics_obtained":["Golden Idol"],"max_hp_gain":0,"max_hp_loss":0,"event_name":"Golden Idol","floor":2,"gold_loss":0},{"damage_healed":0,"gold_gain":0,"player_choice":"Box","damage_taken":0,"relics_obtained":["Omamori"],"max_hp_gain":0,"max_hp_loss":0,"event_name":"Big Fish","floor":3,"gold_loss":0,"cards_obtained":["Regret"]},{"damage_healed":0,"gold_gain":30,"player_choice":"Searched \u00273\u0027 times","damage_taken":0,"max_hp_gain":0,"max_hp_loss":0,"event_name":"Dead Adventurer","floor":11,"gold_loss":0},{"damage_healed":0,"gold_gain":0,"player_choice":"Bought 2 Potions","damage_taken":0,"max_hp_gain":0,"max_hp_loss":0,"event_name":"The Woman in Blue","floor":14,"gold_loss":0},{"damage_healed":0,"gold_gain":0,"player_choice":"Traded Relic","damage_taken":0,"relics_obtained":["Nloth\u0027s Gift"],"max_hp_gain":0,"max_hp_loss":0,"event_name":"N\u0027loth","floor":19,"relics_lost":["Omamori"],"gold_loss":0},{"damage_healed":0,"gold_gain":0,"player_choice":"Copied","damage_taken":0,"max_hp_gain":0,"max_hp_loss":0,"event_name":"Duplicator","floor":21,"gold_loss":0,"cards_obtained":["Coolheaded"]}],"is_beta":false,"boss_relics":[{"not_picked":["FrozenCore","Ectoplasm"],"picked":"Sozu"}],"items_purged_floors":[4,24],"is_endless":false,"potions_floor_spawned":[6,16,18],"killed_by":"Snake Plant","ascension_level":1}