{"gold_per_floor":[112,387,46,58,69,69,85,85,85,85,98,98,123,145,157,268,280,307,244,268,379,409,421,458,470,482,494,519,531,555,581,593,605],"floor_reached":33,"playtime":907,"items_purged":["Injury"],"score":261,"play_id":"d6d92603-0321-49eb-8eb5-21a0f080c07d","local_time":"20190219185234","is_ascension_mode":false,"campfire_choices":[{"data":"Infernal Blade","floor":6.0,"key":"SMITH"},{"data":"Flame Barrier","floor":10.0,"key":"SMITH"},{"data":"Immolate","floor":15.0,"key":"SMITH"},{"data":"Shockwave","floor":23.0,"key":"SMITH"},{"data":"Feed","floor":25.0,"key":"SMITH"},{"floor":29.0,"key":"REST"},{"floor":32,"key":"REST"}],"neow_cost":"NONE","seed_source_timestamp":0,"circlet_count":0,"master_deck":["Strike_R","Strike_R","Strike_R","Strike_R","Defend_R","Defend_R","Defend_R","Defend_R","Bash","Clumsy","Clumsy","Flame Barrier+1","Carnage","Infernal Blade+1","Immolate+1","Armaments","Flex","Shockwave+1","Berserk+1","Armaments+1","Metallicize+1","Feed+1","Flex+1","Battle Trance","Offering"],"special_seed":0,"relics":["Calling Bell","Omamori","Mummified Hand","Calipers","PreservedInsect","Gremlin Horn","Frozen Egg 2","MawBank","Runic Dome","Art of War","Bottled Flame"],"potions_floor_usage":[31,33],"damage_taken":[{"damage":0.0,"enemies":"Small Slimes","floor":1.0,"turns":4.0},{"damage":1.0,"enemies":"Cultist","floor":4.0,"turns":3.0},{"damage":1.0,"enemies":"Jaw Worm","floor":5.0,"turns":3.0},{"damage":0.0,"enemies":"2 Fungi Beasts","floor":7.0,"turns":3.0},{"damage":0.0,"enemies":"Lots of Slimes","floor":11.0,"turns":2.0},{"damage":5.0,"enemies":"Looter","floor":13.0,"turns":2.0},{"damage":2.0,"enemies":"Blue Slaver","floor":14.0,"turns":3.0},{"damage":24.0,"enemies":"Slime Boss","floor":16.0,"turns":6.0},{"damage":5.0,"enemies":"3 Byrds","floor":18.0,"turns":3.0},{"damage":5.0,"enemies":"2 Thieves","floor":20.0,"turns":3.0},{"damage":10.0,"enemies":"Shelled Parasite and Fungi","floor":22.0,"turns":6.0},{"damage":25.0,"enemies":"Gremlin Leader","floor":24.0,"turns":4.0},{"damage":16.0,"enemies":"Snake Plant","floor":28.0,"turns":5.0},{"damage":9,"enemies":"Centurion and Healer","floor":30,"turns":5},{"damage":5,"enemies":"Cultist and Chosen","floor":31,"turns":4},{"damage":76,"enemies":"Collector","floor":33,"turns":6}],"seed_played":"6183064864048210880","potions_obtained":[{"floor":1.0,"key":"AttackPotion"},{"floor":5.0,"key":"PowerPotion"},{"floor":7.0,"key":"FearPotion"},{"floor":14.0,"key":"FearPotion"},{"floor":16.0,"key":"SkillPotion"},{"floor":24.0,"key":"PowerPotion"},{"floor":28.0,"key":"Fire Potion"}],"is_trial":false,"path_per_floor":["M","?","$","M","M","R","M","?","T","R","M","?","M","M","R","B",null,"M","?","M","?","M","R","E","R","T","?","M","R","M","M","R","B"],"character_chosen":"IRONCLAD","items_purchased":["PreservedInsect","Flame Barrier","Carnage"],"campfire_rested":2,"item_purchase_floors":[3,3,3],"current_hp_per_floor":[80,80,80,79,78,78,78,71,71,71,71,71,66,64,64,40,80,75,75,70,70,60,60,35,35,35,20,8,34,29,24,51,0],"gold":605,"neow_bonus":"BOSS_RELIC","is_prod":false,"is_daily":false,"chose_seed":false,"campfire_upgraded":5,"win_rate":0,"timestamp":1550623954,"path_taken":["M","?","$","M","?","R","M","?","T","R","M","?","?","M","R","BOSS","M","?","M","?","M","R","E","R","T","?","?","R","M","M","R","BOSS"],"build_version":"2019-01-23","purchased_purges":1,"victory":false,"max_hp_per_floor":[80,80,80,80,80,80,80,80,80,80,80,80,80,80,80,80,80,80,80,80,80,80,80,80,80,80,85,89,89,93,93,93,93],"card_choices":[{"not_picked":["Perfected Strike","Anger","Clash"],"picked":"SKIP","floor":1.0},{"not_picked":["Sword Boomerang","Power Through"],"picked":"Infernal Blade","floor":4.0},{"not_picked":["Twin Strike","Iron Wave","Wild Strike"],"picked":"SKIP","floor":5.0},{"not_picked":["Reckless Charge","Wild Strike"],"picked":"Immolate","floor":7.0},{"not_picked":["Sever Soul","Twin Strike"],"picked":"Armaments","floor":11.0},{"not_picked":["True Grit","Pommel Strike"],"picked":"Flex","floor":13.0},{"not_picked":["Body Slam","Pummel"],"picked":"Shockwave","floor":14.0},{"not_picked":["Immolate","Exhume"],"picked":"Berserk+1","floor":16.0},{"not_picked":["Sever Soul","Heavy Blade+1","Armaments"],"picked":"SKIP","floor":18.0},{"not_picked":["Seeing Red+1","Entrench"],"picked":"Armaments+1","floor":20.0},{"not_picked":["Body Slam+1","Anger"],"picked":"Metallicize+1","floor":22.0},{"not_picked":["Disarm","Body Slam+1"],"picked":"Feed","floor":24.0},{"not_picked":["Twin Strike+1","Rage"],"picked":"Flex+1","floor":28.0},{"not_picked":["Searing Blow","Body Slam"],"picked":"Battle Trance","floor":30},{"not_picked":["Perfected Strike","Twin Strike"],"picked":"Offering","floor":31}],"player_experience":883828,"relics_obtained":[{"floor":0.0,"key":"Omamori"},{"floor":0.0,"key":"Mummified Hand"},{"floor":0.0,"key":"Calipers"},{"floor":9.0,"key":"Frozen Egg 2"},{"floor":24.0,"key":"Art of War"},{"floor":26.0,"key":"Bottled Flame"}],"event_choices":[{"damage_healed":0.0,"max_hp_gain":0.0,"max_hp_loss":0.0,"gold_gain":275.0,"event_name":"Golden Shrine","player_choice":"Desecrate","floor":2.0,"gold_loss":0.0,"damage_taken":0.0,"cards_obtained":["Regret"]},{"damage_healed":0.0,"max_hp_gain":0.0,"max_hp_loss":0.0,"gold_gain":0.0,"event_name":"Scrap Ooze","player_choice":"Success","floor":8.0,"gold_loss":0.0,"damage_taken":7.0,"relics_obtained":["Gremlin Horn"]},{"damage_healed":0.0,"max_hp_gain":0.0,"max_hp_loss":0.0,"gold_gain":0.0,"event_name":"WeMeetAgain","player_choice":"Gave Potion","floor":12.0,"gold_loss":0.0,"damage_taken":0.0,"relics_obtained":["MawBank"]},{"cards_removed":["Strike_R"],"damage_healed":0.0,"max_hp_gain":0.0,"max_hp_loss":0.0,"gold_gain":0.0,"event_name":"Beggar","player_choice":"Gave Gold","floor":19.0,"gold_loss":75.0,"damage_taken":0.0},{"damage_healed":0.0,"max_hp_gain":0.0,"max_hp_loss":0.0,"gold_gain":99.0,"event_name":"Nest","player_choice":"Stole From Cult","floor":21.0,"gold_loss":0.0,"damage_taken":0.0},{"damage_healed":0.0,"max_hp_gain":5.0,"max_hp_loss":0.0,"gold_gain":0.0,"event_name":"Forgotten Altar","player_choice":"Shed Blood","floor":27.0,"gold_loss":0.0,"damage_taken":20.0}],"is_beta":false,"boss_relics":[{"not_picked":["Lizard Tail","Orrery"],"picked":"Runic Dome"}],"items_purged_floors":[3],"is_endless":false,"potions_floor_spawned":[1,5,7,14,16,24,28],"killed_by":"Collector","ascension_level":0}