{"gold_per_floor":[148,161,336,336,192,192,211,228,228,240,254,288,117,147,147,242,242,259,16,28,38,38,38,72,92,92,121,40,54,80,80,80,80],"floor_reached":33,"playtime":1930,"items_purged":["Doubt"],"score":435,"play_id":"97c218b2-673f-45eb-b7b2-0a9c652ddb9b","local_time":"20190210235607","is_ascension_mode":true,"campfire_choices":[{"data":"Infernal Blade","floor":6,"key":"SMITH"},{"floor":15,"key":"REST"},{"floor":23,"key":"REST"},{"floor":32,"key":"REST"}],"neow_cost":"NONE","seed_source_timestamp":2546561590427128,"circlet_count":0,"master_deck":["Strike_R","Strike_R","Strike_R","Strike_R","Strike_R","Defend_R","Defend_R","Defend_R","Defend_R","Bash","Spot Weakness+1","Shrug It Off","Infernal Blade+1","Immolate","Flex","Sword Boomerang","Rage","Thunderclap","Apotheosis","Heavy Blade","Feed","Heavy Blade+1","Disarm+1","Shame","Shockwave","Seeing Red+1","Inflame","Warcry+1","Thunderclap+1"],"relics":["Burning Blood","Tiny Chest","Blood Vial","Mummified Hand","Torii","Sozu","Paper Frog","Ice Cream","Smiling Mask","Toxic Egg 2","Dream Catcher","Bag of Marbles","Oddly Smooth Stone"],"potions_floor_usage":[8,12,12,16,16],"damage_taken":[{"damage":10,"enemies":"Small Slimes","floor":1,"turns":5},{"damage":6,"enemies":"Cultist","floor":2,"turns":4},{"damage":2,"enemies":"Jaw Worm","floor":7,"turns":3},{"damage":14,"enemies":"Exordium Thugs","floor":8,"turns":3},{"damage":0,"enemies":"Blue Slaver","floor":10,"turns":3},{"damage":13,"enemies":"Exordium Wildlife","floor":11,"turns":4},{"damage":20,"enemies":"Lagavulin","floor":12,"turns":3},{"damage":12,"enemies":"3 Sentries","floor":14,"turns":3},{"damage":11,"enemies":"Slime Boss","floor":16,"turns":8},{"damage":31,"enemies":"2 Thieves","floor":18,"turns":3},{"damage":0,"enemies":"Chosen","floor":20,"turns":3},{"damage":17,"enemies":"Centurion and Healer","floor":21,"turns":5},{"damage":21,"enemies":"Gremlin Leader","floor":24,"turns":6},{"damage":31,"enemies":"Shelled Parasite and Fungi","floor":25,"turns":5},{"damage":29,"enemies":"Book of Stabbing","floor":27,"turns":5},{"damage":31,"enemies":"Snake Plant","floor":29,"turns":3},{"damage":61,"enemies":"Champ","floor":33,"turns":6}],"seed_played":"-7085513500996572018","potions_obtained":[{"floor":2,"key":"Strength Potion"},{"floor":8,"key":"AttackPotion"},{"floor":10,"key":"SteroidPotion"},{"floor":12,"key":"Energy Potion"},{"floor":14,"key":"SkillPotion"}],"is_trial":false,"path_per_floor":["M","M","?","?","$","R","M","M","T","M","M","E","$","E","R","B",null,"M","$","M","M","?","R","E","M","T","E","$","M","T","T","R","B"],"character_chosen":"IRONCLAD","items_purchased":["Infernal Blade","Apotheosis","Paper Frog","Inflame"],"campfire_rested":3,"item_purchase_floors":[5,13,19,28],"current_hp_per_floor":[68,68,68,68,68,68,72,64,64,72,67,55,55,51,75,72,78,55,55,67,58,58,83,69,50,50,33,33,10,10,10,37,0],"gold":80,"neow_bonus":"RANDOM_COMMON_RELIC","is_prod":false,"is_daily":false,"chose_seed":false,"campfire_upgraded":1,"win_rate":0,"timestamp":1549871767,"path_taken":["M","M","?","?","$","R","M","?","T","?","M","E","$","E","R","BOSS","M","$","M","M","?","R","E","M","T","E","$","M","?","?","R","BOSS"],"build_version":"2019-01-23","purchased_purges":1,"victory":false,"max_hp_per_floor":[80,80,80,80,80,80,80,80,80,80,80,80,80,80,80,80,80,80,80,84,84,84,84,84,88,88,92,92,92,92,92,92,92],"card_choices":[{"not_picked":["True Grit","Rampage"],"picked":"Spot Weakness","floor":1},{"not_picked":["Anger","Clothesline"],"picked":"Shrug It Off","floor":2},{"not_picked":["Flex","Feel No Pain"],"picked":"Immolate","floor":7},{"not_picked":["Perfected Strike","Armaments"],"picked":"Flex","floor":8},{"not_picked":["Body Slam","Sever Soul"],"picked":"Sword Boomerang","floor":10},{"not_picked":["Sword Boomerang","Headbutt"],"picked":"Rage","floor":11},{"not_picked":["Clash","Havoc"],"picked":"Thunderclap","floor":12},{"not_picked":["Dropkick","Havoc"],"picked":"Heavy Blade","floor":14},{"not_picked":["Double Tap","Berserk"],"picked":"Feed","floor":16},{"not_picked":["Headbutt","Havoc+1"],"picked":"Heavy Blade+1","floor":18},{"not_picked":["Reckless Charge","True Grit","Perfected Strike"],"picked":"SKIP","floor":20},{"not_picked":["Body Slam","Cleave+1"],"picked":"Disarm+1","floor":21},{"not_picked":["Havoc+1","Body Slam"],"picked":"Shockwave","floor":24},{"not_picked":["Anger+1","Sever Soul+1","Heavy Blade"],"picked":"SKIP","floor":25},{"not_picked":["Juggernaut","Shrug It Off+1"],"picked":"Seeing Red+1","floor":27},{"not_picked":["Anger","Rage+1"],"picked":"Warcry+1","floor":29},{"not_picked":["Cleave","Feed"],"picked":"Thunderclap+1","floor":32}],"player_experience":348189,"relics_obtained":[{"floor":9,"key":"Blood Vial"},{"floor":12,"key":"Mummified Hand"},{"floor":14,"key":"Torii"},{"floor":24,"key":"Smiling Mask"},{"floor":26,"key":"Toxic Egg 2"},{"floor":27,"key":"Dream Catcher"},{"floor":30,"key":"Bag of Marbles"},{"floor":31,"key":"Oddly Smooth Stone"}],"event_choices":[{"damage_healed":0,"gold_gain":175,"player_choice":"AGREE","damage_taken":0,"max_hp_gain":0,"max_hp_loss":0,"event_name":"Liars Game","floor":3,"gold_loss":0,"cards_obtained":["Doubt"]},{"damage_healed":0,"gold_gain":0,"player_choice":"Forge","damage_taken":0,"max_hp_gain":0,"max_hp_loss":0,"event_name":"Accursed Blacksmith","floor":4,"gold_loss":0,"cards_upgraded":["Spot Weakness"]},{"damage_healed":0,"gold_gain":0,"player_choice":"Stole Relic","damage_taken":0,"relics_obtained":["Ice Cream"],"max_hp_gain":0,"max_hp_loss":0,"event_name":"Addict","floor":22,"gold_loss":0,"cards_obtained":["Shame"]}],"is_beta":false,"boss_relics":[{"not_picked":["Runic Cube","Lizard Tail"],"picked":"Sozu"}],"items_purged_floors":[5],"is_endless":false,"potions_floor_spawned":[2,8,10,12,14,18,21,24],"killed_by":"Champ","ascension_level":7}