{"gold_per_floor":[119,119,119,134,134,160,160,176,176,207,217,167,199,219,219,322,322,340,360,360,360,373,148,148,182,182,182,182,194,194,211,211,312,312,328,147,157,83,99,99,117,133,215,215,215,242,255,255],"floor_reached":48,"playtime":3536,"items_purged":["Writhe"],"score":711,"play_id":"c7ca17a6-5bc0-4aa0-94c6-ac3b7a6ec03d","local_time":"20190210222952","is_ascension_mode":true,"campfire_choices":[{"data":"Double Tap","floor":7,"key":"SMITH"},{"floor":15,"key":"REST"},{"floor":24,"key":"REST"},{"floor":27,"key":"REST"},{"data":"Demon Form","floor":30,"key":"SMITH"},{"data":"Heavy Blade","floor":32,"key":"SMITH"},{"floor":40,"key":"REST"},{"floor":44,"key":"REST"}],"neow_cost":"NONE","seed_source_timestamp":2539780440035119,"circlet_count":0,"master_deck":["Strike_R+1","Strike_R+1","Strike_R+1","Strike_R+1","Defend_R+1","Defend_R+1","Defend_R+1","Defend_R+1","Bash+1","Warcry+1","Shrug It Off+1","Double Tap+1","Rage+1","Flex","Heavy Blade+1","Pommel Strike","Offering","Cleave","Iron Wave","Cleave","Bash","Demon Form+1","Exhume+1","Twin Strike","Shrug It Off+1","Flame Barrier+1","Metallicize","Shrug It Off+1","Blind+1","Clothesline+1"],"relics":["Burning Blood","NeowsBlessing","Shuriken","Boot","Pocketwatch","Ornamental Fan","Busted Crown","Happy Flower","War Paint","Toxic Egg 2","Blue Candle","Mark of Pain","Oddly Smooth Stone","Pantograph","Champion Belt"],"potions_floor_usage":[10,10,25,39,46],"damage_taken":[{"damage":0,"enemies":"Small Slimes","floor":1,"turns":2},{"damage":0,"enemies":"Jaw Worm","floor":4,"turns":1},{"damage":0,"enemies":"Gremlin Nob","floor":6,"turns":1},{"damage":0,"enemies":"Cultist","floor":8,"turns":3},{"damage":17,"enemies":"Lagavulin","floor":10,"turns":5},{"damage":4,"enemies":"2 Fungi Beasts","floor":11,"turns":3},{"damage":23,"enemies":"Gremlin Nob","floor":13,"turns":4},{"damage":36,"enemies":"Exordium Thugs","floor":14,"turns":7},{"damage":32,"enemies":"The Guardian","floor":16,"turns":15},{"damage":13,"enemies":"3 Byrds","floor":18,"turns":6},{"damage":9,"enemies":"2 Thieves","floor":19,"turns":4},{"damage":29,"enemies":"Shelled Parasite and Fungi","floor":22,"turns":4},{"damage":20,"enemies":"Gremlin Leader","floor":25,"turns":4},{"damage":9,"enemies":"Sentry and Sphere","floor":29,"turns":4},{"damage":0,"enemies":"3 Cultists","floor":31,"turns":4},{"damage":36,"enemies":"Collector","floor":33,"turns":6},{"damage":28,"enemies":"3 Shapes","floor":35,"turns":6},{"damage":7,"enemies":"Orb Walker","floor":37,"turns":2},{"damage":21,"enemies":"Jaw Worm Horde","floor":39,"turns":3},{"damage":24,"enemies":"3 Darklings","floor":41,"turns":5},{"damage":11,"enemies":"Maw","floor":42,"turns":6},{"damage":25,"enemies":"Giant Head","floor":46,"turns":8},{"damage":9,"enemies":"4 Shapes","floor":47,"turns":7},{"damage":78,"enemies":"Reptomancer","floor":48,"turns":6}],"seed_played":"8521246333601228641","potions_obtained":[{"floor":6,"key":"AttackPotion"},{"floor":8,"key":"Weak Potion"},{"floor":11,"key":"FairyPotion"},{"floor":13,"key":"FairyPotion"},{"floor":19,"key":"Ancient Potion"},{"floor":22,"key":"Regen Potion"},{"floor":33,"key":"Weak Potion"},{"floor":42,"key":"SpeedPotion"}],"is_trial":false,"path_per_floor":["M","$","?","M","?","E","R","M","T","E","M","?","E","M","R","B",null,"M","M","?","?","M","$","R","E","T","R","?","M","R","M","R","B",null,"M","$","M","$","M","R","M","M","T","R","?","E","M","E"],"character_chosen":"IRONCLAD","items_purchased":["War Paint","Oddly Smooth Stone","Shrug It Off+1","Metallicize"],"campfire_rested":5,"item_purchase_floors":[23,36,36,38],"current_hp_per_floor":[78,78,62,68,68,74,74,80,80,69,71,71,54,24,48,22,66,59,56,56,56,33,33,57,55,55,79,79,76,76,80,80,50,73,51,51,50,50,35,59,41,36,36,60,60,41,38,0],"gold":255,"neow_bonus":"THREE_ENEMY_KILL","is_prod":false,"is_daily":false,"chose_seed":false,"campfire_upgraded":3,"win_rate":0,"timestamp":1549866592,"path_taken":["M","$","?","M","?","E","R","?","T","E","M","?","E","M","R","BOSS","M","M","?","?","?","$","R","E","T","R","?","M","R","M","R","BOSS","M","$","?","?","?","R","M","M","T","R","?","E","M","E"],"build_version":"2019-01-23","purchased_purges":1,"victory":false,"max_hp_per_floor":[80,80,80,80,80,80,80,80,80,80,80,80,80,80,80,80,80,80,80,80,80,80,80,80,80,80,80,80,80,80,80,80,80,80,80,80,80,80,80,80,80,80,80,80,80,80,80,80],"card_choices":[{"not_picked":["Twin Strike","Burning Pact"],"picked":"Warcry","floor":1},{"not_picked":["Headbutt","Clothesline"],"picked":"Shrug It Off","floor":4},{"not_picked":["Body Slam","Power Through"],"picked":"Double Tap","floor":6},{"not_picked":["Perfected Strike","Sword Boomerang"],"picked":"Rage","floor":8},{"not_picked":["Clothesline","Metallicize"],"picked":"Flex","floor":10},{"not_picked":["Reaper","Rampage"],"picked":"Heavy Blade","floor":11},{"not_picked":["Body Slam","Warcry"],"picked":"Pommel Strike","floor":13},{"not_picked":["Feel No Pain","Body Slam","Carnage"],"picked":"SKIP","floor":14},{"not_picked":["Fiend Fire","Bludgeon"],"picked":"Offering","floor":16},{"not_picked":["Reckless Charge+1"],"picked":"SKIP","floor":18},{"not_picked":[],"picked":"Cleave","floor":19},{"not_picked":[],"picked":"Iron Wave","floor":22},{"not_picked":[],"picked":"Cleave","floor":25},{"not_picked":["Clash"],"picked":"SKIP","floor":29},{"not_picked":["Body Slam+1"],"picked":"SKIP","floor":31},{"not_picked":[],"picked":"Exhume+1","floor":33},{"not_picked":[],"picked":"Twin Strike","floor":35},{"not_picked":[],"picked":"Flame Barrier+1","floor":37},{"not_picked":["Body Slam+1"],"picked":"SKIP","floor":39},{"not_picked":["Perfected Strike+1"],"picked":"SKIP","floor":41},{"not_picked":[],"picked":"Shrug It Off+1","floor":42},{"not_picked":["Bludgeon"],"picked":"SKIP","floor":46},{"not_picked":[],"picked":"Clothesline+1","floor":47}],"player_experience":341446,"relics_obtained":[{"floor":6,"key":"Shuriken"},{"floor":9,"key":"Boot"},{"floor":10,"key":"Pocketwatch"},{"floor":13,"key":"Ornamental Fan"},{"floor":25,"key":"Toxic Egg 2"},{"floor":26,"key":"Blue Candle"},{"floor":43,"key":"Pantograph"},{"floor":46,"key":"Champion Belt"}],"event_choices":[{"damage_healed":0,"gold_gain":0,"player_choice":"Entered Light","damage_taken":16,"max_hp_gain":0,"max_hp_loss":0,"event_name":"Shining Light","floor":3,"gold_loss":0,"cards_upgraded":["Warcry","Bash"]},{"damage_healed":0,"gold_gain":0,"player_choice":"Bought 0 Potions","damage_taken":0,"max_hp_gain":0,"max_hp_loss":0,"event_name":"The Woman in Blue","floor":5,"gold_loss":0},{"cards_removed":["Strike_R"],"damage_healed":0,"gold_gain":0,"player_choice":"Card Removal","damage_taken":0,"max_hp_gain":0,"max_hp_loss":0,"event_name":"The Cleric","floor":12,"gold_loss":50},{"damage_healed":0,"gold_gain":0,"player_choice":"Opened","damage_taken":0,"relics_obtained":["Happy Flower"],"max_hp_gain":0,"max_hp_loss":0,"event_name":"The Mausoleum","floor":20,"gold_loss":0,"cards_obtained":["Writhe"]},{"damage_healed":0,"gold_gain":0,"player_choice":"Simplicity","damage_taken":0,"max_hp_gain":0,"max_hp_loss":0,"event_name":"Back to Basics","floor":21,"gold_loss":0,"cards_upgraded":["Strike_R","Strike_R","Strike_R","Strike_R","Defend_R","Defend_R","Defend_R","Defend_R"]},{"damage_healed":0,"gold_gain":0,"player_choice":"2 cards matched","damage_taken":0,"max_hp_gain":0,"max_hp_loss":0,"event_name":"Match and Keep!","floor":28,"gold_loss":0,"cards_obtained":["Bash","Demon Form"]},{"damage_healed":0,"gold_gain":0,"player_choice":"1 cards matched","damage_taken":0,"max_hp_gain":0,"max_hp_loss":0,"event_name":"Match and Keep!","floor":45,"gold_loss":0,"cards_obtained":["Blind"]}],"is_beta":false,"boss_relics":[{"not_picked":["Ectoplasm","Coffee Dripper"],"picked":"Busted Crown"},{"not_picked":["Empty Cage","Velvet Choker"],"picked":"Mark of Pain"}],"items_purged_floors":[23],"is_endless":false,"potions_floor_spawned":[6,8,11,13,19,22,33,35,37,42],"killed_by":"Reptomancer","ascension_level":7}