{"gold_per_floor":[116,116,291,302,31,61,79,79,79,97,115,115,8,19,19,120,120,133,232,232,246,262,296,296,296,321,335,32,32,32,47,47,147,147,159,159,159,175,175,204,204,28,28,28,55,55,55],"floor_reached":47,"playtime":1200,"items_purged":["Doubt","Normality"],"score":854,"play_id":"c26ce52c-591b-454b-9210-85e58e0cf27a","local_time":"20190202221834","is_ascension_mode":true,"campfire_choices":[{"data":"Corruption","floor":8.0,"key":"SMITH"},{"data":"Armaments","floor":12.0,"key":"SMITH"},{"floor":15.0,"key":"REST"},{"data":"Barricade","floor":24.0,"key":"SMITH"},{"data":"Shockwave","floor":32.0,"key":"SMITH"},{"floor":44.0,"key":"REST"}],"neow_cost":"NONE","seed_source_timestamp":1072770488962871,"circlet_count":0,"master_deck":["Strike_R","Strike_R","Strike_R","Strike_R","Strike_R","Defend_R","Defend_R+1","Defend_R+1","Defend_R","Bash+1","Armaments+1","Shockwave+1","Clothesline","Corruption+1","Metallicize","Twin Strike","Pummel","Ghostly Armor","Barricade+1","Feed","Sword Boomerang","Writhe","Fiend Fire","Shrug It Off","Pummel+1","Heavy Blade","Pain","Shrug It Off+1","Exhume","Dual Wield","Writhe","Shame","Carnage","Metamorphosis","Apotheosis+1","Shame","Warcry+1"],"special_seed":0,"relics":["Burning Blood","Dodecahedron","Brimstone","Gremlin Horn","Sundial","Cursed Key","War Paint","Orichalcum","Oddly Smooth Stone","Pen Nib","Potion Belt","Black Star","Shuriken","Juzu Bracelet","Ancient Tea Set","Turnip","Toxic Egg 2","Bag of Preparation"],"potions_floor_usage":[47],"damage_taken":[{"damage":12.0,"enemies":"Small Slimes","floor":1.0,"turns":3.0},{"damage":3.0,"enemies":"2 Louse","floor":4.0,"turns":4.0},{"damage":18.0,"enemies":"Lagavulin","floor":6.0,"turns":5.0},{"damage":10.0,"enemies":"Jaw Worm","floor":7.0,"turns":3.0},{"damage":2.0,"enemies":"2 Fungi Beasts","floor":10.0,"turns":3.0},{"damage":12.0,"enemies":"3 Louse","floor":11.0,"turns":3.0},{"damage":16.0,"enemies":"Exordium Wildlife","floor":14.0,"turns":3.0},{"damage":21.0,"enemies":"Slime Boss","floor":16.0,"turns":4.0},{"damage":0.0,"enemies":"Spheric Guardian","floor":18.0,"turns":3.0},{"damage":0.0,"enemies":"Shell Parasite","floor":21.0,"turns":3.0},{"damage":0.0,"enemies":"3 Cultists","floor":22.0,"turns":4.0},{"damage":39.0,"enemies":"Gremlin Leader","floor":23.0,"turns":5.0},{"damage":4.0,"enemies":"Snecko","floor":27.0,"turns":3.0},{"damage":0.0,"enemies":"Book of Stabbing","floor":29.0,"turns":1.0},{"damage":7.0,"enemies":"Shelled Parasite and Fungi","floor":31.0,"turns":3.0},{"damage":15.0,"enemies":"Champ","floor":33.0,"turns":6.0},{"damage":21.0,"enemies":"Orb Walker","floor":35.0,"turns":3.0},{"damage":41.0,"enemies":"3 Darklings","floor":38.0,"turns":3.0},{"damage":9.0,"enemies":"Nemesis","floor":40.0,"turns":5.0},{"damage":42.0,"enemies":"Reptomancer","floor":45.0,"turns":4.0},{"damage":59,"enemies":"Writhing Mass","floor":47,"turns":3}],"seed_played":"4416328856684195382","potions_obtained":[{"floor":6.0,"key":"AttackPotion"},{"floor":7.0,"key":"SpeedPotion"},{"floor":14.0,"key":"SteroidPotion"},{"floor":21.0,"key":"Block Potion"},{"floor":22.0,"key":"Weak Potion"},{"floor":23.0,"key":"SmokeBomb"},{"floor":33.0,"key":"GamblersBrew"},{"floor":35.0,"key":"AttackPotion"},{"floor":40.0,"key":"Strength Potion"}],"is_trial":false,"path_per_floor":["M","?","?","M","$","E","M","R","T","M","M","R","$","M","R","B",null,"M","?","?","M","M","E","R","$","T","M","$","E","T","M","R","B",null,"M","?","?","M","T","E","?","$","T","R","E","?","M"],"character_chosen":"IRONCLAD","items_purchased":["Brimstone","Pummel","Ghostly Armor","Heavy Blade","Pen Nib","Apotheosis"],"campfire_rested":2,"item_purchase_floors":[5,13,13,28,28,42],"current_hp_per_floor":[66,59,59,62,62,50,46,46,46,50,44,44,44,34,58,43,71,77,77,77,80,83,50,50,50,50,52,52,58,58,57,57,48,74,62,84,84,49,49,46,46,46,46,71,35,35,0],"gold":55,"neow_bonus":"UPGRADE_CARD","is_prod":false,"is_daily":false,"chose_seed":false,"campfire_upgraded":4,"win_rate":0,"timestamp":1549138714,"path_taken":["M","?","?","M","$","E","M","R","T","M","?","R","$","M","R","BOSS","M","?","?","M","M","E","R","?","T","?","$","E","?","M","R","BOSS","M","?","?","M","?","E","?","$","T","R","E","?","M"],"build_version":"2019-01-23","purchased_purges":2,"victory":false,"max_hp_per_floor":[80,80,80,80,80,80,80,80,80,80,80,80,80,80,80,80,80,80,80,80,80,83,83,83,83,83,83,83,83,83,83,83,83,83,86,86,86,86,86,86,86,86,86,86,86,86,86],"card_choices":[{"not_picked":["Warcry","Twin Strike"],"picked":"Armaments","floor":1.0},{"not_picked":["Burning Pact","Fire Breathing"],"picked":"Shockwave","floor":4.0},{"not_picked":["Iron Wave","Searing Blow"],"picked":"Clothesline","floor":6.0},{"not_picked":["Shrug It Off","Pommel Strike"],"picked":"Corruption","floor":7.0},{"not_picked":["Clash","Perfected Strike"],"picked":"Metallicize","floor":10.0},{"not_picked":["Entrench","Cleave"],"picked":"Twin Strike","floor":11.0},{"not_picked":["Carnage","Dual Wield"],"picked":"Barricade","floor":14.0},{"not_picked":["Berserk","Impervious"],"picked":"Feed","floor":16.0},{"not_picked":["Perfected Strike+1","Havoc+1"],"picked":"Sword Boomerang","floor":18.0},{"not_picked":["Searing Blow","Thunderclap+1"],"picked":"Fiend Fire","floor":21.0},{"not_picked":["Pommel Strike","Spot Weakness"],"picked":"Shrug It Off","floor":22.0},{"not_picked":["Iron Wave","Reckless Charge+1"],"picked":"Pummel+1","floor":23.0},{"not_picked":["True Grit","Perfected Strike"],"picked":"Inflame+1","floor":27.0},{"not_picked":["Heavy Blade","Armaments"],"picked":"Shrug It Off+1","floor":31.0},{"not_picked":["Fiend Fire","Bludgeon"],"picked":"Exhume","floor":33.0},{"not_picked":["Inflame","Anger+1"],"picked":"Dual Wield","floor":35.0},{"not_picked":["Reckless Charge+1","Thunderclap+1","Wild Strike"],"picked":"SKIP","floor":38.0},{"not_picked":["Clothesline","Burning Pact+1"],"picked":"Carnage","floor":40.0},{"not_picked":["Madness","Dark Shackles"],"picked":"Metamorphosis","floor":41.0},{"not_picked":["Rampage+1","Corruption+1"],"picked":"Warcry+1","floor":45.0}],"player_experience":172676,"relics_obtained":[{"floor":6.0,"key":"Gremlin Horn"},{"floor":9.0,"key":"Sundial"},{"floor":23.0,"key":"Orichalcum"},{"floor":26.0,"key":"Oddly Smooth Stone"},{"floor":30.0,"key":"Potion Belt"},{"floor":39.0,"key":"Shuriken"},{"floor":40.0,"key":"Juzu Bracelet"},{"floor":40.0,"key":"Ancient Tea Set"},{"floor":43.0,"key":"Turnip"},{"floor":45.0,"key":"Toxic Egg 2"},{"floor":45.0,"key":"Bag of Preparation"}],"event_choices":[{"damage_healed":0.0,"max_hp_gain":0.0,"max_hp_loss":0.0,"gold_gain":0.0,"event_name":"Scrap Ooze","player_choice":"Success","floor":2.0,"gold_loss":0.0,"damage_taken":7.0,"relics_obtained":["Dodecahedron"]},{"damage_healed":0.0,"max_hp_gain":0.0,"max_hp_loss":0.0,"gold_gain":175.0,"event_name":"Liars Game","player_choice":"AGREE","floor":3.0,"gold_loss":0.0,"damage_taken":0.0,"cards_obtained":["Doubt"]},{"damage_healed":0.0,"max_hp_gain":0.0,"max_hp_loss":0.0,"gold_gain":99.0,"event_name":"Nest","player_choice":"Stole From Cult","floor":19.0,"gold_loss":0.0,"damage_taken":0.0},{"damage_healed":0.0,"max_hp_gain":0.0,"max_hp_loss":0.0,"gold_gain":0.0,"event_name":"The Mausoleum","player_choice":"Opened","floor":20.0,"gold_loss":0.0,"damage_taken":0.0,"relics_obtained":["War Paint"],"cards_obtained":["Writhe"]},{"damage_healed":22.0,"max_hp_gain":0.0,"max_hp_loss":0.0,"gold_gain":0.0,"event_name":"Winding Halls","player_choice":"Writhe","floor":36.0,"gold_loss":0.0,"damage_taken":0.0,"cards_obtained":["Writhe"]},{"cards_removed":["Inflame"],"damage_healed":0.0,"max_hp_gain":0.0,"max_hp_loss":0.0,"gold_gain":0.0,"event_name":"Falling","player_choice":"Removed Power","floor":37.0,"gold_loss":0.0,"damage_taken":0.0},{"damage_healed":0.0,"max_hp_gain":0.0,"max_hp_loss":0.0,"gold_gain":0.0,"event_name":"SensoryStone","player_choice":"Memory 1","floor":41.0,"gold_loss":0.0,"damage_taken":0.0},{"damage_healed":0.0,"max_hp_gain":0.0,"max_hp_loss":0.0,"gold_gain":0.0,"event_name":"Upgrade Shrine","player_choice":"Upgraded","floor":46.0,"gold_loss":0.0,"damage_taken":0.0,"cards_upgraded":["Apotheosis"]}],"is_beta":false,"boss_relics":[{"not_picked":["Ectoplasm","Snecko Eye"],"picked":"Cursed Key"},{"not_picked":["Runic Cube","Eternal Feather"],"picked":"Black Star"}],"items_purged_floors":[5,28],"is_endless":false,"potions_floor_spawned":[6,7,14,21,22,23,33,35,40],"killed_by":"Writhing Mass","ascension_level":8}