{"gold_per_floor":[213,163,163,183,232,260,260,289,289,289,302,477,477,379,379,483,483,503,515,535,142,159,159,171,171],"floor_reached":25,"playtime":1504,"items_purged":["Doubt"],"score":339,"play_id":"677f24fe-5bfb-445c-9e4e-ad19b575e84a","local_time":"20190220125621","is_ascension_mode":true,"campfire_choices":[{"data":"Zap","floor":7.0,"key":"SMITH"},{"data":"Go for the Eyes","floor":13.0,"key":"SMITH"},{"floor":15.0,"key":"REST"},{"floor":23.0,"key":"REST"}],"neow_cost":"NONE","seed_source_timestamp":442615992889100,"circlet_count":0,"master_deck":["Strike_B","Strike_B","Strike_B","Defend_B","Defend_B","Defend_B","Defend_B","Zap+1","Dualcast","Conserve Battery","Doom and Gloom","Seek","Go for the Eyes+1","Leap","Leap","Biased Cognition","Stack+1","Redo","Capacitor","Chaos"],"special_seed":0,"relics":["Cracked Core","WarpedTongs","Regal Pillow","Blue Candle","Odd Mushroom","Busted Crown","Membership Card","Torii"],"potions_floor_usage":[],"damage_taken":[{"damage":6.0,"enemies":"2 Louse","floor":1.0,"turns":3.0},{"damage":2.0,"enemies":"Cultist","floor":4.0,"turns":3.0},{"damage":23.0,"enemies":"3 Sentries","floor":6.0,"turns":7.0},{"damage":15.0,"enemies":"The Mushroom Lair","floor":8.0,"turns":3.0},{"damage":4.0,"enemies":"Jaw Worm","floor":11.0,"turns":2.0},{"damage":0.0,"enemies":"The Guardian","floor":16.0,"turns":9.0},{"damage":16.0,"enemies":"Spheric Guardian","floor":18.0,"turns":4.0},{"damage":2.0,"enemies":"Shell Parasite","floor":19.0,"turns":7.0},{"damage":12.0,"enemies":"Shelled Parasite and Fungi","floor":20.0,"turns":4.0},{"damage":19.0,"enemies":"Centurion and Healer","floor":22.0,"turns":7.0},{"damage":6.0,"enemies":"3 Cultists","floor":24.0,"turns":5.0},{"damage":0,"enemies":"Gremlin Leader","floor":25,"turns":1}],"seed_played":"7180505512382283870","potions_obtained":[{"floor":8.0,"key":"Poison Potion"},{"floor":11.0,"key":"SteroidPotion"},{"floor":16.0,"key":"Explosive Potion"},{"floor":24.0,"key":"Swift Potion"}],"is_trial":false,"path_per_floor":["M","?","?","M","T","E","R","?","T","?","M","?","R","$","R","B",null,"M","M","M","$","M","R","M","E"],"character_chosen":"DEFECT","items_purchased":["Leap","Membership Card","Torii","Redo","Capacitor"],"campfire_rested":2,"item_purchase_floors":[14,21,21,21,21],"current_hp_per_floor":[62,62,62,60,60,37,37,22,22,15,11,11,11,11,48,48,68,52,50,38,38,19,56,50,50],"gold":171,"neow_bonus":"HUNDRED_GOLD","is_prod":false,"is_daily":false,"chose_seed":false,"campfire_upgraded":2,"win_rate":0,"timestamp":1550663781,"path_taken":["M","?","?","?","?","E","R","?","T","?","M","?","R","$","R","BOSS","M","M","M","$","M","R","M","E"],"build_version":"2019-01-23","purchased_purges":1,"victory":false,"max_hp_per_floor":[75,75,75,75,75,75,75,75,75,75,75,75,75,75,75,75,75,75,75,75,75,75,75,75,75],"card_choices":[{"not_picked":["Leap","Turbo"],"picked":"Conserve Battery","floor":1.0},{"not_picked":["Compile Driver","Hello World"],"picked":"Doom and Gloom","floor":4.0},{"not_picked":["Turbo","Conserve Battery"],"picked":"Seek","floor":6.0},{"not_picked":["Steam","Chaos"],"picked":"Go for the Eyes","floor":8.0},{"not_picked":["Steam","Rip and Tear"],"picked":"Leap","floor":11.0},{"not_picked":["Machine Learning","Buffer"],"picked":"Biased Cognition","floor":16.0},{"not_picked":["Tempest"],"picked":"SKIP","floor":18.0},{"not_picked":["Hello World"],"picked":"SKIP","floor":19.0},{"not_picked":[],"picked":"Stack+1","floor":20.0},{"not_picked":["Rebound"],"picked":"SKIP","floor":22.0},{"not_picked":[],"picked":"Chaos","floor":24.0}],"player_experience":232511,"relics_obtained":[{"floor":5.0,"key":"Regal Pillow"},{"floor":6.0,"key":"Blue Candle"},{"floor":8.0,"key":"Odd Mushroom"}],"event_choices":[{"cards_removed":["Strike_B"],"damage_healed":0.0,"max_hp_gain":0.0,"max_hp_loss":0.0,"gold_gain":0.0,"event_name":"The Cleric","player_choice":"Card Removal","floor":2.0,"gold_loss":50.0,"damage_taken":0.0},{"damage_healed":0.0,"max_hp_gain":0.0,"max_hp_loss":0.0,"gold_gain":0.0,"event_name":"Accursed Blacksmith","player_choice":"Rummage","floor":3.0,"gold_loss":0.0,"damage_taken":0.0,"relics_obtained":["WarpedTongs"],"cards_obtained":["Pain"]},{"damage_healed":0.0,"max_hp_gain":0.0,"max_hp_loss":0.0,"gold_gain":0.0,"event_name":"Mushrooms","player_choice":"Fought Mushrooms","floor":8.0,"gold_loss":0.0,"damage_taken":0.0},{"cards_removed":["Pain"],"damage_healed":0.0,"max_hp_gain":0.0,"max_hp_loss":0.0,"gold_gain":0.0,"event_name":"Golden Wing","player_choice":"Card Removal","floor":10.0,"gold_loss":0.0,"damage_taken":7.0},{"damage_healed":0.0,"max_hp_gain":0.0,"max_hp_loss":0.0,"gold_gain":175.0,"event_name":"Liars Game","player_choice":"AGREE","floor":12.0,"gold_loss":0.0,"damage_taken":0.0,"cards_obtained":["Doubt"]}],"is_beta":false,"boss_relics":[{"not_picked":["Astrolabe","Sozu"],"picked":"Busted Crown"}],"items_purged_floors":[14],"is_endless":false,"potions_floor_spawned":[8,11,16,19,20,24],"killed_by":"Gremlin Leader","ascension_level":7}