{"gold_per_floor":[119,133,149,70,83,83,258,258,258,258,258,283,283,131,131,228,228,238,238,251,128,143,143,143,156,156,156,256,282,282,197,197,302,302,322,322,335,335,354,354,366,366,366,384,384,36,51,71,71,71],"floor_reached":51,"playtime":6413,"items_purged":["Strike_R","Bash","Strike_R+1"],"score":640,"play_id":"0b19883e-1405-495c-9516-39d924b04b35","local_time":"20190225005903","is_ascension_mode":false,"campfire_choices":[{"data":"Body Slam","floor":6,"key":"SMITH"},{"data":"True Grit","floor":8,"key":"SMITH"},{"data":"Armaments","floor":13,"key":"SMITH"},{"data":"Body Slam","floor":15,"key":"SMITH"},{"data":"Uppercut","floor":23,"key":"SMITH"},{"data":"Seeing Red","floor":27,"key":"SMITH"},{"data":"Shrug It Off","floor":30,"key":"SMITH"},{"floor":32,"key":"REST"},{"floor":40,"key":"REST"},{"data":"Shrug It Off","floor":42,"key":"SMITH"},{"floor":49,"key":"REST"}],"neow_cost":"PERCENT_DAMAGE","seed_source_timestamp":719447870136167,"circlet_count":0,"master_deck":["Defend_R","Defend_R","Defend_R","Uppercut+1","Whirlwind","Body Slam+1","Metallicize+1","Armaments+1","Body Slam+1","True Grit+1","Seeing Red+1","Reaper","Shrug It Off+1","Immolate","Ghostly Armor+1","Seeing Red","Rampage","Shrug It Off+1","Dual Wield+1","Inflame+1","Barricade+1","Armaments+1","Madness","Madness","Offering","Rage+1","Sentinel","Iron Wave+1","Metallicize+1","Iron Wave+1","Flame Barrier+1","Ghostly Armor","True Grit+1","Disarm+1"],"relics":["Burning Blood","Bottled Lightning","Bottled Tornado","Mark of Pain","Smiling Mask","Prayer Wheel","Frozen Egg 2","Pantograph","Red Skull","Runic Dome","Question Card","Self Forming Clay"],"potions_floor_usage":[12,16,18,28,28,33,41,47],"damage_taken":[{"damage":6,"enemies":"Jaw Worm","floor":1,"turns":3},{"damage":2,"enemies":"2 Louse","floor":2,"turns":3},{"damage":7,"enemies":"Small Slimes","floor":3,"turns":3},{"damage":7,"enemies":"Looter","floor":5,"turns":3},{"damage":15,"enemies":"Gremlin Nob","floor":12,"turns":4},{"damage":27,"enemies":"The Guardian","floor":16,"turns":17},{"damage":11,"enemies":"Spheric Guardian","floor":18,"turns":6},{"damage":0,"enemies":"Chosen","floor":20,"turns":4},{"damage":0,"enemies":"Snecko","floor":22,"turns":5},{"damage":10,"enemies":"Chosen and Byrds","floor":25,"turns":6},{"damage":6,"enemies":"Colosseum Slavers","floor":28,"turns":5},{"damage":12,"enemies":"Colosseum Nobs","floor":28,"turns":6},{"damage":23,"enemies":"Slavers","floor":29,"turns":3},{"damage":67,"enemies":"Collector","floor":33,"turns":14},{"damage":18,"enemies":"3 Shapes","floor":35,"turns":10},{"damage":14,"enemies":"3 Darklings","floor":37,"turns":6},{"damage":65,"enemies":"Spire Growth","floor":39,"turns":7},{"damage":0,"enemies":"4 Shapes","floor":41,"turns":10},{"damage":17,"enemies":"3 Darklings","floor":44,"turns":6},{"damage":33,"enemies":"Transient","floor":47,"turns":5},{"damage":26,"enemies":"4 Shapes","floor":48,"turns":5},{"damage":15,"enemies":"Time Eater","floor":50,"turns":13}],"seed_played":"-8874126164419889806","potions_obtained":[{"floor":2,"key":"Fire Potion"},{"floor":12,"key":"Swift Potion"},{"floor":16,"key":"Swift Potion"},{"floor":20,"key":"Block Potion"},{"floor":29,"key":"Fruit Juice"},{"floor":39,"key":"SkillPotion"},{"floor":47,"key":"FairyPotion"}],"is_trial":false,"path_per_floor":["M","M","M","$","M","R","?","R","T","?","?","E","R","$","R","B",null,"M","?","M","$","M","R","$","M","T","R","?","E","R","?","R","B",null,"M","?","M","?","M","R","M","R","T","M","?","$","M","M","R","B",null],"character_chosen":"IRONCLAD","items_purchased":["Body Slam","True Grit","Shrug It Off","Weak Potion","Shrug It Off","Self Forming Clay","Weak Potion"],"campfire_rested":3,"item_purchase_floors":[4,4,14,14,21,46,46],"current_hp_per_floor":[56,60,59,59,58,58,58,58,58,58,42,33,33,33,33,17,80,80,80,80,80,80,80,80,76,76,76,74,57,57,57,80,73,85,75,64,77,77,29,54,71,71,71,60,60,60,33,41,66,82],"gold":71,"neow_bonus":"TRANSFORM_TWO_CARDS","is_prod":false,"is_daily":false,"chose_seed":false,"campfire_upgraded":8,"win_rate":0,"timestamp":1551023943,"path_taken":["M","M","M","$","M","R","?","R","T","?","?","E","R","$","R","BOSS","M","?","M","$","M","R","$","M","T","R","?","E","R","?","R","BOSS","M","?","M","?","?","R","M","R","T","M","?","$","M","M","R","BOSS"],"build_version":"2019-01-23","purchased_purges":3,"victory":true,"max_hp_per_floor":[80,80,80,80,80,80,80,80,80,80,80,80,80,80,80,80,80,80,80,80,80,80,80,80,80,80,80,80,80,80,80,80,85,85,85,85,85,85,85,85,85,85,85,85,85,85,85,85,85,85],"card_choices":[{"not_picked":["Warcry","True Grit"],"picked":"Body Slam","floor":1},{"not_picked":["Pummel","Combust"],"picked":"Metallicize","floor":2},{"not_picked":["Flex","Disarm"],"picked":"Armaments","floor":3},{"not_picked":["Headbutt","Pommel Strike"],"picked":"Seeing Red","floor":5},{"not_picked":["Uppercut","Flex"],"picked":"Reaper","floor":12},{"not_picked":["Reaper","Limit Break"],"picked":"Immolate","floor":16},{"not_picked":["Searing Blow","Clothesline"],"picked":"Ghostly Armor+1","floor":18},{"not_picked":["Pummel","Wild Strike","Fire Breathing+1"],"picked":"SKIP","floor":20},{"not_picked":["Havoc+1","Dropkick+1","Sword Boomerang+1"],"picked":"SKIP","floor":22},{"not_picked":["Rampage","Warcry+1","Whirlwind"],"picked":"SKIP","floor":25},{"not_picked":["Infernal Blade+1","Perfected Strike"],"picked":"Dual Wield+1","floor":28},{"not_picked":["Corruption+1","Twin Strike"],"picked":"Inflame+1","floor":29},{"not_picked":["Exhume","Brutality+1"],"picked":"Barricade+1","floor":33},{"not_picked":["Thunderclap+1","Heavy Blade"],"picked":"Armaments+1","floor":35},{"not_picked":["Armaments","True Grit+1","Power Through+1"],"picked":"SKIP","floor":35},{"not_picked":["Bloodletting+1","Warcry+1"],"picked":"Offering","floor":37},{"not_picked":["Power Through","Sword Boomerang"],"picked":"Rage+1","floor":37},{"not_picked":["Burning Pact+1","Anger+1"],"picked":"Sentinel","floor":39},{"not_picked":["Uppercut+1","Fire Breathing+1"],"picked":"Iron Wave+1","floor":39},{"not_picked":["Carnage","Havoc+1"],"picked":"Metallicize+1","floor":41},{"not_picked":["Thunderclap","Warcry"],"picked":"Iron Wave+1","floor":41},{"not_picked":["Heavy Blade","Warcry","Shrug It Off+1"],"picked":"Flame Barrier+1","floor":44},{"not_picked":["Armaments","Iron Wave+1","Berserk+1","Anger"],"picked":"SKIP","floor":44},{"not_picked":["Rage","Warcry","Thunderclap"],"picked":"Ghostly Armor","floor":47},{"not_picked":["Fire Breathing+1","Metallicize+1","Clash"],"picked":"True Grit+1","floor":47},{"not_picked":["Twin Strike","Metallicize+1","Heavy Blade"],"picked":"Disarm+1","floor":48},{"not_picked":["Shrug It Off","Wild Strike","Thunderclap+1","Perfected Strike"],"picked":"SKIP","floor":48}],"player_experience":401005,"relics_obtained":[{"floor":9,"key":"Bottled Lightning"},{"floor":12,"key":"Bottled Tornado"},{"floor":26,"key":"Smiling Mask"},{"floor":28,"key":"Prayer Wheel"},{"floor":28,"key":"Frozen Egg 2"},{"floor":29,"key":"Pantograph"},{"floor":43,"key":"Question Card"}],"event_choices":[{"damage_healed":0,"gold_gain":175,"player_choice":"AGREE","damage_taken":0,"max_hp_gain":0,"max_hp_loss":0,"event_name":"Liars Game","floor":7,"gold_loss":0,"cards_obtained":["Doubt"]},{"cards_removed":["Doubt"],"damage_healed":0,"gold_gain":0,"player_choice":"Forget","damage_taken":0,"max_hp_gain":0,"max_hp_loss":0,"event_name":"Living Wall","floor":10,"gold_loss":0},{"damage_healed":0,"gold_gain":0,"player_choice":"Entered Light","damage_taken":16,"max_hp_gain":0,"max_hp_loss":0,"event_name":"Shining Light","floor":11,"gold_loss":0,"cards_upgraded":["Metallicize","Strike_R"]},{"damage_healed":0,"gold_gain":0,"cards_transformed":["Strike_R","Strike_R"],"player_choice":"Became Test Subject","damage_taken":0,"max_hp_gain":0,"max_hp_loss":0,"event_name":"Drug Dealer","floor":19,"gold_loss":0,"cards_obtained":["Seeing Red","Rampage"]},{"damage_healed":0,"gold_gain":0,"player_choice":"Fight","damage_taken":0,"max_hp_gain":0,"max_hp_loss":0,"event_name":"Colosseum","floor":28,"gold_loss":0},{"damage_healed":0,"gold_gain":0,"player_choice":"Fought Nobs","damage_taken":0,"max_hp_gain":0,"max_hp_loss":0,"event_name":"Colosseum","floor":28,"gold_loss":0},{"damage_healed":0,"gold_gain":0,"player_choice":"Obtained Relic","damage_taken":0,"relics_obtained":["Red Skull"],"max_hp_gain":0,"max_hp_loss":0,"event_name":"Addict","floor":31,"gold_loss":85},{"damage_healed":0,"gold_gain":0,"player_choice":"Embrace Madness","damage_taken":11,"max_hp_gain":0,"max_hp_loss":0,"event_name":"Winding Halls","floor":36,"gold_loss":0,"cards_obtained":["Madness","Madness"]},{"damage_healed":0,"gold_gain":0,"player_choice":"Leave","damage_taken":0,"max_hp_gain":0,"max_hp_loss":0,"event_name":"FaceTrader","floor":38,"gold_loss":0},{"damage_healed":0,"gold_gain":0,"player_choice":"Ignored","damage_taken":0,"max_hp_gain":0,"max_hp_loss":0,"event_name":"Tomb of Lord Red Mask","floor":45,"gold_loss":0}],"is_beta":false,"boss_relics":[{"not_picked":["Empty Cage","Calling Bell"],"picked":"Mark of Pain"},{"not_picked":["Black Star","Tiny House"],"picked":"Runic Dome"}],"items_purged_floors":[14,21,46],"is_endless":false,"potions_floor_spawned":[2,12,16,20,28,29,39,47],"ascension_level":0}