{"gold_per_floor":[111,126,126,126,54,86,86,86,86,96,116,145,33,45,45,149,149,165,135,37,37,56,56,56],"floor_reached":24,"playtime":1093,"items_purged":["Normality"],"score":321,"play_id":"cd7db894-666f-49ea-b2ac-9cdaf45290ce","local_time":"20180923160409","is_ascension_mode":true,"campfire_choices":[{"data":"Glacier","floor":7,"key":"SMITH"},{"data":"Defragment","floor":15,"key":"SMITH"},{"data":"White Noise","floor":23,"key":"SMITH"}],"neow_cost":"NONE","seed_source_timestamp":857000746305809,"circlet_count":0,"master_deck":["Strike_B","Strike_B","Strike_B","Strike_B","Defend_B","Defend_B","Defend_B","Defend_B+1","Zap","Dualcast","Compile Driver+1","Glacier+1","White Noise","Seek","White Noise+1","Beam Cell","Coolheaded","Defragment+1","FTL","Hologram","Amplify","Regret","Writhe","Beam Cell","Streamline","J.A.X.","Self Repair"],"relics":["Cracked Core","NeowsBlessing","Pocketwatch","Ancient Tea Set","Cables","Letter Opener","Calling Bell","Girya","The Courier","Strawberry"],"potions_floor_usage":[16,16],"damage_taken":[{"damage":0,"enemies":"Jaw Worm","floor":1,"turns":1},{"damage":0,"enemies":"2 Louse","floor":2,"turns":1},{"damage":0,"enemies":"Lagavulin","floor":6,"turns":1},{"damage":0,"enemies":"Small Slimes","floor":10,"turns":2},{"damage":10,"enemies":"Exordium Wildlife","floor":11,"turns":2},{"damage":18,"enemies":"Gremlin Nob","floor":12,"turns":4},{"damage":0,"enemies":"3 Louse","floor":14,"turns":3},{"damage":0,"enemies":"Slime Boss","floor":16,"turns":7},{"damage":12,"enemies":"Chosen","floor":18,"turns":4},{"damage":30,"enemies":"Shell Parasite","floor":22,"turns":5},{"damage":45,"enemies":"Slavers","floor":24,"turns":3}],"seed_played":"4184809258431560798","potions_obtained":[{"floor":2,"key":"FocusPotion"},{"floor":10,"key":"Strength Potion"},{"floor":14,"key":"Poison Potion"},{"floor":18,"key":"Poison Potion"},{"floor":19,"key":"SteroidPotion"},{"floor":19,"key":"Explosive Potion"},{"floor":22,"key":"LiquidBronze"}],"is_trial":false,"path_per_floor":["M","M","?","?","$","E","R","T","T","M","M","E","$","M","R","B",null,"M","?","$","?","M","R"],"character_chosen":"DEFECT","items_purchased":["White Noise","Defragment","FTL","Streamline"],"campfire_rested":0,"item_purchase_floors":[5,13,13,20],"current_hp_per_floor":[75,75,60,60,60,60,60,60,60,60,50,32,32,32,32,32,82,70,70,70,70,40,40,0],"gold":56,"neow_bonus":"THREE_ENEMY_KILL","is_prod":false,"is_daily":false,"chose_seed":false,"campfire_upgraded":3,"win_rate":0,"timestamp":1537684449,"path_taken":["M","M","?","?","?","E","R","?","T","M","M","E","$","M","R","BOSS","M","?","$","?","M","R","E"],"build_version":"2018-09-20","purchased_purges":1,"victory":false,"max_hp_per_floor":[75,75,75,75,75,75,75,75,75,75,75,75,75,75,75,75,82,82,82,82,82,82,82,82],"card_choices":[{"not_picked":["Stack","Gash"],"picked":"Compile Driver","floor":1},{"not_picked":["Steam","Tempest"],"picked":"Glacier","floor":2},{"not_picked":["Sweeping Beam","Compile Driver"],"picked":"Seek","floor":6},{"not_picked":["Steam Power","Melter"],"picked":"White Noise","floor":10},{"not_picked":["Auto Shields","Streamline"],"picked":"Beam Cell","floor":11},{"not_picked":["Auto Shields","Skim"],"picked":"Coolheaded","floor":12},{"not_picked":["Turbo","Stack"],"picked":"Hologram","floor":14},{"not_picked":["Buffer","Creative AI"],"picked":"Amplify","floor":16},{"not_picked":["Redo","Darkness"],"picked":"Beam Cell","floor":18},{"not_picked":["Cold Snap","Redo+1"],"picked":"Self Repair","floor":22}],"player_experience":205283,"relics_obtained":[{"floor":6,"key":"Pocketwatch"},{"floor":8,"key":"Ancient Tea Set"},{"floor":9,"key":"Cables"},{"floor":12,"key":"Letter Opener"},{"floor":17,"key":"Girya"},{"floor":17,"key":"The Courier"},{"floor":17,"key":"Strawberry"}],"event_choices":[{"event_name":"Shining Light","player_choice":"Entered Light","floor":3,"damage_taken":0},{"event_name":"Golden Idol","player_choice":"Ignored","floor":4,"damage_taken":0},{"event_name":"The Woman in Blue","player_choice":"Bought 2 Potions","floor":19,"damage_taken":0},{"event_name":"Drug Dealer","player_choice":"Got JAX","floor":21,"damage_taken":0}],"is_beta":false,"boss_relics":[{"not_picked":["Fusion Hammer","Runic Dome"],"picked":"Calling Bell"}],"items_purged_floors":[20],"is_endless":false,"potions_floor_spawned":[2,10,14,18,22],"killed_by":"Slavers","ascension_level":3}