{"gold_per_floor":[116,126,15,15,39,71,89,89,113,61,61,74,90,90,90,214,214,237,262,262,278,278,278,278],"floor_reached":24,"playtime":2031,"items_purged":[],"score":196,"play_id":"43c7d96a-43da-464f-b17a-51d6342f890f","local_time":"20190214121956","is_ascension_mode":false,"campfire_choices":[{"data":"Poisoned Stab","floor":11,"key":"SMITH"},{"data":"Bandage Up","floor":15,"key":"SMITH"},{"floor":23,"key":"REST"}],"neow_cost":"NONE","seed_source_timestamp":7983475493872,"circlet_count":0,"master_deck":["Defend_G","Defend_G","Defend_G","Defend_G","Strike_G","Strike_G","Strike_G","Strike_G","Survivor","Neutralize","Poisoned Stab+1","Quick Slash","Bandage Up+1","Deflect","Burst","Sucker Punch","Backflip","Dagger Throw","Poisoned Stab","Injury","Burst","Terror","Deflect","Slice","Poisoned Stab"],"relics":["Ring of the Snake","Pen Nib","PreservedInsect","Darkstone Periapt","Centennial Puzzle","Golden Idol","Eternal Feather","Happy Flower"],"potions_floor_usage":[16,18],"damage_taken":[{"damage":0,"enemies":"Small Slimes","floor":1,"turns":5},{"damage":5,"enemies":"Jaw Worm","floor":2,"turns":5},{"damage":20,"enemies":"Gremlin Nob","floor":6,"turns":4},{"damage":0,"enemies":"Cultist","floor":7,"turns":3},{"damage":5,"enemies":"Looter","floor":12,"turns":3},{"damage":7,"enemies":"Exordium Thugs","floor":13,"turns":4},{"damage":37,"enemies":"Slime Boss","floor":16,"turns":12},{"damage":20,"enemies":"Chosen","floor":18,"turns":8},{"damage":26,"enemies":"Shell Parasite","floor":19,"turns":8},{"damage":22,"enemies":"Cultist and Chosen","floor":21,"turns":7},{"damage":78,"enemies":"Gremlin Leader","floor":24,"turns":6}],"seed_played":"-5278338297879083487","potions_obtained":[{"floor":2,"key":"Strength Potion"},{"floor":7,"key":"Weak Potion"},{"floor":13,"key":"LiquidBronze"},{"floor":18,"key":"Swift Potion"}],"is_trial":false,"path_per_floor":["M","M","$","?","T","E","M","?","T","$","R","M","M","?","R","B",null,"M","M","?","M","?","R","E"],"character_chosen":"THE_SILENT","items_purchased":["Bandage Up","Deflect","Backflip"],"campfire_rested":1,"item_purchase_floors":[3,3,10],"current_hp_per_floor":[70,65,65,65,65,49,53,53,53,53,53,52,49,55,55,24,76,62,42,42,26,26,63,0],"gold":278,"neow_bonus":"RANDOM_COMMON_RELIC","is_prod":false,"is_daily":false,"chose_seed":false,"campfire_upgraded":2,"win_rate":0.0,"timestamp":1550143196,"path_taken":["M","M","$","?","?","E","?","?","T","?","R","M","M","?","R","BOSS","M","M","?","?","?","R","E"],"build_version":"2019-01-23","purchased_purges":0,"victory":false,"max_hp_per_floor":[70,70,70,70,70,70,70,70,70,70,70,70,70,76,76,76,76,76,76,76,76,76,76,76],"card_choices":[{"not_picked":["Caltrops","Masterful Stab"],"picked":"Poisoned Stab","floor":1},{"not_picked":["Blade Dance","Tactician"],"picked":"Quick Slash","floor":2},{"not_picked":["Riddle With Holes","Infinite Blades"],"picked":"Burst","floor":6},{"not_picked":["Slice","Prepared"],"picked":"Sucker Punch","floor":7},{"not_picked":["Sucker Punch","Acrobatics"],"picked":"Dagger Throw","floor":12},{"not_picked":["Distraction","Reflex"],"picked":"Poisoned Stab","floor":13},{"not_picked":["After Image","Night Terror"],"picked":"Burst","floor":16},{"not_picked":["Dash","Outmaneuver+1"],"picked":"Terror","floor":18},{"not_picked":["Skewer+1","Underhanded Strike"],"picked":"Deflect","floor":19},{"not_picked":["Underhanded Strike","Backflip"],"picked":"Poisoned Stab","floor":21}],"player_experience":7205,"relics_obtained":[{"floor":5,"key":"PreservedInsect"},{"floor":6,"key":"Darkstone Periapt"},{"floor":9,"key":"Centennial Puzzle"}],"event_choices":[{"damage_healed":0,"gold_gain":0,"player_choice":"Leave","damage_taken":0,"max_hp_gain":0,"max_hp_loss":0,"event_name":"The Cleric","floor":4,"gold_loss":0},{"cards_removed":["Defend_G"],"damage_healed":0,"gold_gain":0,"player_choice":"Purged","damage_taken":0,"max_hp_gain":0,"max_hp_loss":0,"event_name":"Purifier","floor":8,"gold_loss":0},{"damage_healed":0,"gold_gain":0,"player_choice":"Take Wound","damage_taken":0,"relics_obtained":["Golden Idol"],"max_hp_gain":0,"max_hp_loss":0,"event_name":"Golden Idol","floor":14,"gold_loss":0,"cards_obtained":["Injury"]},{"damage_healed":0,"gold_gain":0,"cards_transformed":["Strike_G"],"player_choice":"Transformed","damage_taken":0,"max_hp_gain":0,"max_hp_loss":0,"event_name":"Transmorgrifier","floor":20,"gold_loss":0,"cards_obtained":["Slice"]},{"damage_healed":0,"gold_gain":0,"player_choice":"Opened","damage_taken":0,"relics_obtained":["Happy Flower"],"max_hp_gain":0,"max_hp_loss":0,"event_name":"The Mausoleum","floor":22,"gold_loss":0}],"is_beta":false,"boss_relics":[{"not_picked":["Runic Dome","Coffee Dripper"],"picked":"Eternal Feather"}],"items_purged_floors":[],"is_endless":false,"potions_floor_spawned":[2,7,13,18],"killed_by":"Gremlin Leader","ascension_level":0}