{"gold_per_floor":[115,12,87,87,99,99,134,99,99,115,148,148,159,177,177,251,251,268,268,246,274,286,286,301,21,21,21],"floor_reached":27,"playtime":1198,"items_purged":["Shame"],"score":446,"play_id":"45b955f8-e994-4365-ab6a-5fa3c10763b1","local_time":"20190215121452","is_ascension_mode":true,"campfire_choices":[{"data":"Clothesline","floor":6.0,"key":"SMITH"},{"data":"True Grit","floor":12.0,"key":"SMITH"},{"floor":15.0,"key":"REST"},{"floor":23,"key":"REST"}],"neow_cost":"CURSE","seed_source_timestamp":203850974083919,"circlet_count":0,"master_deck":["AscendersBane","Strike_R","Strike_R","Strike_R","Strike_R","Strike_R","Defend_R","Defend_R","Defend_R","Defend_R","Bash","Carnage","Clothesline+1","Twin Strike","True Grit+1","Anger","Impervious","Rampage","Double Tap","Armaments","Wild Strike+1","Inflame","Inflame","Rage","Apotheosis","Power Through"],"special_seed":0,"relics":["Black Blood","Mango","Boot","Vajra","Nloth\u0027s Gift","Red Mask","Omamori"],"potions_floor_usage":[16,21],"damage_taken":[{"damage":3.0,"enemies":"2 Louse","floor":1.0,"turns":4.0},{"damage":10.0,"enemies":"Small Slimes","floor":5.0,"turns":3.0},{"damage":40.0,"enemies":"3 Sentries","floor":7.0,"turns":9.0},{"damage":0.0,"enemies":"Jaw Worm","floor":10.0,"turns":1.0},{"damage":25.0,"enemies":"Lagavulin","floor":11.0,"turns":5.0},{"damage":39.0,"enemies":"Gremlin Gang","floor":13.0,"turns":5.0},{"damage":9.0,"enemies":"3 Louse","floor":14.0,"turns":2.0},{"damage":30,"enemies":"The Guardian","floor":16,"turns":13},{"damage":34,"enemies":"Chosen","floor":18,"turns":4},{"damage":17,"enemies":"2 Thieves","floor":20,"turns":4},{"damage":25,"enemies":"Masked Bandits","floor":21,"turns":4},{"damage":24,"enemies":"Centurion and Healer","floor":22,"turns":6},{"damage":36,"enemies":"Cultist and Chosen","floor":24,"turns":8},{"damage":17,"enemies":"Snecko","floor":27,"turns":4}],"seed_played":"-4261910431217424623","potions_obtained":[{"floor":7.0,"key":"Fire Potion"},{"floor":10.0,"key":"Poison Potion"},{"floor":14.0,"key":"Dexterity Potion"},{"floor":20,"key":"SkillPotion"}],"is_trial":false,"path_per_floor":["M","$","?","?","M","R","E","?","T","M","E","R","M","M","R","B",null,"M","?","M","?","M","R","M","$","T","M"],"character_chosen":"IRONCLAD","items_purchased":["Clothesline","Apotheosis","Power Through"],"campfire_rested":2,"item_purchase_floors":[2,25,25],"current_hp_per_floor":[85,85,74,79,75,75,41,64,64,70,51,51,18,15,43,19,75,51,51,44,29,15,43,17,17,17,0],"gold":21,"neow_bonus":"ONE_RARE_RELIC","is_prod":false,"is_daily":false,"chose_seed":false,"campfire_upgraded":2,"win_rate":0,"timestamp":1550232892,"path_taken":["M","$","?","?","M","R","E","?","T","M","E","R","M","M","R","BOSS","M","?","?","?","M","R","M","?","T","M"],"build_version":"2019-01-23","purchased_purges":1,"victory":false,"max_hp_per_floor":[89,89,89,94,94,94,94,94,94,94,94,94,94,94,94,94,94,94,94,94,94,94,94,94,94,94,94],"card_choices":[{"not_picked":["Havoc","Clothesline"],"picked":"Carnage","floor":1.0},{"not_picked":["Dropkick","Clash"],"picked":"Twin Strike","floor":5.0},{"not_picked":["Havoc","Clash"],"picked":"True Grit","floor":7.0},{"not_picked":["Clothesline","Perfected Strike"],"picked":"Anger","floor":10.0},{"not_picked":["Flex","True Grit","Headbutt"],"picked":"SKIP","floor":11.0},{"not_picked":["Thunderclap","Warcry"],"picked":"Impervious","floor":13.0},{"not_picked":["Seeing Red","Sentinel"],"picked":"Rampage","floor":14.0},{"not_picked":["Fiend Fire","Bludgeon"],"picked":"Double Tap","floor":16},{"not_picked":["Iron Wave","Havoc"],"picked":"Armaments","floor":18},{"not_picked":["Armaments","Rampage+1"],"picked":"Wild Strike+1","floor":20},{"not_picked":["Carnage","Twin Strike"],"picked":"Inflame","floor":21},{"not_picked":["Warcry","Flex"],"picked":"Inflame","floor":22},{"not_picked":["Berserk","Spot Weakness"],"picked":"Rage","floor":24}],"player_experience":1303883,"relics_obtained":[{"floor":7.0,"key":"Art of War"},{"floor":9.0,"key":"Boot"},{"floor":11.0,"key":"Vajra"},{"floor":21,"key":"Red Mask"},{"floor":26,"key":"Omamori"}],"event_choices":[{"damage_healed":0.0,"max_hp_gain":0.0,"max_hp_loss":0.0,"gold_gain":75.0,"event_name":"World of Goop","player_choice":"Gather Gold","floor":3.0,"gold_loss":0.0,"damage_taken":11.0},{"damage_healed":0.0,"max_hp_gain":5.0,"max_hp_loss":0.0,"gold_gain":0.0,"event_name":"Big Fish","player_choice":"Donut","floor":4.0,"gold_loss":0.0,"damage_taken":0.0},{"damage_healed":23.0,"max_hp_gain":0.0,"max_hp_loss":0.0,"gold_gain":0.0,"event_name":"The Cleric","player_choice":"Healed","floor":8.0,"gold_loss":35.0,"damage_taken":0.0},{"damage_healed":0,"gold_gain":0,"player_choice":"Traded Relic","damage_taken":0,"relics_obtained":["Nloth\u0027s Gift"],"max_hp_gain":0,"max_hp_loss":0,"event_name":"N\u0027loth","floor":19,"relics_lost":["Art of War"],"gold_loss":0},{"damage_healed":0,"gold_gain":0,"player_choice":"Fought Bandits","damage_taken":0,"max_hp_gain":0,"max_hp_loss":0,"event_name":"Masked Bandits","floor":21,"gold_loss":0}],"is_beta":false,"boss_relics":[{"not_picked":["Sozu","Tiny House"],"picked":"Black Blood"}],"items_purged_floors":[2],"is_endless":false,"potions_floor_spawned":[7,10,14,20],"killed_by":"Snecko","ascension_level":20}