{"gold_per_floor":[113,123,123,136,136,136,166,166,166,166,200,28,39,71,71,145,145,156,168,168,168,181,181,206,206,276,296,307,323,45,60,60,135,135,145,145,145,165,165,165,165,183,183,193,193,241,162,162,162,162,162,162,35,67,67],"floor_reached":56,"playtime":4635,"items_purged":["Defend_B+1"],"score":1856,"play_id":"123a1468-4026-48e1-8d3f-540b64a7b7fd","local_time":"20181231003134","is_ascension_mode":true,"campfire_choices":[{"data":"Zap","floor":6.0,"key":"SMITH"},{"floor":8.0,"key":"REST"},{"floor":15.0,"key":"REST"},{"floor":23.0,"key":"REST"},{"data":"Storm","floor":32.0,"key":"SMITH"},{"floor":40.0,"key":"RECALL"},{"data":"Defragment","floor":49.0,"key":"SMITH"},{"data":"Dualcast","floor":52.0,"key":"SMITH"}],"neow_cost":"NONE","seed_source_timestamp":0,"circlet_count":0,"master_deck":["AscendersBane","Strike_B+1","Strike_B+1","Defend_B+1","Defend_B+1","Defend_B+1","Zap+1","Dualcast+1","Loop+1","Genetic Algorithm","Defragment+1","Go for the Eyes","Conserve Battery+1","Defragment","Echo Form","Genetic Algorithm+1","RitualDagger","Self Repair","Glacier+1","White Noise+1","Go for the Eyes+1","Storm+1","Machine Learning","Defragment","Panacea+1","Biased Cognition","Loop"],"special_seed":0,"relics":["Cracked Core","NeowsBlessing","Gambling Chip","Potion Belt","Toxic Egg 2","Calipers","Bronze Scales","Ginger","Velvet Choker","DataDisk","Meat on the Bone","Pear","Eternal Feather","Mango","Emotion Chip"],"potions_floor_usage":[55,55,55,55],"damage_taken":[{"damage":0.0,"enemies":"Jaw Worm","floor":1.0,"turns":1.0},{"damage":0.0,"enemies":"Cultist","floor":2.0,"turns":1.0},{"damage":0.0,"enemies":"2 Louse","floor":4.0,"turns":2.0},{"damage":29.0,"enemies":"3 Sentries","floor":7.0,"turns":6.0},{"damage":25.0,"enemies":"Lagavulin","floor":11.0,"turns":6.0},{"damage":9.0,"enemies":"Blue Slaver","floor":13.0,"turns":2.0},{"damage":0.0,"enemies":"Gremlin Nob","floor":14.0,"turns":3.0},{"damage":16.0,"enemies":"Hexaghost","floor":16.0,"turns":9.0},{"damage":0.0,"enemies":"3 Byrds","floor":18.0,"turns":2.0},{"damage":27.0,"enemies":"Spheric Guardian","floor":19.0,"turns":5.0},{"damage":23.0,"enemies":"Shelled Parasite and Fungi","floor":22.0,"turns":5.0},{"damage":13.0,"enemies":"Book of Stabbing","floor":24.0,"turns":5.0},{"damage":6.0,"enemies":"Centurion and Healer","floor":27.0,"turns":7.0},{"damage":2.0,"enemies":"Snecko","floor":28.0,"turns":9.0},{"damage":4.0,"enemies":"Snake Plant","floor":29.0,"turns":4.0},{"damage":2.0,"enemies":"Centurion and Healer","floor":31.0,"turns":8.0},{"damage":16.0,"enemies":"Automaton","floor":33.0,"turns":11.0},{"damage":2.0,"enemies":"3 Darklings","floor":35.0,"turns":5.0},{"damage":8.0,"enemies":"3 Shapes","floor":38.0,"turns":3.0},{"damage":0.0,"enemies":"Maw","floor":42.0,"turns":6.0},{"damage":0.0,"enemies":"Spire Growth","floor":44.0,"turns":5.0},{"damage":32.0,"enemies":"2 Orb Walkers","floor":46.0,"turns":4.0},{"damage":36.0,"enemies":"Time Eater","floor":50.0,"turns":11.0},{"damage":20.0,"enemies":"Shield and Spear","floor":54.0,"turns":10.0},{"damage":83,"enemies":"The Heart","floor":55,"turns":10}],"seed_played":"1293382825615675794","potions_obtained":[{"floor":1.0,"key":"Fire Potion"},{"floor":4.0,"key":"SmokeBomb"},{"floor":11.0,"key":"Ancient Potion"},{"floor":14.0,"key":"Block Potion"},{"floor":19.0,"key":"Fire Potion"},{"floor":22.0,"key":"Block Potion"},{"floor":24.0,"key":"Block Potion"},{"floor":31.0,"key":"GamblersBrew"},{"floor":42.0,"key":"Dexterity Potion"},{"floor":44.0,"key":"Strength Potion"},{"floor":46.0,"key":"LiquidBronze"}],"is_trial":false,"path_per_floor":["M","M","?","M","?","R","E","R","T","?","E","$","M","E","R","B",null,"M","M","?","?","M","R","E","?","T","M","M","M","$","M","R","B",null,"M","?","?","M","$","R","?","M","T","M","?","?","$","?","R","B",null,"R","$","E","B",null],"character_chosen":"DEFECT","items_purchased":["Bronze Scales","Go for the Eyes","Storm","Pear","Biased Cognition","PowerPotion"],"campfire_rested":3,"item_purchase_floors":[12,12,30,30,47,53],"current_hp_per_floor":[64,64,64,64,57,57,28,49,49,49,24,24,15,15,36,20,58,58,31,31,25,2,23,10,10,10,23,40,50,60,65,65,56,75,73,73,73,65,65,80,80,81,81,81,77,66,66,66,81,64,84,91,91,85,21],"gold":67,"neow_bonus":"THREE_ENEMY_KILL","is_prod":false,"is_daily":false,"chose_seed":false,"campfire_upgraded":4,"win_rate":0,"timestamp":1546245094,"path_taken":["M","M","?","?","?","R","E","R","T","?","E","$","M","E","R","BOSS","M","M","?","?","M","R","E","?","T","?","M","M","$","M","R","BOSS","M","?","?","M","$","R","?","?","T","M","?","?","$","?","R","BOSS","R","$","E","BOSS"],"build_version":"2018-12-20","purchased_purges":1,"victory":true,"max_hp_per_floor":[71,71,71,71,71,71,71,71,71,71,71,71,71,71,71,71,71,71,71,71,71,71,71,71,71,71,71,71,71,81,81,81,81,81,81,81,81,81,81,81,81,81,81,81,77,91,91,91,91,91,91,91,91,91,91],"card_choices":[{"not_picked":["Tempest","Gash"],"picked":"Loop","floor":1.0},{"not_picked":["Sunder","Conserve Battery"],"picked":"Sweeping Beam","floor":2.0},{"not_picked":["Sweeping Beam","Leap"],"picked":"Genetic Algorithm","floor":4.0},{"not_picked":["Sunder","Reboot","Rebound"],"picked":"SKIP","floor":7.0},{"not_picked":["Leap+1","Cold Snap"],"picked":"Defragment","floor":11.0},{"not_picked":["FTL","Doom and Gloom"],"picked":"Conserve Battery+1","floor":13.0},{"not_picked":["Hologram+1","Beam Cell"],"picked":"Defragment","floor":14.0},{"not_picked":["Electrodynamics","Buffer"],"picked":"Echo Form","floor":16.0},{"not_picked":["Gash","Darkness+1"],"picked":"Genetic Algorithm+1","floor":18.0},{"not_picked":["Fusion+1","Rebound","Turbo+1"],"picked":"SKIP","floor":19.0},{"not_picked":["Coolheaded+1","Gash","Barrage"],"picked":"SKIP","floor":22.0},{"not_picked":["Stack+1","Fusion+1"],"picked":"Self Repair","floor":24.0},{"not_picked":["Consume+1","Compile Driver"],"picked":"Glacier+1","floor":27.0},{"not_picked":["Doom and Gloom","FTL"],"picked":"White Noise+1","floor":28.0},{"not_picked":["Doom and Gloom+1","Conserve Battery+1"],"picked":"Go for the Eyes+1","floor":29.0},{"not_picked":["Compile Driver+1","Lockon+1","Conserve Battery+1"],"picked":"SKIP","floor":31.0},{"not_picked":["Buffer","Reboot+1"],"picked":"Machine Learning","floor":33.0},{"not_picked":["Hologram+1","Streamline+1"],"picked":"Defragment","floor":35.0},{"not_picked":["Swift Strike","Impatience+1"],"picked":"Panacea+1","floor":37.0},{"not_picked":["Sweeping Beam","Turbo+1","Redo+1"],"picked":"SKIP","floor":38.0},{"not_picked":["Conserve Battery+1","Cold Snap","Darkness+1"],"picked":"SKIP","floor":42.0},{"not_picked":["Lockon","Rip and Tear+1","Redo+1"],"picked":"SKIP","floor":44.0},{"not_picked":["Sweeping Beam","Hologram+1"],"picked":"Loop","floor":54.0}],"player_experience":838154,"relics_obtained":[{"floor":7.0,"key":"Potion Belt"},{"floor":9.0,"key":"Toxic Egg 2"},{"floor":11.0,"key":"Calipers"},{"floor":14.0,"key":"Ginger"},{"floor":24.0,"key":"DataDisk"},{"floor":26.0,"key":"Meat on the Bone"},{"floor":46.0,"key":"Mango"},{"floor":54.0,"key":"Emotion Chip"}],"event_choices":[{"cards_removed":["Strike_B"],"damage_healed":0.0,"max_hp_gain":0.0,"max_hp_loss":0.0,"gold_gain":0.0,"event_name":"Bonfire Elementals","player_choice":"Offered Basic","floor":3.0,"gold_loss":0.0,"damage_taken":0.0},{"damage_healed":0.0,"max_hp_gain":0.0,"max_hp_loss":0.0,"gold_gain":0.0,"event_name":"Scrap Ooze","player_choice":"Success","floor":5.0,"gold_loss":0.0,"damage_taken":7.0,"relics_obtained":["Gambling Chip"]},{"damage_healed":0.0,"max_hp_gain":0.0,"max_hp_loss":0.0,"gold_gain":0.0,"event_name":"Living Wall","player_choice":"Grow","floor":10.0,"gold_loss":0.0,"damage_taken":0.0,"cards_upgraded":["Loop"]},{"damage_healed":0.0,"max_hp_gain":0.0,"max_hp_loss":0.0,"gold_gain":0.0,"event_name":"Back to Basics","player_choice":"Simplicity","floor":20.0,"gold_loss":0.0,"damage_taken":0.0,"cards_upgraded":["Strike_B","Strike_B","Strike_B","Defend_B","Defend_B","Defend_B","Defend_B"]},{"damage_healed":0.0,"max_hp_gain":0.0,"max_hp_loss":0.0,"gold_gain":0.0,"event_name":"Nest","player_choice":"Joined the Cult","floor":21.0,"gold_loss":0.0,"damage_taken":6.0,"cards_obtained":["RitualDagger"]},{"cards_removed":["Strike_B"],"damage_healed":0.0,"max_hp_gain":0.0,"max_hp_loss":0.0,"gold_gain":0.0,"event_name":"Wheel of Change","player_choice":"Card Removal","floor":25.0,"gold_loss":0.0,"damage_taken":0.0},{"damage_healed":0.0,"max_hp_gain":0.0,"max_hp_loss":0.0,"gold_gain":0.0,"event_name":"Tomb of Lord Red Mask","player_choice":"Ignored","floor":36.0,"gold_loss":0.0,"damage_taken":0.0},{"damage_healed":0.0,"max_hp_gain":0.0,"max_hp_loss":0.0,"gold_gain":0.0,"event_name":"SensoryStone","player_choice":"Memory 1","floor":37.0,"gold_loss":0.0,"damage_taken":0.0},{"cards_removed":["Sweeping Beam"],"damage_healed":0.0,"max_hp_gain":0.0,"max_hp_loss":0.0,"gold_gain":0.0,"event_name":"Purifier","player_choice":"Purged","floor":41.0,"gold_loss":0.0,"damage_taken":0.0},{"damage_healed":0.0,"max_hp_gain":0.0,"max_hp_loss":4.0,"gold_gain":0.0,"event_name":"Winding Halls","player_choice":"Max HP","floor":45.0,"gold_loss":0.0,"damage_taken":0.0},{"damage_healed":0.0,"max_hp_gain":0.0,"max_hp_loss":0.0,"gold_gain":0.0,"event_name":"Mysterious Sphere","player_choice":"Fight","floor":46.0,"gold_loss":0.0,"damage_taken":0.0},{"damage_healed":0.0,"max_hp_gain":0.0,"max_hp_loss":0.0,"gold_gain":0.0,"event_name":"SecretPortal","player_choice":"Ignored","floor":48.0,"gold_loss":0.0,"damage_taken":0.0}],"is_beta":false,"boss_relics":[{"not_picked":["Black Star","Tiny House"],"picked":"Velvet Choker"},{"not_picked":["Calling Bell","Astrolabe"],"picked":"Eternal Feather"}],"items_purged_floors":[53],"is_endless":false,"potions_floor_spawned":[1,4,11,14,19,22,24,31,42,44,46],"ascension_level":14}