{"gold_per_floor":[117,117,217,228,281,281,281,281,355,355,318,318,330,349,349,449,449,460,492,492,512,427,446,446,110,137,137,162,162,179,192,192,192],"floor_reached":33,"playtime":1525,"items_purged":["Defend_R"],"score":303,"play_id":"ee38ff6e-16fd-4299-9e31-5d84d67bbf03","local_time":"20180901183850","is_ascension_mode":true,"campfire_choices":[{"data":"Infernal Blade","floor":6.0,"key":"SMITH"},{"data":"Combust","floor":8.0,"key":"SMITH"},{"data":"Rage","floor":10.0,"key":"SMITH"},{"data":"Pommel Strike","floor":12.0,"key":"SMITH"},{"floor":15.0,"key":"REST"},{"data":"Infernal Blade","floor":24.0,"key":"SMITH"},{"data":"Thunderclap","floor":27.0,"key":"SMITH"},{"data":"Combust","floor":29.0,"key":"SMITH"},{"data":"Bash","floor":32,"key":"SMITH"}],"neow_cost":"PERCENT_DAMAGE","seed_source_timestamp":0,"circlet_count":0,"master_deck":["Defend_R+1","Defend_R","Bash+1","Infernal Blade+1","Combust+1","Pommel Strike+1","Rage+1","Flame Barrier+1","Reaper","Thunderclap+1","Armaments+1","Bite","Bite","Bite","Bite","Bite","Intimidate","Infernal Blade+1","Combust+1"],"special_seed":0,"relics":["Black Blood","Juzu Bracelet","Du-Vu Doll","Dodecahedron","Red Mask","Orichalcum","Paper Frog","War Paint","Kunai"],"potions_floor_usage":[33,33],"damage_taken":[{"damage":6.0,"enemies":"Jaw Worm","floor":1.0,"turns":4.0},{"damage":2.0,"enemies":"Cultist","floor":4.0,"turns":4.0},{"damage":0.0,"enemies":"Small Slimes","floor":13.0,"turns":2.0},{"damage":1.0,"enemies":"Red Slaver","floor":14.0,"turns":1.0},{"damage":45.0,"enemies":"Slime Boss","floor":16.0,"turns":8.0},{"damage":11.0,"enemies":"3 Byrds","floor":18.0,"turns":4.0},{"damage":42.0,"enemies":"Masked Bandits","floor":19.0,"turns":4.0},{"damage":13.0,"enemies":"Spheric Guardian","floor":21.0,"turns":4.0},{"damage":46.0,"enemies":"Chosen and Byrds","floor":23.0,"turns":7.0},{"damage":27.0,"enemies":"Slavers","floor":28.0,"turns":5.0},{"damage":17.0,"enemies":"Cultist and Chosen","floor":30.0,"turns":6.0},{"damage":21.0,"enemies":"Snake Plant","floor":31.0,"turns":4.0},{"damage":94,"enemies":"Champ","floor":33,"turns":11}],"seed_played":"-7067114462073234897","potions_obtained":[{"floor":4.0,"key":"Explosive Potion"},{"floor":16.0,"key":"Strength Potion"},{"floor":18.0,"key":"Energy Potion"},{"floor":21.0,"key":"BloodPotion"},{"floor":23.0,"key":"Swift Potion"}],"is_trial":false,"path_per_floor":["M","?","?","M","T","R","?","R","T","R","?","R","M","M","R","B",null,"M","?","?","M","?","M","R","$","T","R","E","R","M","M","R"],"character_chosen":"IRONCLAD","items_purchased":["Paper Frog"],"campfire_rested":1,"item_purchase_floors":[25],"current_hp_per_floor":[56,49,49,53,53,53,20,20,20,20,20,20,26,31,55,16,80,79,50,50,56,56,34,34,34,34,34,41,41,48,45,45,0],"gold":192,"neow_bonus":"TRANSFORM_TWO_CARDS","is_prod":false,"is_daily":false,"chose_seed":false,"campfire_upgraded":8,"win_rate":0,"timestamp":1535792930,"path_taken":["M","?","?","M","?","R","?","R","T","R","?","R","M","M","R","BOSS","M","?","?","M","?","M","R","$","T","R","E","R","M","M","R","BOSS"],"build_version":"2018-08-30","purchased_purges":1,"victory":false,"max_hp_per_floor":[80,80,80,80,80,80,80,80,80,80,80,80,80,80,80,80,80,80,80,56,56,56,56,56,56,56,56,56,56,56,56,56,56],"card_choices":[{"not_picked":["Body Slam","Havoc"],"picked":"Pommel Strike","floor":1.0},{"not_picked":["Whirlwind","Seeing Red"],"picked":"Rage","floor":4.0},{"not_picked":["True Grit","Sever Soul","Power Through"],"picked":"SKIP","floor":13.0},{"not_picked":["Heavy Blade","Intimidate"],"picked":"Flame Barrier","floor":14.0},{"not_picked":["Fiend Fire","Limit Break"],"picked":"Reaper","floor":16.0},{"not_picked":["Power Through+1","Intimidate+1"],"picked":"Thunderclap","floor":18.0},{"not_picked":["Headbutt+1","Flex"],"picked":"Armaments+1","floor":19.0},{"not_picked":["Sentinel","Corruption"],"picked":"Intimidate","floor":21.0},{"not_picked":["Warcry","True Grit"],"picked":"Infernal Blade","floor":23.0},{"not_picked":["Iron Wave","Blood for Blood"],"picked":"Combust","floor":28.0},{"not_picked":["Power Through","Flex","Cleave+1"],"picked":"SKIP","floor":30.0},{"not_picked":["Flex","Whirlwind","Ghostly Armor"],"picked":"SKIP","floor":31.0}],"player_experience":96619,"relics_obtained":[{"floor":5.0,"key":"Juzu Bracelet"},{"floor":9.0,"key":"Dodecahedron"},{"floor":19.0,"key":"Red Mask"},{"floor":26.0,"key":"War Paint"},{"floor":28.0,"key":"Kunai"}],"event_choices":[{"event_name":"Golden Wing","player_choice":"Card Removal","floor":2.0,"damage_taken":0.0},{"event_name":"Golden Shrine","player_choice":"Pray","floor":3.0,"damage_taken":0.0},{"event_name":"Scrap Ooze","player_choice":"success","floor":7.0,"damage_taken":33.0},{"event_name":"World of Goop","player_choice":"Left","floor":11.0,"damage_taken":0.0},{"event_name":"Masked Bandits","player_choice":"Fought Bandits","floor":19.0,"damage_taken":0.0},{"event_name":"Vampires","player_choice":"Became a vampire","floor":20.0,"damage_taken":0.0},{"event_name":"Addict","player_choice":"Obtained Relic","floor":22.0,"damage_taken":0.0}],"is_beta":false,"boss_relics":[{"not_picked":["Snecko Eye","Runic Cube"],"picked":"Black Blood"}],"items_purged_floors":[25],"is_endless":false,"potions_floor_spawned":[4,16,18,21,23],"killed_by":"Champ","ascension_level":2}