{"gold_per_floor":[113,129,129,143,93,93,121,121,121,153,171,184,184],"floor_reached":13,"playtime":614,"items_purged":[],"score":119,"play_id":"656a82c5-c69a-4de7-b79a-4a5a09416382","local_time":"20181118100138","is_ascension_mode":true,"campfire_choices":[{"data":"All Out Attack","floor":6,"key":"SMITH"}],"neow_cost":"NONE","seed_source_timestamp":72744422084685,"circlet_count":0,"master_deck":["Defend_G","Defend_G","Defend_G","Defend_G","Defend_G","Strike_G","Strike_G","Strike_G","Survivor","Neutralize","Cloak And Dagger","All Out Attack+1","Acrobatics","Footwork","Blade Dance","Accuracy"],"relics":["Ring of the Snake","Blood Vial","Bird Faced Urn","Nunchaku","Art of War"],"potions_floor_usage":[10,10],"damage_taken":[{"damage":1,"enemies":"Cultist","floor":1,"turns":4},{"damage":0,"enemies":"Small Slimes","floor":2,"turns":3},{"damage":6,"enemies":"2 Louse","floor":4,"turns":3},{"damage":18,"enemies":"3 Sentries","floor":7,"turns":6},{"damage":26,"enemies":"Gremlin Nob","floor":10,"turns":4},{"damage":12,"enemies":"Exordium Thugs","floor":11,"turns":5},{"damage":0,"enemies":"Exordium Wildlife","floor":12,"turns":1},{"damage":24,"enemies":"Large Slime","floor":13,"turns":4}],"seed_played":"8724154180767616052","potions_obtained":[{"floor":4,"key":"PowerPotion"},{"floor":8,"key":"SkillPotion"},{"floor":8,"key":"Regen Potion"},{"floor":8,"key":"Fire Potion"},{"floor":11,"key":"SpeedPotion"},{"floor":12,"key":"SteroidPotion"}],"is_trial":false,"path_per_floor":["M","M","?","M","?","R","E","?","T","E","M","M","M"],"character_chosen":"THE_SILENT","items_purchased":[],"campfire_rested":0,"item_purchase_floors":[],"current_hp_per_floor":[69,70,63,59,59,59,43,43,43,23,15,17,0],"gold":184,"neow_bonus":"RANDOM_COMMON_RELIC","is_prod":false,"is_daily":false,"chose_seed":false,"campfire_upgraded":1,"win_rate":0,"timestamp":1542497498,"path_taken":["M","?","?","M","?","R","E","?","T","E","M","M","?"],"build_version":"2018-11-15","purchased_purges":0,"victory":false,"max_hp_per_floor":[70,70,70,70,70,70,70,70,70,70,70,70,70],"card_choices":[{"not_picked":["Tactician","Deadly Poison"],"picked":"Cloak And Dagger","floor":1},{"not_picked":["Acrobatics","Underhanded Strike"],"picked":"All Out Attack","floor":2},{"not_picked":["Bouncing Flask","Finisher"],"picked":"Acrobatics","floor":4},{"not_picked":["Terror","Eviscerate"],"picked":"Footwork","floor":7},{"not_picked":["Dash","Flechettes"],"picked":"Blade Dance","floor":10},{"not_picked":["Heel Hook","Flying Knee","Backstab"],"picked":"SKIP","floor":11},{"not_picked":["Dodge and Roll","Deadly Poison"],"picked":"Accuracy","floor":12}],"player_experience":404106,"relics_obtained":[{"floor":7,"key":"Bird Faced Urn"},{"floor":9,"key":"Nunchaku"},{"floor":10,"key":"Art of War"}],"event_choices":[{"cards_removed":["Strike_G"],"damage_healed":0,"gold_gain":0,"player_choice":"Card Removal","damage_taken":7,"max_hp_gain":0,"max_hp_loss":0,"event_name":"Golden Wing","floor":3,"gold_loss":0},{"cards_removed":["Strike_G"],"damage_healed":0,"gold_gain":0,"player_choice":"Card Removal","damage_taken":0,"max_hp_gain":0,"max_hp_loss":0,"event_name":"The Cleric","floor":5,"gold_loss":50},{"damage_healed":0,"gold_gain":0,"player_choice":"Got Potions","damage_taken":0,"max_hp_gain":0,"max_hp_loss":0,"event_name":"Lab","floor":8,"gold_loss":0}],"is_beta":false,"boss_relics":[],"items_purged_floors":[],"is_endless":false,"potions_floor_spawned":[4,11,12],"killed_by":"Large Slime","ascension_level":5}