{"gold_per_floor":[113,113,188,123,143,169,183,183,265,295,295,56,206,261,261,261],"floor_reached":16,"playtime":373,"items_purged":["Regret"],"score":282,"play_id":"652ab4ab-9d34-4b3c-9282-a27ece7792d8","local_time":"20190214012153","is_ascension_mode":true,"campfire_choices":[{"data":"Bash","floor":8.0,"key":"SMITH"},{"floor":15,"key":"REST"}],"neow_cost":"NONE","seed_source_timestamp":824756507250164,"circlet_count":0,"master_deck":["AscendersBane","Strike_R","Strike_R","Strike_R","Strike_R","Strike_R","Defend_R","Defend_R","Defend_R","Defend_R","Bash+1","Shrug It Off","Headbutt","Intimidate+1","Spot Weakness+1","Reaper+1","Doubt","Feel No Pain"],"special_seed":0,"relics":["Burning Blood","NeowsBlessing","Ancient Tea Set","Toxic Egg 2","Magic Flower","Pear","Juzu Bracelet","Blood Vial","Tiny Chest"],"potions_floor_usage":[16,16,16],"damage_taken":[{"damage":0.0,"enemies":"Jaw Worm","floor":1.0,"turns":1.0},{"damage":3.0,"enemies":"2 Louse","floor":5.0,"turns":2.0},{"damage":0.0,"enemies":"Lagavulin","floor":6.0,"turns":1.0},{"damage":3.0,"enemies":"Cultist","floor":7.0,"turns":4.0},{"damage":64.0,"enemies":"Gremlin Nob","floor":10.0,"turns":5.0},{"damage":47,"enemies":"Lagavulin","floor":14,"turns":7},{"damage":19,"enemies":"Hexaghost","floor":16,"turns":8}],"seed_played":"3309331239678643251","potions_obtained":[{"floor":14,"key":"EntropicBrew"}],"is_trial":false,"path_per_floor":["M","?","?","?","M","E","M","R","T","E","?","$","?","E","R","B"],"character_chosen":"IRONCLAD","items_purchased":["Blood Vial"],"campfire_rested":1,"item_purchase_floors":[12],"current_hp_per_floor":[74,74,63,63,66,72,75,75,85,30,30,30,30,10,35,27],"gold":261,"neow_bonus":"THREE_ENEMY_KILL","is_prod":false,"is_daily":false,"chose_seed":false,"campfire_upgraded":1,"win_rate":0,"timestamp":1550132513,"path_taken":["M","?","?","?","?","E","M","R","T","E","?","$","?","E","R","BOSS"],"build_version":"2019-01-23","purchased_purges":1,"victory":false,"max_hp_per_floor":[75,75,75,75,75,75,75,75,85,85,85,85,85,85,85,85],"card_choices":[{"not_picked":["Clothesline","Clash"],"picked":"Shrug It Off","floor":1.0},{"not_picked":["Dual Wield+1","Flex+1"],"picked":"Headbutt","floor":5.0},{"not_picked":["Ghostly Armor+1","Warcry+1"],"picked":"Intimidate+1","floor":6.0},{"not_picked":["Armaments+1","Intimidate+1"],"picked":"Spot Weakness+1","floor":7.0},{"not_picked":["Intimidate+1","Fire Breathing"],"picked":"Reaper","floor":10.0},{"not_picked":["Seeing Red+1","Armaments+1"],"picked":"Feel No Pain","floor":14}],"player_experience":823554,"relics_obtained":[{"floor":6.0,"key":"Magic Flower"},{"floor":9.0,"key":"Pear"},{"floor":10.0,"key":"Juzu Bracelet"},{"floor":14,"key":"Tiny Chest"}],"event_choices":[{"damage_healed":0.0,"max_hp_gain":0.0,"max_hp_loss":0.0,"gold_gain":0.0,"event_name":"Big Fish","player_choice":"Box","floor":2.0,"gold_loss":0.0,"damage_taken":0.0,"relics_obtained":["Ancient Tea Set"],"cards_obtained":["Regret"]},{"damage_healed":0.0,"max_hp_gain":0.0,"max_hp_loss":0.0,"gold_gain":75.0,"event_name":"World of Goop","player_choice":"Gather Gold","floor":3.0,"gold_loss":0.0,"damage_taken":11.0},{"damage_healed":0.0,"max_hp_gain":0.0,"max_hp_loss":0.0,"gold_gain":0.0,"event_name":"WeMeetAgain","player_choice":"Paid Gold","floor":4.0,"gold_loss":65.0,"damage_taken":0.0,"relics_obtained":["Toxic Egg 2"]},{"damage_healed":0.0,"max_hp_gain":0.0,"max_hp_loss":0.0,"gold_gain":0.0,"event_name":"Accursed Blacksmith","player_choice":"Forge","floor":11.0,"gold_loss":0.0,"damage_taken":0.0,"cards_upgraded":["Reaper"]},{"damage_healed":0.0,"max_hp_gain":0.0,"max_hp_loss":0.0,"gold_gain":150.0,"event_name":"Liars Game","player_choice":"AGREE","floor":13.0,"gold_loss":0.0,"damage_taken":0.0,"cards_obtained":["Doubt"]}],"is_beta":false,"boss_relics":[],"items_purged_floors":[12],"is_endless":false,"potions_floor_spawned":[14],"killed_by":"Hexaghost","ascension_level":20}