{"gold_per_floor":[118,135,150,150,150,181,181,211,257,257],"floor_reached":10,"playtime":324,"items_purged":[],"score":76,"play_id":"026a8048-69ce-49ab-9f3b-7b3e464aec84","local_time":"20181117173124","is_ascension_mode":false,"campfire_choices":[{"floor":7,"key":"REST"}],"neow_cost":"NONE","seed_source_timestamp":22409785175352,"circlet_count":0,"master_deck":["Strike_R","Strike_R","Strike_R","Strike_R","Defend_R+1","Defend_R","Defend_R","Defend_R","Bash","Flex","Battle Trance+1","Shockwave","Double Tap","Flex"],"relics":["Burning Blood","NeowsBlessing","The Courier","War Paint","Shuriken","Omamori"],"potions_floor_usage":[],"damage_taken":[{"damage":0,"enemies":"Cultist","floor":1,"turns":1},{"damage":0,"enemies":"Small Slimes","floor":2,"turns":1},{"damage":0,"enemies":"Jaw Worm","floor":3,"turns":1},{"damage":44,"enemies":"Lagavulin","floor":6,"turns":8},{"damage":53,"enemies":"3 Sentries","floor":8,"turns":11},{"damage":15,"enemies":"Lots of Slimes","floor":10,"turns":2}],"seed_played":"-3266819885066446227","potions_obtained":[{"floor":3,"key":"Poison Potion"},{"floor":8,"key":"Block Potion"}],"is_trial":false,"path_per_floor":["M","M","M","?","?","E","R","E","T","M"],"character_chosen":"IRONCLAD","items_purchased":[],"campfire_rested":1,"item_purchase_floors":[],"current_hp_per_floor":[80,80,80,73,73,35,59,12,12,0],"gold":257,"neow_bonus":"THREE_ENEMY_KILL","is_prod":false,"is_daily":false,"chose_seed":false,"campfire_upgraded":0,"win_rate":0,"timestamp":1542443484,"path_taken":["M","M","M","?","?","E","R","E","T","M"],"build_version":"2018-11-15","purchased_purges":0,"victory":false,"max_hp_per_floor":[80,80,80,80,80,80,80,80,80,80],"card_choices":[{"not_picked":["Carnage","Iron Wave"],"picked":"Flex","floor":1},{"not_picked":["Sever Soul","Perfected Strike","Warcry"],"picked":"SKIP","floor":2},{"not_picked":["Cleave","Anger"],"picked":"Battle Trance","floor":3},{"not_picked":["Twin Strike","Warcry"],"picked":"Double Tap","floor":6},{"not_picked":["Anger","Body Slam"],"picked":"Flex","floor":8}],"player_experience":102236,"relics_obtained":[{"floor":6,"key":"War Paint"},{"floor":8,"key":"Shuriken"},{"floor":9,"key":"Omamori"}],"event_choices":[{"damage_healed":0,"gold_gain":0,"player_choice":"Success","damage_taken":7,"relics_obtained":["The Courier"],"max_hp_gain":0,"max_hp_loss":0,"event_name":"Scrap Ooze","floor":4,"gold_loss":0},{"damage_healed":0,"gold_gain":0,"cards_transformed":["Strike_R"],"player_choice":"Change","damage_taken":0,"max_hp_gain":0,"max_hp_loss":0,"event_name":"Living Wall","floor":5,"gold_loss":0,"cards_obtained":["Shockwave"]}],"is_beta":false,"boss_relics":[],"items_purged_floors":[],"is_endless":false,"potions_floor_spawned":[3,8],"killed_by":"Lots of Slimes","ascension_level":0}