{"gold_per_floor":[114,189,189,209,209,242,242,242,293,293,304,77,111,91],"floor_reached":14,"playtime":142,"items_purged":[],"score":242,"play_id":"2ce09a81-2b3a-4333-88d4-cf8631dbb905","local_time":"20181218054200","is_ascension_mode":true,"campfire_choices":[{"data":"Zap","floor":7,"key":"SMITH"},{"data":"Streamline","floor":10,"key":"SMITH"}],"neow_cost":"NONE","seed_source_timestamp":387420845927596,"circlet_count":0,"master_deck":["AscendersBane","Strike_B+1","Strike_B","Strike_B","Strike_B","Defend_B","Defend_B","Defend_B","Zap+1","Dualcast","Ball Lightning+1","Streamline+1","Sweeping Beam","BootSequence","Core Surge","Conserve Battery","Chill"],"relics":["Cracked Core","NeowsBlessing","Emotion Chip","Lantern","Peace Pipe"],"potions_floor_usage":[13,13],"damage_taken":[{"damage":0,"enemies":"2 Louse","floor":1,"turns":1},{"damage":0,"enemies":"Jaw Worm","floor":4,"turns":1},{"damage":0,"enemies":"3 Sentries","floor":6,"turns":1},{"damage":0,"enemies":"Cultist","floor":11,"turns":2},{"damage":30,"enemies":"Lagavulin","floor":13,"turns":4},{"damage":2,"enemies":"Exordium Thugs","floor":14,"turns":1}],"seed_played":"-6226342724907383456","potions_obtained":[{"floor":4,"key":"Weak Potion"},{"floor":6,"key":"Swift Potion"},{"floor":13,"key":"LiquidBronze"}],"is_trial":false,"path_per_floor":["M","?","?","M","$","E","R","?","T","R","M","$","E","M"],"character_chosen":"DEFECT","items_purchased":["Core Surge","Conserve Battery"],"campfire_rested":0,"item_purchase_floors":[12,12],"current_hp_per_floor":[64,53,53,53,53,53,53,32,32,32,32,32,2,0],"gold":91,"neow_bonus":"THREE_ENEMY_KILL","is_prod":false,"is_daily":false,"chose_seed":false,"campfire_upgraded":2,"win_rate":0,"timestamp":1545079320,"path_taken":["M","?","?","?","?","E","R","?","T","R","M","$","E","M"],"build_version":"2018-12-13","purchased_purges":0,"victory":false,"max_hp_per_floor":[71,71,71,71,71,71,71,71,71,71,71,71,71,71],"card_choices":[{"not_picked":["Leap","Doom and Gloom"],"picked":"Ball Lightning","floor":1},{"not_picked":["Gash","Tempest"],"picked":"Streamline","floor":4},{"not_picked":["Turbo","Reinforced Body"],"picked":"Sweeping Beam","floor":6},{"not_picked":["Leap","Beam Cell"],"picked":"BootSequence","floor":11},{"not_picked":["Conserve Battery","Sweeping Beam"],"picked":"Chill","floor":13}],"player_experience":815205,"relics_obtained":[{"floor":6,"key":"Emotion Chip"},{"floor":9,"key":"Lantern"},{"floor":13,"key":"Peace Pipe"}],"event_choices":[{"damage_healed":0,"gold_gain":75,"player_choice":"Gather Gold","damage_taken":11,"max_hp_gain":0,"max_hp_loss":0,"event_name":"World of Goop","floor":2,"gold_loss":0},{"cards_removed":["Defend_B"],"damage_healed":0,"gold_gain":0,"player_choice":"Purged","damage_taken":0,"max_hp_gain":0,"max_hp_loss":0,"event_name":"Purifier","floor":3,"gold_loss":0},{"damage_healed":0,"gold_gain":0,"player_choice":"Entered Light","damage_taken":21,"max_hp_gain":0,"max_hp_loss":0,"event_name":"Shining Light","floor":8,"gold_loss":0,"cards_upgraded":["Ball Lightning","Strike_B"]}],"is_beta":false,"boss_relics":[],"items_purged_floors":[],"is_endless":false,"potions_floor_spawned":[4,6,13],"killed_by":"Exordium Thugs","ascension_level":20}