{"gold_per_floor":[215,215,215,290,300,333,333,109,155,155,171,171,191,209,209,311,311,330,315,38,49,49,49,65,65,89,89,62,76,96,96,96,96],"floor_reached":33,"playtime":1176,"items_purged":["Defend_B","Strike_B"],"score":346,"play_id":"51bac40d-7f3a-4aeb-a71b-a61d74516749","local_time":"20190217003814","is_ascension_mode":true,"campfire_choices":[{"floor":7,"key":"REST"},{"data":"Genetic Algorithm","floor":10,"key":"SMITH"},{"data":"Melter","floor":12,"key":"SMITH"},{"floor":15,"key":"REST"},{"data":"Fission","floor":23,"key":"SMITH"},{"data":"Defragment","floor":27,"key":"SMITH"},{"floor":32,"key":"REST"}],"neow_cost":"NONE","seed_source_timestamp":36179205037000,"circlet_count":0,"master_deck":["Strike_B","Defend_B","Defend_B","Zap+1","Dualcast","Capacitor","Conserve Battery","Genetic Algorithm+1","Melter+1","Coolheaded","Chaos","Fission+1","Cold Snap","Defragment+1","Cold Snap"],"relics":["Cracked Core","Happy Flower","Empty Cage","Anchor","Nloth\u0027s Gift","Vajra"],"potions_floor_usage":[6,18,29,33,33],"damage_taken":[{"damage":5,"enemies":"Small Slimes","floor":1,"turns":4},{"damage":7,"enemies":"Jaw Worm","floor":5,"turns":3},{"damage":29,"enemies":"Gremlin Nob","floor":6,"turns":4},{"damage":0,"enemies":"2 Louse","floor":11,"turns":3},{"damage":4,"enemies":"Looter","floor":13,"turns":3},{"damage":9,"enemies":"Red Slaver","floor":14,"turns":3},{"damage":32,"enemies":"Slime Boss","floor":16,"turns":8},{"damage":0,"enemies":"Spheric Guardian","floor":18,"turns":2},{"damage":7,"enemies":"2 Thieves","floor":19,"turns":4},{"damage":28,"enemies":"Snecko","floor":21,"turns":7},{"damage":9,"enemies":"Centurion and Healer","floor":24,"turns":11},{"damage":11,"enemies":"Cultist and Chosen","floor":29,"turns":7},{"damage":5,"enemies":"Snecko","floor":30,"turns":5},{"damage":48,"enemies":"Champ","floor":33,"turns":16}],"seed_played":"1119226068451784370","potions_obtained":[{"floor":1,"key":"Poison Potion"},{"floor":6,"key":"GamblersBrew"},{"floor":16,"key":"Regen Potion"},{"floor":18,"key":"Dexterity Potion"},{"floor":21,"key":"Swift Potion"},{"floor":24,"key":"Regen Potion"}],"is_trial":false,"path_per_floor":["M","?","?","?","M","E","R","$","T","R","M","R","M","M","R","B",null,"M","M","$","M","$","R","M","?","T","R","$","M","M","?","R","B"],"character_chosen":"DEFECT","items_purchased":["Happy Flower","Cold Snap","Anchor","Cold Snap"],"campfire_rested":3,"item_purchase_floors":[8,20,20,28],"current_hp_per_floor":[63,56,56,45,38,9,31,31,31,31,31,31,27,18,40,8,58,63,56,56,28,28,28,19,19,19,19,19,23,18,18,40,0],"gold":96,"neow_bonus":"HUNDRED_GOLD","is_prod":false,"is_daily":false,"chose_seed":false,"campfire_upgraded":4,"win_rate":0,"timestamp":1550356694,"path_taken":["M","?","?","?","M","E","R","?","T","R","M","R","?","M","R","BOSS","M","M","$","M","?","R","M","?","T","R","$","?","?","?","R","BOSS"],"build_version":"2019-01-23","purchased_purges":2,"victory":false,"max_hp_per_floor":[75,75,75,75,75,75,75,75,75,75,75,75,75,75,75,75,75,75,75,75,75,75,75,75,75,75,75,75,75,75,75,75,75],"card_choices":[{"not_picked":["Self Repair","White Noise"],"picked":"Capacitor","floor":1},{"not_picked":["Sweeping Beam","Steam"],"picked":"Conserve Battery","floor":5},{"not_picked":["Steam Power","Compile Driver"],"picked":"Genetic Algorithm","floor":6},{"not_picked":["Scrape","Sweeping Beam"],"picked":"Melter","floor":11},{"not_picked":["Turbo","Barrage"],"picked":"Coolheaded","floor":13},{"not_picked":["Redo","Stack","Gash"],"picked":"SKIP","floor":14},{"not_picked":["Coolheaded","Amplify"],"picked":"Chaos","floor":15},{"not_picked":["Reboot","Meteor Strike"],"picked":"Fission","floor":16},{"not_picked":["Steam","Rebound","Coolheaded"],"picked":"SKIP","floor":18},{"not_picked":["Reprogram","Hello World","Redo"],"picked":"SKIP","floor":19},{"not_picked":["Coolheaded","Compile Driver","Turbo"],"picked":"SKIP","floor":21},{"not_picked":["Rip and Tear","Redo+1"],"picked":"Defragment","floor":24},{"not_picked":["Barrage","Reboot","Tempest"],"picked":"SKIP","floor":29},{"not_picked":["Genetic Algorithm","Storm","Stack+1"],"picked":"SKIP","floor":30}],"player_experience":790327,"relics_obtained":[{"floor":9,"key":"Dream Catcher"},{"floor":26,"key":"Vajra"}],"event_choices":[{"cards_removed":["Strike_B"],"damage_healed":0,"gold_gain":0,"player_choice":"Card Removal","damage_taken":7,"max_hp_gain":0,"max_hp_loss":0,"event_name":"Golden Wing","floor":2,"gold_loss":0},{"damage_healed":0,"gold_gain":0,"player_choice":"Grow","damage_taken":0,"max_hp_gain":0,"max_hp_loss":0,"event_name":"Living Wall","floor":3,"gold_loss":0,"cards_upgraded":["Zap"]},{"damage_healed":0,"gold_gain":75,"player_choice":"Gather Gold","damage_taken":11,"max_hp_gain":0,"max_hp_loss":0,"event_name":"World of Goop","floor":4,"gold_loss":0},{"damage_healed":0,"gold_gain":0,"player_choice":"Traded Relic","damage_taken":0,"relics_obtained":["Nloth\u0027s Gift"],"max_hp_gain":0,"max_hp_loss":0,"event_name":"N\u0027loth","floor":25,"relics_lost":["Dream Catcher"],"gold_loss":0},{"damage_healed":0,"gold_gain":0,"player_choice":"Ignored","damage_taken":0,"max_hp_gain":0,"max_hp_loss":0,"event_name":"Cursed Tome","floor":31,"gold_loss":0}],"is_beta":false,"boss_relics":[{"not_picked":["Calling Bell","Eternal Feather"],"picked":"Empty Cage"}],"items_purged_floors":[8,20],"is_endless":false,"potions_floor_spawned":[1,6,16,18,21,24],"killed_by":"Champ","ascension_level":8}