{"gold_per_floor":[118,130,130,146,158,158,168,168,168,168,125,144,162,162,162,283,283,299,299,225,248,273,273,286,286,313,353,353,353,353,369,369,369],"floor_reached":33,"playtime":1645,"items_purged":["Strike_B"],"score":272,"play_id":"42ef41fa-9511-4b6a-bce2-fac9206a39ae","local_time":"20180830152651","is_ascension_mode":true,"campfire_choices":[{"data":"Echo Form","floor":6,"key":"SMITH"},{"data":"BootSequence","floor":8,"key":"SMITH"},{"data":"Ball Lightning","floor":10,"key":"SMITH"},{"data":"Dualcast","floor":15,"key":"SMITH"},{"data":"Conserve Battery","floor":23,"key":"SMITH"},{"data":"Steam","floor":25,"key":"SMITH"},{"floor":28,"key":"REST"},{"floor":30,"key":"REST"},{"data":"Core Surge","floor":32,"key":"SMITH"}],"neow_cost":"NONE","seed_source_timestamp":200383546397074,"circlet_count":0,"master_deck":["Strike_B","Strike_B","Strike_B","Defend_B","Defend_B","Defend_B","Defend_B","Dualcast+1","Ball Lightning","Ball Lightning+1","Echo Form+1","BootSequence+1","Ball Lightning","Loop","Core Surge+1","Steam+1","Conserve Battery+1","Redo+1","Conserve Battery+1","Leap+1"],"relics":["FrozenCore","Dodecahedron","Smiling Mask","Golden Idol","Enchiridion","Vajra","Oddly Smooth Stone"],"potions_floor_usage":[7,16,16,21,22,24,24],"damage_taken":[{"damage":0,"enemies":"Cultist","floor":1,"turns":3},{"damage":5,"enemies":"Small Slimes","floor":2,"turns":3},{"damage":3,"enemies":"Jaw Worm","floor":4,"turns":3},{"damage":7,"enemies":"Blue Slaver","floor":5,"turns":3},{"damage":26,"enemies":"Exordium Thugs","floor":7,"turns":5},{"damage":8,"enemies":"Lots of Slimes","floor":12,"turns":5},{"damage":0,"enemies":"Large Slime","floor":13,"turns":3},{"damage":11,"enemies":"Slime Boss","floor":16,"turns":5},{"damage":0,"enemies":"Chosen","floor":18,"turns":4},{"damage":2,"enemies":"3 Byrds","floor":21,"turns":4},{"damage":22,"enemies":"Shelled Parasite and Fungi","floor":22,"turns":6},{"damage":6,"enemies":"Cultist and Chosen","floor":24,"turns":6},{"damage":29,"enemies":"Slavers","floor":27,"turns":5},{"damage":12,"enemies":"Sentry and Sphere","floor":31,"turns":6},{"damage":32,"enemies":"Champ","floor":33,"turns":11}],"seed_played":"-2985036167875545203","potions_obtained":[{"floor":0,"key":"SkillPotion"},{"floor":0,"key":"SteroidPotion"},{"floor":0,"key":"Weak Potion"},{"floor":7,"key":"AttackPotion"},{"floor":18,"key":"Fire Potion"},{"floor":21,"key":"Swift Potion"},{"floor":22,"key":"Explosive Potion"},{"floor":31,"key":"GamblersBrew"}],"is_trial":false,"path_per_floor":["M","M","T","M","M","R","M","R","T","R","?","M","M","?","R","B",null,"M","?","$","M","M","R","M","R","T","E","R","?","R","M","R"],"character_chosen":"DEFECT","items_purchased":["Conserve Battery"],"campfire_rested":2,"item_purchase_floors":[20],"current_hp_per_floor":[75,70,70,67,60,60,34,34,34,34,34,26,26,26,26,15,69,69,53,53,51,36,36,30,30,30,1,21,21,41,29,29,0],"gold":369,"neow_bonus":"THREE_SMALL_POTIONS","is_prod":false,"is_daily":false,"chose_seed":false,"campfire_upgraded":7,"win_rate":0,"timestamp":1535608611,"path_taken":["M","M","?","M","M","R","M","R","T","R","?","?","?","?","R","BOSS","M","?","$","M","?","R","M","R","T","E","R","?","R","M","R","BOSS"],"build_version":"2018-08-23v2","purchased_purges":1,"victory":false,"max_hp_per_floor":[75,75,75,75,75,75,75,75,75,75,75,75,75,69,69,69,69,69,69,69,69,69,69,69,69,69,69,69,69,69,69,69,69],"card_choices":[{"not_picked":["Stack","Fission"],"picked":"Ball Lightning","floor":1},{"not_picked":["Steam","Chill"],"picked":"Ball Lightning","floor":2},{"not_picked":["Cold Snap","Compile Driver","Coolheaded"],"picked":"SKIP","floor":4},{"not_picked":["Reprogram","Genetic Algorithm"],"picked":"Echo Form","floor":5},{"not_picked":["Cold Snap","Gash"],"picked":"BootSequence","floor":7},{"not_picked":["Gash","Hello World"],"picked":"Ball Lightning","floor":12},{"not_picked":["Streamline","Beam Cell"],"picked":"Loop","floor":13},{"not_picked":["Buffer","Multi-Cast"],"picked":"Core Surge","floor":16},{"not_picked":["Coolheaded","Cold Snap"],"picked":"Steam","floor":18},{"not_picked":["Scrape","Glacier","Heatsinks"],"picked":"SKIP","floor":21},{"not_picked":["Steam Power","Double Energy"],"picked":"Redo+1","floor":22},{"not_picked":["Turbo+1","Hello World","Cold Snap"],"picked":"SKIP","floor":24},{"not_picked":["Hologram+1","Ball Lightning"],"picked":"Conserve Battery+1","floor":27},{"not_picked":["Turbo","Lockon+1"],"picked":"Leap+1","floor":31}],"player_experience":75721,"relics_obtained":[{"floor":3,"key":"Dodecahedron"},{"floor":9,"key":"Smiling Mask"},{"floor":19,"key":"Enchiridion"},{"floor":26,"key":"Vajra"},{"floor":27,"key":"Oddly Smooth Stone"}],"event_choices":[{"event_name":"World of Goop","player_choice":"Left","floor":11,"damage_taken":0},{"event_name":"Golden Idol","player_choice":"Lose Max HP","floor":14,"damage_taken":0},{"event_name":"Cursed Tome","player_choice":"Obtained Book","floor":19,"damage_taken":0},{"event_name":"Bonfire Elementals","player_choice":"BASIC","floor":29,"damage_taken":0}],"is_beta":false,"boss_relics":[{"not_picked":["Pandora\u0027s Box","Busted Crown"],"picked":"FrozenCore"}],"items_purged_floors":[20],"is_endless":false,"potions_floor_spawned":[4,5,7,13,18,21,22,31],"killed_by":"Champ","ascension_level":1}