{"gold_per_floor":[110,129,129,146,159,215,215,248,302,315,315,330,361,377,377,472,472,489,489,501,38,0,30,30,49,72,72,72,72,82,82,82,184,184,201,219,219,119,119,119,136,136,136,155,167,67,67],"floor_reached":47,"playtime":3132,"items_purged":["Concentrate+1","Defend_G","Strike_G"],"score":609,"play_id":"929112c1-e83f-4500-a02b-e6e825ac635e","local_time":"20180917223237","is_ascension_mode":true,"campfire_choices":[{"floor":7.0,"key":"REST"},{"data":"Neutralize","floor":11.0,"key":"SMITH"},{"floor":15.0,"key":"REST"},{"floor":24,"key":"REST"},{"data":"Infinite Blades","floor":28,"key":"SMITH"},{"data":"Dagger Spray","floor":32,"key":"SMITH"},{"floor":40,"key":"REST"}],"neow_cost":"NONE","seed_source_timestamp":109301941815300,"circlet_count":0,"master_deck":["Defend_G","Defend_G","Strike_G","Strike_G","Strike_G","Survivor","Neutralize+1","Infinite Blades+1","Cloak And Dagger","Noxious Fumes","PiercingWail","Cloak And Dagger","Accuracy","Poisoned Stab","Blur","Endless Agony","Finisher","Adrenaline","Setup+1","Poisoned Stab","Footwork","Dagger Spray+1","Catalyst+1","Deadly Poison","Ghostly","Ghostly","Ghostly","Ghostly","Ghostly","Backflip+1","Bullet Time","Deadly Poison+1","Bane"],"special_seed":0,"relics":["Ring of the Snake","Anchor","Tiny Chest","Question Card","Bag of Marbles","Pen Nib","Astrolabe","Snake Skull","Regal Pillow","Juzu Bracelet","Potion Belt","Dodecahedron","Velvet Choker","The Courier","Mummified Hand"],"potions_floor_usage":[33,37,45],"damage_taken":[{"damage":1.0,"enemies":"Jaw Worm","floor":1.0,"turns":4.0},{"damage":0.0,"enemies":"Small Slimes","floor":2.0,"turns":4.0},{"damage":5.0,"enemies":"Cultist","floor":4.0,"turns":4.0},{"damage":1.0,"enemies":"Looter","floor":5.0,"turns":4.0},{"damage":33.0,"enemies":"Lagavulin","floor":6.0,"turns":7.0},{"damage":6.0,"enemies":"3 Sentries","floor":8.0,"turns":7.0},{"damage":0.0,"enemies":"2 Fungi Beasts","floor":10.0,"turns":4.0},{"damage":9.0,"enemies":"Blue Slaver","floor":12.0,"turns":4.0},{"damage":9.0,"enemies":"Lagavulin","floor":13.0,"turns":7.0},{"damage":6.0,"enemies":"Looter","floor":14.0,"turns":3.0},{"damage":8.0,"enemies":"Slime Boss","floor":16.0,"turns":8.0},{"damage":7.0,"enemies":"Chosen","floor":18.0,"turns":6.0},{"damage":5.0,"enemies":"Spheric Guardian","floor":20.0,"turns":5.0},{"damage":24,"enemies":"Gremlin Leader","floor":23,"turns":6},{"damage":13,"enemies":"Snake Plant","floor":25,"turns":5},{"damage":19,"enemies":"3 Cultists","floor":30,"turns":7},{"damage":27,"enemies":"Collector","floor":33,"turns":8},{"damage":13,"enemies":"3 Darklings","floor":35,"turns":7},{"damage":7,"enemies":"3 Shapes","floor":36,"turns":6},{"damage":31,"enemies":"3 Darklings","floor":41,"turns":6},{"damage":3,"enemies":"Reptomancer","floor":44,"turns":4},{"damage":12,"enemies":"Spire Growth","floor":45,"turns":6},{"damage":39,"enemies":"Nemesis","floor":47,"turns":6}],"seed_played":"1397830006117687047","potions_obtained":[{"floor":4.0,"key":"GhostInAJar"},{"floor":5.0,"key":"GhostInAJar"},{"floor":6.0,"key":"Explosive Potion"},{"floor":12.0,"key":"AttackPotion"},{"floor":13.0,"key":"Ancient Potion"},{"floor":14.0,"key":"EssenceOfSteel"},{"floor":20.0,"key":"LiquidBronze"},{"floor":23,"key":"Explosive Potion"},{"floor":36,"key":"Ancient Potion"},{"floor":37,"key":"Fruit Juice"},{"floor":37,"key":"Dexterity Potion"},{"floor":37,"key":"Block Potion"},{"floor":41,"key":"FearPotion"}],"is_trial":false,"path_per_floor":["M","M","?","M","M","E","R","E","T","M","R","M","E","M","R","B",null,"M","?","M","$","?","E","R","M","T","?","R","T","M","?","R","B",null,"M","M","?","$","T","R","M","?","T","M","M","$"],"character_chosen":"THE_SILENT","items_purchased":["Snake Skull","Regal Pillow","Footwork","Dagger Spray"],"campfire_rested":4,"item_purchase_floors":[21,21,21,21],"current_hp_per_floor":[69,69,74,69,68,35,57,51,51,51,51,42,33,27,49,41,67,60,46,41,41,41,17,56,43,43,40,40,40,21,50,50,23,43,30,23,28,28,28,55,24,24,24,21,9,9,0],"gold":67,"neow_bonus":"RANDOM_COMMON_RELIC","is_prod":false,"is_daily":false,"chose_seed":false,"campfire_upgraded":3,"win_rate":0,"timestamp":1537248757,"path_taken":["M","M","?","?","M","E","R","E","T","M","R","M","E","M","R","BOSS","M","?","M","$","?","E","R","M","T","?","R","?","M","?","R","BOSS","M","M","?","$","?","R","M","?","T","M","M","$","E"],"build_version":"2018-09-06","purchased_purges":3,"victory":false,"max_hp_per_floor":[70,70,75,75,75,75,75,75,75,75,75,75,75,75,75,75,75,75,80,80,80,80,80,80,80,80,40,40,40,40,50,50,50,50,50,50,55,55,55,55,55,55,55,55,55,55,55],"card_choices":[{"not_picked":["Deadly Poison","Finisher"],"picked":"Infinite Blades","floor":1.0},{"not_picked":["Dodge and Roll","Sucker Punch"],"picked":"Cloak And Dagger","floor":2.0},{"not_picked":["Bouncing Flask","Cloak And Dagger"],"picked":"Noxious Fumes","floor":4.0},{"not_picked":["Deflect","Quick Slash"],"picked":"PiercingWail","floor":5.0},{"not_picked":["Prepared","Acrobatics"],"picked":"Cloak And Dagger","floor":6.0},{"not_picked":["Flying Knee","Predator"],"picked":"Accuracy","floor":8.0},{"not_picked":["Bane","Burst","Dash"],"picked":"Poisoned Stab","floor":10.0},{"not_picked":["Blade Dance","Accuracy","Dagger Throw"],"picked":"Blur","floor":12.0},{"not_picked":["PiercingWail","Grand Finale","Quick Slash"],"picked":"Endless Agony","floor":13.0},{"not_picked":["Blur","Cloak And Dagger","Heel Hook"],"picked":"Finisher","floor":14.0},{"not_picked":["Storm of Steel","Unload","Phantasmal Killer"],"picked":"Adrenaline","floor":16.0},{"not_picked":["Skewer","Slice+1","Acrobatics"],"picked":"Sucker Punch+1","floor":18.0},{"not_picked":["Eviscerate+1","Wraith Form v2","All Out Attack"],"picked":"Poisoned Stab","floor":20.0},{"not_picked":["Heel Hook","PiercingWail","All Out Attack"],"picked":"Catalyst+1","floor":23},{"not_picked":["Heel Hook","Distraction","Flechettes"],"picked":"Deadly Poison","floor":25},{"not_picked":["Outmaneuver","Flying Knee","Deadly Poison"],"picked":"Backflip+1","floor":30},{"not_picked":["Night Terror","Grand Finale","Storm of Steel"],"picked":"Bullet Time","floor":33},{"not_picked":["Deflect","Footwork+1","Quick Slash+1"],"picked":"Deadly Poison+1","floor":35},{"not_picked":["Dodge and Roll","Outmaneuver+1","Quick Slash","Bullet Time"],"picked":"SKIP","floor":36},{"not_picked":["Outmaneuver+1","Footwork+1","Slice+1","Underhanded Strike+1"],"picked":"SKIP","floor":41},{"not_picked":["Expertise","Riddle With Holes","Underhanded Strike+1","Deflect"],"picked":"SKIP","floor":44},{"not_picked":["Dagger Throw","Dodge and Roll+1","Cloak And Dagger"],"picked":"Bane","floor":45}],"player_experience":412425,"relics_obtained":[{"floor":6.0,"key":"Tiny Chest"},{"floor":8.0,"key":"Question Card"},{"floor":9.0,"key":"Bag of Marbles"},{"floor":13.0,"key":"Pen Nib"},{"floor":23,"key":"Juzu Bracelet"},{"floor":26,"key":"Potion Belt"},{"floor":29,"key":"Dodecahedron"},{"floor":39,"key":"The Courier"},{"floor":43,"key":"Mummified Hand"}],"event_choices":[{"event_name":"Big Fish","player_choice":"Donut","floor":3.0,"damage_taken":0.0},{"event_name":"Forgotten Altar","player_choice":"Shed Blood","floor":19.0,"damage_taken":0.0},{"event_name":"Masked Bandits","player_choice":"Paid Fearfully","floor":22,"damage_taken":0},{"event_name":"Ghosts","player_choice":"Became a Ghost","floor":27,"damage_taken":0},{"event_name":"Bonfire Elementals","player_choice":"RARE","floor":31,"damage_taken":0},{"event_name":"The Lab","player_choice":"Got Potions","floor":37,"damage_taken":0},{"event_name":"Falling","player_choice":"Removed Attack","floor":42,"damage_taken":0}],"is_beta":false,"boss_relics":[{"not_picked":["Philosopher\u0027s Stone","Tiny House"],"picked":"Astrolabe"},{"not_picked":["Lizard Tail","Sozu"],"picked":"Velvet Choker"}],"items_purged_floors":[21,38,46],"is_endless":false,"potions_floor_spawned":[4,5,6,12,13,14,20,23,36,41],"killed_by":"Nemesis","ascension_level":5}