{"gold_per_floor":[118,118,130,141,155,155,182,182,182,182,182,198,215,248,248,326,326,338,7,20,20],"floor_reached":21,"playtime":540,"items_purged":[],"score":382,"play_id":"979b553f-6049-42c2-b5fc-a64b280e671e","local_time":"20190215235130","is_ascension_mode":true,"campfire_choices":[{"floor":6.0,"key":"REST"},{"floor":8.0,"key":"REST"},{"data":"Inflame","floor":10.0,"key":"SMITH"},{"data":"Uppercut","floor":15.0,"key":"SMITH"}],"neow_cost":"PERCENT_DAMAGE","seed_source_timestamp":49180261752038,"circlet_count":0,"master_deck":["AscendersBane","Strike_R","Strike_R","Strike_R","Strike_R","Defend_R","Bash","Inflame+1","Corruption","Twin Strike","Havoc","Flex","Uppercut+1","Seeing Red","Reaper","Limit Break","Sword Boomerang"],"special_seed":0,"relics":["Burning Blood","Pocketwatch","Singing Bowl","Pear","Philosopher\u0027s Stone","Shuriken"],"potions_floor_usage":[21],"damage_taken":[{"damage":12.0,"enemies":"Jaw Worm","floor":1.0,"turns":2.0},{"damage":1.0,"enemies":"Cultist","floor":3.0,"turns":3.0},{"damage":6.0,"enemies":"Small Slimes","floor":4.0,"turns":2.0},{"damage":16.0,"enemies":"Blue Slaver","floor":5.0,"turns":3.0},{"damage":35.0,"enemies":"Lagavulin","floor":7.0,"turns":5.0},{"damage":7.0,"enemies":"Exordium Thugs","floor":12.0,"turns":3.0},{"damage":0.0,"enemies":"Large Slime","floor":13.0,"turns":3.0},{"damage":6.0,"enemies":"Gremlin Nob","floor":14.0,"turns":3.0},{"damage":40.0,"enemies":"Slime Boss","floor":16.0,"turns":7.0},{"damage":56.0,"enemies":"3 Byrds","floor":18.0,"turns":5.0},{"damage":36.0,"enemies":"2 Thieves","floor":20.0,"turns":4.0},{"damage":24,"enemies":"Sentry and Sphere","floor":21,"turns":3}],"seed_played":"-7706017185235605231","potions_obtained":[{"floor":1.0,"key":"Fire Potion"},{"floor":12.0,"key":"Swift Potion"},{"floor":13.0,"key":"GamblersBrew"},{"floor":14.0,"key":"GamblersBrew"}],"is_trial":false,"path_per_floor":["M","?","M","M","M","R","E","R","T","R","?","M","M","E","R","B",null,"M","$","M","M"],"character_chosen":"IRONCLAD","items_purchased":["Shuriken","Sword Boomerang"],"campfire_rested":2,"item_purchase_floors":[19,19],"current_hp_per_floor":[44,44,49,49,39,61,32,54,54,54,54,53,59,69,69,41,74,34,34,16,0],"gold":20,"neow_bonus":"REMOVE_TWO","is_prod":false,"is_daily":false,"chose_seed":false,"campfire_upgraded":2,"win_rate":0,"timestamp":1550299890,"path_taken":["M","?","M","?","M","R","E","R","T","R","?","M","M","E","R","BOSS","M","$","?","M"],"build_version":"2019-01-23","purchased_purges":0,"victory":false,"max_hp_per_floor":[75,75,75,75,75,75,75,75,75,75,75,75,75,85,85,85,85,87,87,89,89],"card_choices":[{"not_picked":["Flex","Iron Wave"],"picked":"Inflame","floor":1.0},{"not_picked":["Carnage","Dropkick"],"picked":"Corruption","floor":3.0},{"not_picked":["Rupture","Cleave"],"picked":"Twin Strike","floor":4.0},{"not_picked":["Evolve","Rampage","Clash"],"picked":"SKIP","floor":5.0},{"not_picked":["Body Slam","Wild Strike"],"picked":"Havoc","floor":7.0},{"not_picked":["Warcry","True Grit"],"picked":"Uppercut","floor":12.0},{"not_picked":["Warcry","Entrench"],"picked":"Seeing Red","floor":13.0},{"not_picked":["Pommel Strike","Uppercut"],"picked":"Reaper","floor":14.0},{"not_picked":["Feed","Bludgeon"],"picked":"Limit Break","floor":16.0},{"not_picked":["Corruption","Uppercut","Anger"],"picked":"Singing Bowl","floor":18.0},{"not_picked":["Thunderclap","Rupture+1","Hemokinesis"],"picked":"Singing Bowl","floor":20.0}],"player_experience":843119,"relics_obtained":[{"floor":7.0,"key":"Pocketwatch"},{"floor":9.0,"key":"Singing Bowl"},{"floor":14.0,"key":"Pear"}],"event_choices":[{"cards_removed":["Strike_R"],"damage_healed":0.0,"max_hp_gain":0.0,"max_hp_loss":0.0,"gold_gain":0.0,"event_name":"Bonfire Elementals","player_choice":"Offered Basic","floor":2.0,"gold_loss":0.0,"damage_taken":0.0},{"damage_healed":0.0,"max_hp_gain":0.0,"max_hp_loss":0.0,"gold_gain":0.0,"cards_transformed":["Defend_R"],"event_name":"Transmorgrifier","player_choice":"Transformed","floor":11.0,"gold_loss":0.0,"damage_taken":0.0,"cards_obtained":["Flex"]}],"is_beta":false,"boss_relics":[{"not_picked":["Snecko Eye","Fusion Hammer"],"picked":"Philosopher\u0027s Stone"}],"items_purged_floors":[],"is_endless":false,"potions_floor_spawned":[1,12,13,14],"killed_by":"Sentry and Sphere","ascension_level":20}