{"gold_per_floor":[110,35,35,35,49,79,79,107,107,124,156,156,174,203,203,282,282,298,298,298,313,26,26,40,68,93,120,132,178,207,253,265,349,361,390,86,86,101,126,158,158,190,216,231,266,266,278,292,292,292,292],"floor_reached":52,"playtime":4145,"items_purged":["Regret","Bludgeon"],"score":2106,"play_id":"34acd547-1b7e-41b0-9929-822c7b81a001","local_time":"20190214135302","is_ascension_mode":true,"campfire_choices":[{"data":"Bash","floor":7.0,"key":"SMITH"},{"floor":12.0,"key":"REST"},{"data":"Havoc","floor":15.0,"key":"SMITH"},{"floor":23.0,"key":"REST"},{"floor":28.0,"key":"REST"},{"floor":32.0,"key":"REST"},{"data":"Armaments","floor":41.0,"key":"SMITH"},{"floor":46.0,"key":"REST"},{"floor":49.0,"key":"REST"}],"neow_cost":"NONE","seed_source_timestamp":864719238195838,"circlet_count":0,"master_deck":["AscendersBane","Bash+1","Twin Strike","Havoc+1","Shrug It Off","Feed","Uppercut","Burning Pact","Offering","Ghostly Armor","Spot Weakness","Clothesline","Warcry","Havoc","Finesse","Flame Barrier","Shrug It Off","Metallicize+1","Immolate","Bloodletting","Power Through","Limit Break","Fiend Fire","Armaments+1","Entrench","Shockwave","Pommel Strike+1","Sadistic Nature","Flash of Steel","Trip","Madness","Pummel+1"],"special_seed":0,"relics":["Burning Blood","NeowsBlessing","Darkstone Periapt","Vajra","Paper Frog","Meat on the Bone","Dodecahedron","Charon\u0027s Ashes","Mark of Pain","Pocketwatch","MawBank","Incense Burner","Bag of Marbles","Pandora\u0027s Box","Pen Nib","Champion Belt","Omamori","Boot","Happy Flower"],"potions_floor_usage":[51],"damage_taken":[{"damage":0.0,"enemies":"Cultist","floor":1.0,"turns":1.0},{"damage":0.0,"enemies":"Jaw Worm","floor":5.0,"turns":1.0},{"damage":0.0,"enemies":"Gremlin Nob","floor":6.0,"turns":1.0},{"damage":37.0,"enemies":"Lagavulin","floor":8.0,"turns":4.0},{"damage":14.0,"enemies":"2 Louse","floor":10.0,"turns":2.0},{"damage":54.0,"enemies":"3 Sentries","floor":11.0,"turns":11.0},{"damage":10.0,"enemies":"Large Slime","floor":13.0,"turns":5.0},{"damage":22.0,"enemies":"Lagavulin","floor":14.0,"turns":5.0},{"damage":48.0,"enemies":"Hexaghost","floor":16.0,"turns":9.0},{"damage":26.0,"enemies":"2 Thieves","floor":18.0,"turns":3.0},{"damage":15.0,"enemies":"3 Byrds","floor":21.0,"turns":4.0},{"damage":25.0,"enemies":"Snake Plant","floor":24.0,"turns":3.0},{"damage":57.0,"enemies":"Slavers","floor":25.0,"turns":4.0},{"damage":6.0,"enemies":"Snecko","floor":27.0,"turns":2.0},{"damage":24.0,"enemies":"Book of Stabbing","floor":29.0,"turns":4.0},{"damage":0.0,"enemies":"Chosen and Byrds","floor":30.0,"turns":4.0},{"damage":33.0,"enemies":"Slavers","floor":31.0,"turns":5.0},{"damage":34.0,"enemies":"Champ","floor":33.0,"turns":11.0},{"damage":13.0,"enemies":"3 Darklings","floor":35.0,"turns":4.0},{"damage":7.0,"enemies":"Orb Walker","floor":38.0,"turns":2.0},{"damage":6.0,"enemies":"Reptomancer","floor":40.0,"turns":3.0},{"damage":20.0,"enemies":"Nemesis","floor":42.0,"turns":5.0},{"damage":7.0,"enemies":"Sphere and 2 Shapes","floor":44.0,"turns":2.0},{"damage":13.0,"enemies":"Reptomancer","floor":45.0,"turns":3.0},{"damage":22.0,"enemies":"3 Darklings","floor":47.0,"turns":3.0},{"damage":6.0,"enemies":"4 Shapes","floor":48.0,"turns":3.0},{"damage":63.0,"enemies":"Donu and Deca","floor":50.0,"turns":7.0},{"damage":59,"enemies":"Awakened One","floor":51,"turns":9}],"seed_played":"6722905006760934563","potions_obtained":[{"floor":1.0,"key":"SteroidPotion"},{"floor":11.0,"key":"Dexterity Potion"},{"floor":13.0,"key":"Dexterity Potion"},{"floor":14.0,"key":"Explosive Potion"},{"floor":21.0,"key":"Ancient Potion"},{"floor":25.0,"key":"Strength Potion"},{"floor":31.0,"key":"FearPotion"},{"floor":38.0,"key":"Swift Potion"},{"floor":48.0,"key":"Regen Potion"}],"is_trial":false,"path_per_floor":["M","?","?","$","M","E","R","E","T","M","E","R","M","E","R","B",null,"M","?","?","M","$","R","M","E","T","M","R","E","M","E","R","B",null,"M","$","?","M","T","E","R","E","T","M","E","R","M","M","R","B","B",null],"character_chosen":"IRONCLAD","items_purchased":["Warcry","Havoc","Finesse","Sadistic Nature"],"campfire_rested":6,"item_purchase_floors":[22,22,22,36],"current_hp_per_floor":[74,74,80,80,81,81,81,50,50,54,21,46,54,50,50,20,68,60,60,60,54,54,80,61,25,25,37,64,58,64,49,76,60,83,76,76,66,65,65,65,65,63,63,62,55,82,66,66,90,45,19],"gold":292,"neow_bonus":"THREE_ENEMY_KILL","is_prod":false,"is_daily":false,"chose_seed":false,"campfire_upgraded":3,"win_rate":0,"timestamp":1550177582,"path_taken":["M","?","?","?","?","E","R","E","T","M","E","R","M","E","R","BOSS","M","?","?","M","$","R","M","E","T","M","R","E","M","E","R","BOSS","M","$","?","M","?","E","R","E","T","M","E","R","M","M","R","BOSS","BOSS"],"build_version":"2019-01-23","purchased_purges":2,"victory":true,"max_hp_per_floor":[75,75,81,81,81,81,81,81,81,81,84,84,84,84,84,84,84,84,84,84,87,87,87,87,90,90,90,90,90,90,90,90,90,90,90,90,90,90,90,90,90,90,90,90,90,90,90,90,90,90,90],"card_choices":[{"not_picked":["Wild Strike","Thunderclap"],"picked":"Twin Strike","floor":1.0},{"not_picked":["Thunderclap","Dual Wield","Searing Blow"],"picked":"SKIP","floor":5.0},{"not_picked":["Heavy Blade","Flex"],"picked":"Havoc","floor":6.0},{"not_picked":["Wild Strike","Perfected Strike"],"picked":"Shrug It Off","floor":8.0},{"not_picked":["Clothesline","Corruption"],"picked":"Feed","floor":10.0},{"not_picked":["Cleave","Flex","True Grit"],"picked":"SKIP","floor":11.0},{"not_picked":["Searing Blow","Battle Trance"],"picked":"Uppercut","floor":13.0},{"not_picked":["Flex","Sever Soul"],"picked":"Burning Pact","floor":14.0},{"not_picked":["Feed","Brutality"],"picked":"Offering","floor":16.0},{"not_picked":["Armaments","Disarm"],"picked":"Ghostly Armor","floor":18.0},{"not_picked":["Heavy Blade","Flex"],"picked":"Clothesline","floor":21.0},{"not_picked":["Wild Strike","Heavy Blade","Rampage"],"picked":"SKIP","floor":24.0},{"not_picked":["Clothesline","Iron Wave+1"],"picked":"Flame Barrier","floor":25.0},{"not_picked":["Iron Wave","Rupture"],"picked":"Shrug It Off","floor":27.0},{"not_picked":["Power Through","Corruption","Searing Blow+1"],"picked":"SKIP","floor":29.0},{"not_picked":["Perfected Strike","Iron Wave","Dual Wield"],"picked":"SKIP","floor":30.0},{"not_picked":["Bloodletting","Burning Pact"],"picked":"Metallicize+1","floor":31.0},{"not_picked":["Bludgeon","Berserk"],"picked":"Immolate","floor":33.0},{"not_picked":["Warcry","Power Through"],"picked":"Pommel Strike+1","floor":35.0},{"not_picked":["Mind Blast","Deep Breath"],"picked":"Flash of Steel","floor":37.0},{"not_picked":["Forethought","Good Instincts"],"picked":"Trip","floor":37.0},{"not_picked":["Metamorphosis","Finesse"],"picked":"Madness","floor":37.0},{"not_picked":["True Grit","Seeing Red"],"picked":"Pummel+1","floor":38.0},{"not_picked":["Rampage","Sword Boomerang","Cleave"],"picked":"SKIP","floor":40.0},{"not_picked":["Perfected Strike","True Grit","Headbutt"],"picked":"SKIP","floor":42.0},{"not_picked":["Demon Form","True Grit+1","Fire Breathing"],"picked":"SKIP","floor":44.0},{"not_picked":["Sword Boomerang","True Grit","Clothesline"],"picked":"SKIP","floor":45.0},{"not_picked":["Iron Wave","Armaments","Immolate"],"picked":"SKIP","floor":47.0},{"not_picked":["Flex+1","Headbutt","Perfected Strike"],"picked":"SKIP","floor":48.0}],"player_experience":824714,"relics_obtained":[{"floor":6.0,"key":"Vajra"},{"floor":8.0,"key":"Paper Frog"},{"floor":9.0,"key":"Meat on the Bone"},{"floor":11.0,"key":"Dodecahedron"},{"floor":14.0,"key":"Charon\u0027s Ashes"},{"floor":25.0,"key":"Pocketwatch"},{"floor":26.0,"key":"MawBank"},{"floor":29.0,"key":"Incense Burner"},{"floor":31.0,"key":"Bag of Marbles"},{"floor":39.0,"key":"Pen Nib"},{"floor":40.0,"key":"Champion Belt"},{"floor":42.0,"key":"Omamori"},{"floor":43.0,"key":"Boot"},{"floor":45.0,"key":"Happy Flower"}],"event_choices":[{"cards_removed":["Defend_R"],"damage_healed":0.0,"max_hp_gain":0.0,"max_hp_loss":0.0,"gold_gain":0.0,"event_name":"The Cleric","player_choice":"Card Removal","floor":2.0,"gold_loss":75.0,"damage_taken":0.0},{"damage_healed":0.0,"max_hp_gain":0.0,"max_hp_loss":0.0,"gold_gain":0.0,"event_name":"Big Fish","player_choice":"Box","floor":3.0,"gold_loss":0.0,"damage_taken":0.0,"relics_obtained":["Darkstone Periapt"],"cards_obtained":["Regret"]},{"damage_healed":0.0,"max_hp_gain":0.0,"max_hp_loss":0.0,"gold_gain":0.0,"event_name":"The Library","player_choice":"Read","floor":19.0,"gold_loss":0.0,"damage_taken":0.0,"cards_obtained":["Spot Weakness"]},{"damage_healed":0.0,"max_hp_gain":0.0,"max_hp_loss":0.0,"gold_gain":0.0,"event_name":"Vampires","player_choice":"Ignored","floor":20.0,"gold_loss":0.0,"damage_taken":0.0},{"damage_healed":0.0,"max_hp_gain":0.0,"max_hp_loss":0.0,"gold_gain":0.0,"event_name":"SensoryStone","player_choice":"Memory 3","floor":37.0,"gold_loss":0.0,"damage_taken":10.0}],"is_beta":false,"boss_relics":[{"not_picked":["Sozu","Busted Crown"],"picked":"Mark of Pain"},{"not_picked":["Astrolabe","Calling Bell"],"picked":"Pandora\u0027s Box"}],"items_purged_floors":[22,36],"is_endless":false,"potions_floor_spawned":[1,11,13,14,21,25,31,38,40,45,48],"ascension_level":20}