{"gold_per_floor":[20,20,41,41,61,92,104,156,168,180,231,243,289,376,388,520,532,563,575,158,173,198,198,198,198,224,258,258,258,333,346,346,469,469,485,292,417,28,28,71,71,104,104,128,144,164,207,225,225,225],"floor_reached":50,"playtime":5614,"items_purged":["Strike_G"],"score":953,"play_id":"544d5acd-a070-4f4c-a18e-12c03df17c9f","local_time":"20190215195406","is_ascension_mode":true,"campfire_choices":[{"floor":10,"key":"REST"},{"floor":12,"key":"REST"},{"data":"Deadly Poison","floor":15,"key":"SMITH"},{"floor":23,"key":"REST"},{"floor":25,"key":"REST"},{"data":"Night Terror","floor":28,"key":"SMITH"},{"data":"Leg Sweep","floor":32,"key":"SMITH"},{"data":"A Thousand Cuts","floor":41,"key":"SMITH"},{"floor":49,"key":"REST"}],"neow_cost":"NO_GOLD","seed_source_timestamp":22997899404884,"circlet_count":0,"master_deck":["AscendersBane","Defend_G","Defend_G","Defend_G","Defend_G","Strike_G","Strike_G","Survivor","Neutralize","Poisoned Stab+1","Cloak And Dagger","Deadly Poison+1","Crippling Poison","After Image","Backstab","Escape Plan","Night Terror+1","Predator","Purity","Blade Dance+1","PiercingWail","Leg Sweep+1","A Thousand Cuts+1","Accuracy","Well Laid Plans","The Bomb","Terror","Blur+1","Footwork+1","Heel Hook"],"relics":["Ring of the Snake","Golden Idol","MawBank","Shuriken","Juzu Bracelet","Letter Opener","Mercury Hourglass","Philosopher\u0027s Stone","Snake Skull","TwistedFunnel","Ancient Tea Set","Art of War","Snecko Eye","ClockworkSouvenir","Turnip","Bronze Scales","Strange Spoon","Meat on the Bone","Calipers","PreservedInsect","Smiling Mask"],"potions_floor_usage":[6,6,18,22,31,40,40,48,50],"damage_taken":[{"damage":1,"enemies":"Jaw Worm","floor":1,"turns":4},{"damage":0,"enemies":"Small Slimes","floor":3,"turns":4},{"damage":0,"enemies":"Cultist","floor":5,"turns":4},{"damage":16,"enemies":"Lagavulin","floor":6,"turns":7},{"damage":17,"enemies":"Gremlin Nob","floor":8,"turns":4},{"damage":19,"enemies":"3 Sentries","floor":11,"turns":8},{"damage":6,"enemies":"Lagavulin","floor":13,"turns":5},{"damage":2,"enemies":"The Guardian","floor":16,"turns":9},{"damage":3,"enemies":"Shell Parasite","floor":18,"turns":4},{"damage":15,"enemies":"Spheric Guardian","floor":21,"turns":4},{"damage":10,"enemies":"Centurion and Healer","floor":22,"turns":4},{"damage":9,"enemies":"Book of Stabbing","floor":27,"turns":5},{"damage":0,"enemies":"Snecko","floor":31,"turns":3},{"damage":22,"enemies":"Collector","floor":33,"turns":8},{"damage":1,"enemies":"Orb Walker","floor":35,"turns":4},{"damage":0,"enemies":"Mind Bloom Boss Battle","floor":37,"turns":2},{"damage":17,"enemies":"Giant Head","floor":40,"turns":7},{"damage":33,"enemies":"Nemesis","floor":42,"turns":5},{"damage":0,"enemies":"3 Shapes","floor":44,"turns":3},{"damage":0,"enemies":"Maw","floor":45,"turns":6},{"damage":11,"enemies":"Sphere and 2 Shapes","floor":46,"turns":5},{"damage":0,"enemies":"Giant Head","floor":47,"turns":7},{"damage":13,"enemies":"Jaw Worm Horde","floor":48,"turns":2},{"damage":59,"enemies":"Time Eater","floor":50,"turns":8}],"seed_played":"2333124051542354468","potions_obtained":[{"floor":3,"key":"GhostInAJar"},{"floor":5,"key":"Block Potion"},{"floor":13,"key":"Strength Potion"},{"floor":16,"key":"Fire Potion"},{"floor":18,"key":"SteroidPotion"},{"floor":21,"key":"Fire Potion"},{"floor":31,"key":"Weak Potion"},{"floor":35,"key":"LiquidBronze"},{"floor":37,"key":"Regen Potion"},{"floor":42,"key":"GamblersBrew"},{"floor":46,"key":"Ancient Potion"}],"is_trial":false,"path_per_floor":["M","?","M","?","M","E","?","E","T","R","E","R","E","?","R","B",null,"M","?","$","M","M","R","?","R","T","E","R","?","?","M","R","B",null,"M","$","?","$","?","E","R","E","T","M","M","M","E","M","R","B"],"character_chosen":"THE_SILENT","items_purchased":["Snake Skull","TwistedFunnel","ClockworkSouvenir","Well Laid Plans","Bronze Scales","Strange Spoon"],"campfire_rested":5,"item_purchase_floors":[20,20,36,38,38,38],"current_hp_per_floor":[62,62,62,62,62,46,46,29,29,48,29,48,42,31,31,29,56,53,41,41,26,16,35,35,54,54,45,45,45,39,39,39,17,53,52,52,52,52,52,48,48,27,27,39,39,40,40,39,58,0],"gold":225,"neow_bonus":"REMOVE_TWO","is_prod":false,"is_daily":false,"chose_seed":false,"campfire_upgraded":4,"win_rate":0,"timestamp":1550282046,"path_taken":["M","?","M","?","?","E","?","E","T","R","E","R","E","?","R","BOSS","M","?","$","M","M","R","?","R","T","E","R","?","?","M","R","BOSS","M","$","?","$","?","E","R","E","T","M","M","M","E","M","R","BOSS"],"build_version":"2019-01-23","purchased_purges":1,"victory":false,"max_hp_per_floor":[70,65,65,65,65,65,65,65,65,65,65,65,65,65,65,65,65,65,65,65,65,65,65,65,65,65,65,65,65,65,65,65,65,65,65,65,65,65,65,65,65,65,65,65,65,65,65,65,65,65],"card_choices":[{"not_picked":["Deflect","Outmaneuver"],"picked":"Poisoned Stab","floor":1},{"not_picked":["Acrobatics","Catalyst"],"picked":"Cloak And Dagger","floor":3},{"not_picked":["Reflex","Slice"],"picked":"Deadly Poison","floor":5},{"not_picked":["Acrobatics","Slice"],"picked":"Crippling Poison","floor":6},{"not_picked":["Bane","Backflip"],"picked":"After Image","floor":8},{"not_picked":["Caltrops","Endless Agony"],"picked":"Backstab","floor":11},{"not_picked":["Reflex","Poisoned Stab"],"picked":"Escape Plan","floor":13},{"not_picked":["Phantasmal Killer","Bullet Time"],"picked":"Night Terror","floor":16},{"not_picked":["Flying Knee+1","Deflect"],"picked":"Predator","floor":18},{"not_picked":["Dagger Throw","Flying Knee+1"],"picked":"Blade Dance+1","floor":21},{"not_picked":["Underhanded Strike","Flying Knee+1"],"picked":"PiercingWail","floor":22},{"not_picked":["Deflect","Prepared","Cloak And Dagger"],"picked":"SKIP","floor":27},{"not_picked":["Backflip","Prepared+1"],"picked":"Leg Sweep","floor":31},{"not_picked":["Bullet Time","Grand Finale"],"picked":"A Thousand Cuts","floor":33},{"not_picked":["Deflect+1","Flying Knee","Quick Slash"],"picked":"SKIP","floor":35},{"not_picked":["Eviscerate","Endless Agony+1"],"picked":"Accuracy","floor":37},{"not_picked":["Violence","Secret Technique"],"picked":"The Bomb","floor":39},{"not_picked":["Blur+1","Acrobatics+1"],"picked":"Terror","floor":40},{"not_picked":["Setup+1","Distraction+1","Crippling Poison"],"picked":"SKIP","floor":42},{"not_picked":["Cloak And Dagger","Skewer"],"picked":"Blur+1","floor":44},{"not_picked":["Riddle With Holes+1","Deadly Poison","Outmaneuver+1"],"picked":"SKIP","floor":45},{"not_picked":["Backstab+1","Setup"],"picked":"Footwork+1","floor":46},{"not_picked":["Cloak And Dagger","Deadly Poison+1","Dagger Throw"],"picked":"SKIP","floor":47},{"not_picked":["Dodge and Roll+1","All Out Attack"],"picked":"Heel Hook","floor":48}],"player_experience":346949,"relics_obtained":[{"floor":6,"key":"MawBank"},{"floor":8,"key":"Shuriken"},{"floor":9,"key":"Juzu Bracelet"},{"floor":11,"key":"Letter Opener"},{"floor":13,"key":"Mercury Hourglass"},{"floor":26,"key":"Ancient Tea Set"},{"floor":27,"key":"Art of War"},{"floor":37,"key":"Turnip"},{"floor":40,"key":"Meat on the Bone"},{"floor":42,"key":"Calipers"},{"floor":43,"key":"PreservedInsect"},{"floor":47,"key":"Smiling Mask"}],"event_choices":[{"damage_healed":0,"gold_gain":0,"player_choice":"Lose Max HP","damage_taken":0,"relics_obtained":["Golden Idol"],"max_hp_gain":0,"max_hp_loss":5,"event_name":"Golden Idol","floor":2,"gold_loss":0},{"damage_healed":0,"gold_gain":0,"player_choice":"0 cards matched","damage_taken":0,"max_hp_gain":0,"max_hp_loss":0,"event_name":"Match and Keep!","floor":4,"gold_loss":0,"cards_obtained":[]},{"damage_healed":0,"gold_gain":0,"player_choice":"Upgraded","damage_taken":0,"max_hp_gain":0,"max_hp_loss":0,"event_name":"Upgrade Shrine","floor":7,"gold_loss":0,"cards_upgraded":["Poisoned Stab"]},{"damage_healed":0,"gold_gain":75,"player_choice":"Gather Gold","damage_taken":11,"max_hp_gain":0,"max_hp_loss":0,"event_name":"World of Goop","floor":14,"gold_loss":0},{"damage_healed":0,"gold_gain":0,"player_choice":"CARD ","damage_taken":12,"max_hp_gain":0,"max_hp_loss":0,"event_name":"Knowing Skull","floor":19,"potions_obtained":[],"gold_loss":0,"cards_obtained":["Purity"]},{"damage_healed":0,"gold_gain":0,"player_choice":"CARD ","damage_taken":12,"max_hp_gain":0,"max_hp_loss":0,"event_name":"Knowing Skull","floor":19,"potions_obtained":[],"gold_loss":0,"cards_obtained":["Purity"]},{"cards_removed":["Strike_G"],"damage_healed":0,"gold_gain":0,"player_choice":"Elegance","damage_taken":0,"max_hp_gain":0,"max_hp_loss":0,"event_name":"Back to Basics","floor":24,"gold_loss":0},{"damage_healed":0,"gold_gain":0,"player_choice":"Ignored","damage_taken":0,"max_hp_gain":0,"max_hp_loss":0,"event_name":"Vampires","floor":29,"gold_loss":0},{"damage_healed":0,"gold_gain":75,"player_choice":"Touch","damage_taken":6,"max_hp_gain":0,"max_hp_loss":0,"event_name":"FaceTrader","floor":30,"gold_loss":0},{"damage_healed":0,"gold_gain":0,"player_choice":"Fight","damage_taken":0,"max_hp_gain":0,"max_hp_loss":0,"event_name":"MindBloom","floor":37,"gold_loss":0},{"damage_healed":0,"gold_gain":0,"player_choice":"Memory 1","damage_taken":0,"max_hp_gain":0,"max_hp_loss":0,"event_name":"SensoryStone","floor":39,"gold_loss":0}],"is_beta":false,"boss_relics":[{"not_picked":["Ring of the Serpent","White Beast Statue"],"picked":"Philosopher\u0027s Stone"},{"not_picked":["Astrolabe","Runic Pyramid"],"picked":"Snecko Eye"}],"items_purged_floors":[20],"is_endless":false,"potions_floor_spawned":[3,5,13,16,18,21,31,35,37,42,46,47],"killed_by":"Time Eater","ascension_level":11}