{"gold_per_floor":[118,133,144,158,158,192,206,240,240,274,274,289,289,303,303,407,407,426,161,173,98,4,4,4,4],"floor_reached":25,"playtime":2755,"items_purged":["Strike_R"],"score":279,"play_id":"71216de8-67d0-4cb6-a2ac-5426c6c15bf4","local_time":"20180915200719","is_ascension_mode":true,"campfire_choices":[{"floor":11,"key":"REST"},{"data":"1","floor":13,"key":"LIFT"},{"floor":15,"key":"REST"},{"floor":23,"key":"REST"}],"neow_cost":"NONE","seed_source_timestamp":155174648763800,"circlet_count":0,"master_deck":["Strike_R","Strike_R","Defend_R","Defend_R","Defend_R","Bash","Armaments+1","True Grit","Metallicize","Shrug It Off+1","Inflame","Armaments","Juggernaut","Uppercut","Rupture","Limit Break","Cleave+1","Dropkick","Rampage+1","Discovery"],"special_seed":0,"relics":["Burning Blood","NeowsBlessing","Thread and Needle","Sundial","Dodecahedron","Girya","Empty Cage","War Paint"],"potions_floor_usage":[10,10],"damage_taken":[{"damage":0,"enemies":"Jaw Worm","floor":1,"turns":1},{"damage":0,"enemies":"Cultist","floor":2,"turns":2},{"damage":0,"enemies":"2 Louse","floor":3,"turns":1},{"damage":10,"enemies":"Blue Slaver","floor":4,"turns":4},{"damage":36,"enemies":"3 Sentries","floor":6,"turns":16},{"damage":0,"enemies":"Looter","floor":7,"turns":4},{"damage":16,"enemies":"Lagavulin","floor":8,"turns":8},{"damage":33,"enemies":"Gremlin Nob","floor":10,"turns":5},{"damage":4,"enemies":"Exordium Thugs","floor":12,"turns":4},{"damage":2,"enemies":"Large Slime","floor":14,"turns":4},{"damage":36,"enemies":"The Guardian","floor":16,"turns":11},{"damage":60,"enemies":"3 Byrds","floor":18,"turns":10},{"damage":3,"enemies":"Spheric Guardian","floor":20,"turns":4},{"damage":61,"enemies":"Book of Stabbing","floor":25,"turns":6}],"seed_played":"8953977413697036351","potions_obtained":[{"floor":6,"key":"SneckoOil"},{"floor":8,"key":"SteroidPotion"},{"floor":10,"key":"Fruit Juice"},{"floor":12,"key":"Ancient Potion"},{"floor":16,"key":"FearPotion"}],"is_trial":false,"path_per_floor":["M","M","M","M","?","E","M","E","T","E","R","M","R","M","R","B",null,"M","$","M","?","$","R","$"],"character_chosen":"IRONCLAD","items_purchased":["War Paint","Dropkick","Discovery"],"campfire_rested":3,"item_purchase_floors":[19,19,22],"current_hp_per_floor":[80,80,80,76,81,51,57,47,47,25,52,54,54,58,85,55,81,27,27,30,30,30,57,57,0],"gold":4,"neow_bonus":"THREE_ENEMY_KILL","is_prod":false,"is_daily":false,"chose_seed":false,"campfire_upgraded":0,"win_rate":0,"timestamp":1537067239,"path_taken":["M","M","M","M","?","E","?","E","T","E","R","?","R","?","R","BOSS","M","$","M","?","?","R","$","E"],"build_version":"2018-09-06","purchased_purges":1,"victory":false,"max_hp_per_floor":[80,80,80,80,85,85,85,85,85,90,90,90,90,90,90,90,90,90,90,90,90,90,90,90,90],"card_choices":[{"not_picked":["Flex","Perfected Strike"],"picked":"Armaments","floor":1},{"not_picked":["Second Wind","Flex","Perfected Strike"],"picked":"SKIP","floor":2},{"not_picked":["Second Wind","Armaments"],"picked":"True Grit","floor":3},{"not_picked":["Second Wind","Power Through"],"picked":"Metallicize","floor":4},{"not_picked":["Rage","Pommel Strike"],"picked":"Shrug It Off","floor":6},{"not_picked":["Sentinel","Power Through"],"picked":"Inflame","floor":7},{"not_picked":["Bloodletting","Havoc"],"picked":"Armaments","floor":8},{"not_picked":["Heavy Blade","Warcry"],"picked":"Juggernaut","floor":10},{"not_picked":["Anger","Iron Wave"],"picked":"Uppercut","floor":12},{"not_picked":["Metallicize","Clothesline"],"picked":"Rupture","floor":14},{"not_picked":["Impervious","Bludgeon"],"picked":"Limit Break","floor":16},{"not_picked":["True Grit","Body Slam"],"picked":"Cleave+1","floor":18},{"not_picked":["Cleave","Flex"],"picked":"Rampage+1","floor":20}],"player_experience":392074,"relics_obtained":[{"floor":6,"key":"Thread and Needle"},{"floor":8,"key":"Sundial"},{"floor":9,"key":"Dodecahedron"},{"floor":10,"key":"Girya"}],"event_choices":[{"event_name":"Big Fish","player_choice":"Donut","floor":5,"damage_taken":0},{"event_name":"Beggar","player_choice":"Gave Gold","floor":21,"damage_taken":0}],"is_beta":false,"boss_relics":[{"not_picked":["Runic Pyramid","Runic Dome"],"picked":"Empty Cage"}],"items_purged_floors":[19],"is_endless":false,"potions_floor_spawned":[6,8,10,12,16],"killed_by":"Book of Stabbing","ascension_level":5}