{"gold_per_floor":[111,124,49,49,67,92,92,168,242,275,275,286,318,328,328,432,432,445,461,472,491,491,491,491],"floor_reached":24,"playtime":1274,"items_purged":["Strike_R"],"score":287,"play_id":"668f2f8b-e3d2-45f0-983b-340f386a396f","local_time":"20180905064635","is_ascension_mode":true,"campfire_choices":[{"data":"Combust","floor":7,"key":"SMITH"},{"data":"Infernal Blade","floor":11,"key":"SMITH"},{"data":"Flame Barrier","floor":15,"key":"SMITH"}],"neow_cost":"NONE","seed_source_timestamp":688091631072192,"circlet_count":0,"master_deck":["Strike_R","Strike_R","Strike_R","Defend_R","Defend_R","Defend_R","Defend_R","Bash","Infernal Blade+1","Combust+1","Twin Strike","Sword Boomerang","Iron Wave","Uppercut","Flame Barrier+1","Double Tap","Twin Strike","Combust","Fire Breathing+1","Spot Weakness+1"],"relics":["Black Blood","Boot","Bottled Flame","Singing Bowl","Vajra","Girya","FaceOfCleric"],"potions_floor_usage":[6,12,13,23,24],"damage_taken":[{"damage":9,"enemies":"Jaw Worm","floor":1,"turns":5},{"damage":5,"enemies":"2 Louse","floor":2,"turns":3},{"damage":3,"enemies":"Cultist","floor":5,"turns":3},{"damage":20,"enemies":"Gremlin Nob","floor":6,"turns":4},{"damage":30,"enemies":"Lagavulin","floor":10,"turns":5},{"damage":2,"enemies":"Looter","floor":12,"turns":2},{"damage":10,"enemies":"3 Sentries","floor":13,"turns":4},{"damage":22,"enemies":"Lots of Slimes","floor":14,"turns":3},{"damage":16,"enemies":"Slime Boss","floor":16,"turns":7},{"damage":25,"enemies":"Shell Parasite","floor":18,"turns":5},{"damage":4,"enemies":"Chosen","floor":19,"turns":4},{"damage":33,"enemies":"Snake Plant","floor":20,"turns":4},{"damage":27,"enemies":"Cultist and Chosen","floor":21,"turns":6},{"damage":33,"enemies":"Slavers","floor":23,"turns":3},{"damage":29,"enemies":"Shelled Parasite and Fungi","floor":24,"turns":3}],"seed_played":"3399475312935565969","potions_obtained":[{"floor":1,"key":"Regen Potion"},{"floor":10,"key":"Fire Potion"},{"floor":12,"key":"Fruit Juice"},{"floor":16,"key":"Energy Potion"},{"floor":19,"key":"SmokeBomb"}],"is_trial":false,"path_per_floor":["M","M","$","?","M","E","R","T","T","E","R","M","E","M","R","B",null,"M","M","M","M","?","E"],"character_chosen":"IRONCLAD","items_purchased":[],"campfire_rested":0,"item_purchase_floors":[],"current_hp_per_floor":[85,86,86,79,82,77,77,77,77,55,55,64,60,44,44,34,95,80,86,63,46,46,24,0],"gold":491,"neow_bonus":"TEN_PERCENT_HP_BONUS","is_prod":false,"is_daily":false,"chose_seed":false,"campfire_upgraded":3,"win_rate":0,"timestamp":1536095795,"path_taken":["M","M","$","?","M","E","R","?","T","E","R","M","E","M","R","BOSS","M","M","?","M","?","E","M"],"build_version":"2018-08-30","purchased_purges":1,"victory":false,"max_hp_per_floor":[88,88,88,88,88,88,88,88,88,90,90,95,95,95,95,95,95,95,95,95,95,95,96,96],"card_choices":[{"not_picked":["Iron Wave","Pommel Strike"],"picked":"Infernal Blade","floor":1},{"not_picked":["Wild Strike","Flex"],"picked":"Combust","floor":2},{"not_picked":["Clothesline","Heavy Blade"],"picked":"Twin Strike","floor":5},{"not_picked":["Pommel Strike","Flex"],"picked":"Sword Boomerang","floor":6},{"not_picked":["Berserk","Warcry","Havoc"],"picked":"Singing Bowl","floor":10},{"not_picked":["Searing Blow","Cleave"],"picked":"Iron Wave","floor":12},{"not_picked":["True Grit","Headbutt"],"picked":"Uppercut","floor":13},{"not_picked":["Carnage","Wild Strike"],"picked":"Flame Barrier","floor":14},{"not_picked":["Berserk","Impervious"],"picked":"Double Tap","floor":16},{"not_picked":["Warcry+1","Intimidate"],"picked":"Twin Strike","floor":18},{"not_picked":["Armaments","Entrench"],"picked":"Combust","floor":19},{"not_picked":["Clash","Power Through+1"],"picked":"Fire Breathing+1","floor":20},{"not_picked":["Bloodletting","Warcry+1"],"picked":"Spot Weakness+1","floor":21}],"player_experience":121911,"relics_obtained":[{"floor":6,"key":"Boot"},{"floor":8,"key":"Bottled Flame"},{"floor":9,"key":"Singing Bowl"},{"floor":10,"key":"Vajra"},{"floor":13,"key":"Girya"}],"event_choices":[{"event_name":"Golden Wing","player_choice":"Card Removal","floor":4,"damage_taken":0},{"event_name":"FaceTrader","player_choice":"Trade","floor":22,"damage_taken":0}],"is_beta":false,"boss_relics":[{"not_picked":["Fusion Hammer","Orrery"],"picked":"Black Blood"}],"items_purged_floors":[3],"is_endless":false,"potions_floor_spawned":[1,10,12,16,19,23],"killed_by":"Shelled Parasite and Fungi","ascension_level":2}