{"gold_per_floor":[109,109,109,34,34,34,66,82,82,102,102,116,116,134,134,209,209,220,220,220,35,32,67,82,82,82,93,93,124,124,153,153,229,229,241,341,341,356,143,176,26,61,61,73,116,146,158,170,182,194],"floor_reached":51,"playtime":1908,"items_purged":["Strike_G","Strike_G","Regret","Injury"],"score":1787,"play_id":"d132769d-0801-4575-840f-705ce2d059ec","local_time":"20181223123507","is_ascension_mode":true,"campfire_choices":[{"data":"Neutralize","floor":6.0,"key":"SMITH"},{"data":"Footwork","floor":11.0,"key":"SMITH"},{"data":"Noxious Fumes","floor":13.0,"key":"SMITH"},{"data":"Blur","floor":15.0,"key":"SMITH"},{"data":"Noxious Fumes","floor":25.0,"key":"SMITH"},{"data":"Leg Sweep","floor":28.0,"key":"SMITH"},{"floor":32.0,"key":"REST"},{"data":"A Thousand Cuts","floor":47.0,"key":"SMITH"},{"floor":49.0,"key":"REST"}],"neow_cost":"NONE","seed_source_timestamp":0,"circlet_count":0,"master_deck":["AscendersBane","Defend_G","Defend_G+1","Defend_G","Defend_G","Defend_G","Strike_G","Strike_G+1","Survivor","Neutralize+1","Footwork+1","Dagger Throw","PiercingWail","Footwork+1","Noxious Fumes+1","Blur+1","Adrenaline+1","Backstab+1","RitualDagger","Noxious Fumes+1","Dagger Throw","Acrobatics+1","Leg Sweep+1","Corpse Explosion","Deflect","A Thousand Cuts+1","Noxious Fumes","Acrobatics","Caltrops+1","Well Laid Plans","Footwork","Escape Plan+1","Choke"],"special_seed":0,"relics":["Ring of the Snake","NeowsBlessing","Oddly Smooth Stone","Ninja Scroll","Happy Flower","Sozu","Tingsha","Mercury Hourglass","Bottled Flame","Question Card","Calling Bell","Lantern","Sundial","Calipers","Bird Faced Urn","Bronze Scales","Tough Bandages","MawBank","Blue Candle"],"potions_floor_usage":[50],"damage_taken":[{"damage":0.0,"enemies":"Jaw Worm","floor":1.0,"turns":1.0},{"damage":0.0,"enemies":"3 Sentries","floor":7.0,"turns":1.0},{"damage":0.0,"enemies":"Cultist","floor":8.0,"turns":1.0},{"damage":0.0,"enemies":"Small Slimes","floor":10.0,"turns":3.0},{"damage":0.0,"enemies":"3 Louse","floor":12.0,"turns":4.0},{"damage":1.0,"enemies":"Exordium Thugs","floor":14.0,"turns":5.0},{"damage":12.0,"enemies":"The Guardian","floor":16.0,"turns":14.0},{"damage":2.0,"enemies":"Shell Parasite","floor":18.0,"turns":8.0},{"damage":0.0,"enemies":"2 Thieves","floor":22.0,"turns":4.0},{"damage":0.0,"enemies":"Book of Stabbing","floor":23.0,"turns":8.0},{"damage":1.0,"enemies":"Centurion and Healer","floor":24.0,"turns":7.0},{"damage":0.0,"enemies":"Cultist and Chosen","floor":27.0,"turns":5.0},{"damage":0.0,"enemies":"Gremlin Leader","floor":29.0,"turns":6.0},{"damage":24.0,"enemies":"Slavers","floor":31.0,"turns":2.0},{"damage":0.0,"enemies":"Automaton","floor":33.0,"turns":9.0},{"damage":2.0,"enemies":"Orb Walker","floor":35.0,"turns":3.0},{"damage":0.0,"enemies":"Mind Bloom Boss Battle","floor":36.0,"turns":8.0},{"damage":10.0,"enemies":"3 Shapes","floor":38.0,"turns":4.0},{"damage":18.0,"enemies":"Nemesis","floor":40.0,"turns":7.0},{"damage":0.0,"enemies":"Giant Head","floor":42.0,"turns":9.0},{"damage":0.0,"enemies":"Nemesis","floor":45.0,"turns":9.0},{"damage":23.0,"enemies":"Transient","floor":46.0,"turns":6.0},{"damage":2,"enemies":"Donu and Deca","floor":50,"turns":9}],"seed_played":"-3018706225499503313","potions_obtained":[{"floor":1.0,"key":"Swift Potion"},{"floor":10.0,"key":"Dexterity Potion"}],"is_trial":false,"path_per_floor":["M","?","?","$","?","R","E","M","T","M","R","M","R","M","R","B",null,"M","?","?","$","M","E","M","R","T","M","R","E","?","E","R","B",null,"M","?","?","M","$","E","$","E","T","?","E","M","R","?","R","B",null],"character_chosen":"THE_SILENT","items_purchased":["Noxious Fumes","Well Laid Plans"],"campfire_rested":2,"item_purchase_floors":[21,39],"current_hp_per_floor":[59,59,39,39,39,39,39,39,39,39,39,39,39,38,38,26,56,54,48,48,48,48,48,47,47,47,47,47,47,29,5,26,26,60,58,58,58,56,56,54,54,70,70,70,71,54,54,54,71,69],"gold":206,"neow_bonus":"THREE_ENEMY_KILL","is_prod":false,"is_daily":false,"chose_seed":false,"campfire_upgraded":7,"win_rate":0,"timestamp":1545536107,"path_taken":["M","?","?","$","?","R","E","M","T","?","R","M","R","M","R","BOSS","M","?","?","$","?","E","?","R","T","M","R","E","?","E","R","BOSS","M","?","?","M","$","E","$","E","T","?","E","?","R","?","R","BOSS"],"build_version":"2018-12-20","purchased_purges":4,"victory":true,"max_hp_per_floor":[66,66,66,66,66,66,66,66,66,66,66,66,66,66,66,66,66,66,66,66,66,66,66,66,66,66,66,66,66,71,71,71,71,71,71,71,71,71,71,71,71,71,71,71,71,71,71,71,71,71],"card_choices":[{"not_picked":["Outmaneuver","Prepared"],"picked":"Footwork","floor":1.0},{"not_picked":["Reflex","PiercingWail"],"picked":"Dagger Throw","floor":7.0},{"not_picked":["Dodge and Roll","Eviscerate"],"picked":"PiercingWail","floor":8.0},{"not_picked":["Backflip","Cloak And Dagger"],"picked":"Footwork","floor":10.0},{"not_picked":["Masterful Stab","Bane"],"picked":"Noxious Fumes","floor":12.0},{"not_picked":["Heel Hook","Concentrate"],"picked":"Blur","floor":14.0},{"not_picked":["Envenom","Venomology"],"picked":"Adrenaline","floor":16.0},{"not_picked":["Acrobatics","Bane"],"picked":"Backstab+1","floor":18.0},{"not_picked":["Prepared","Setup","Blade Dance"],"picked":"SKIP","floor":22.0},{"not_picked":["Endless Agony","Dodge and Roll"],"picked":"Dagger Throw","floor":23.0},{"not_picked":["Underhanded Strike","Quick Slash+1"],"picked":"Acrobatics+1","floor":24.0},{"not_picked":["Endless Agony+1","Deadly Poison"],"picked":"Leg Sweep","floor":27.0},{"not_picked":["Dagger Spray","Quick Slash"],"picked":"Corpse Explosion","floor":29.0},{"not_picked":["Quick Slash","Accuracy"],"picked":"Deflect","floor":31.0},{"not_picked":["Envenom","Wraith Form v2","Unload"],"picked":"A Thousand Cuts","floor":33.0},{"not_picked":["Prepared","PiercingWail+1","Cloak And Dagger"],"picked":"Noxious Fumes","floor":35.0},{"not_picked":["Envenom","Endless Agony","Deadly Poison"],"picked":"Acrobatics","floor":36.0},{"not_picked":["Acrobatics","Blade Dance","PiercingWail+1"],"picked":"Caltrops+1","floor":38.0},{"not_picked":["Flechettes","Bane","Sucker Punch","Outmaneuver"],"picked":"SKIP","floor":40.0},{"not_picked":["Backflip","Outmaneuver","Cloak And Dagger"],"picked":"Footwork","floor":42.0},{"not_picked":["Sucker Punch","Backflip","Cloak And Dagger"],"picked":"Escape Plan+1","floor":45.0},{"not_picked":["Quick Slash","Flying Knee","Poisoned Stab"],"picked":"Choke","floor":46.0}],"player_experience":826795,"relics_obtained":[{"floor":5.0,"key":"Oddly Smooth Stone"},{"floor":7.0,"key":"Ninja Scroll"},{"floor":9.0,"key":"Happy Flower"},{"floor":23.0,"key":"Tingsha"},{"floor":26.0,"key":"Mercury Hourglass"},{"floor":29.0,"key":"Bottled Flame"},{"floor":31.0,"key":"Question Card"},{"floor":34.0,"key":"Lantern"},{"floor":34.0,"key":"Sundial"},{"floor":34.0,"key":"Calipers"},{"floor":36.0,"key":"Bird Faced Urn"},{"floor":40.0,"key":"Bronze Scales"},{"floor":42.0,"key":"Tough Bandages"},{"floor":43.0,"key":"MawBank"},{"floor":45.0,"key":"Blue Candle"}],"event_choices":[{"damage_healed":0.0,"max_hp_gain":0.0,"max_hp_loss":0.0,"gold_gain":0.0,"event_name":"Living Wall","player_choice":"Grow","floor":2.0,"gold_loss":0.0,"damage_taken":0.0,"cards_upgraded":["Footwork"]},{"damage_healed":0.0,"max_hp_gain":0.0,"max_hp_loss":0.0,"gold_gain":0.0,"event_name":"Shining Light","player_choice":"Entered Light","floor":3.0,"gold_loss":0.0,"damage_taken":20.0,"cards_upgraded":["Defend_G","Strike_G"]},{"damage_healed":0.0,"max_hp_gain":0.0,"max_hp_loss":0.0,"gold_gain":0.0,"event_name":"Wheel of Change","player_choice":"Relic","floor":5.0,"gold_loss":0.0,"damage_taken":0.0},{"damage_healed":0.0,"max_hp_gain":0.0,"max_hp_loss":0.0,"gold_gain":0.0,"event_name":"Nest","player_choice":"Joined the Cult","floor":19.0,"gold_loss":0.0,"damage_taken":6.0,"cards_obtained":["RitualDagger"]},{"damage_healed":0.0,"max_hp_gain":0.0,"max_hp_loss":0.0,"gold_gain":0.0,"event_name":"Upgrade Shrine","player_choice":"Upgraded","floor":20.0,"gold_loss":0.0,"damage_taken":0.0,"cards_upgraded":["Adrenaline"]},{"damage_healed":0.0,"max_hp_gain":5.0,"max_hp_loss":0.0,"gold_gain":0.0,"event_name":"Forgotten Altar","player_choice":"Shed Blood","floor":30.0,"gold_loss":0.0,"damage_taken":23.0},{"damage_healed":0.0,"max_hp_gain":0.0,"max_hp_loss":0.0,"gold_gain":0.0,"event_name":"MindBloom","player_choice":"Fight","floor":36.0,"gold_loss":0.0,"damage_taken":0.0},{"cards_removed":["Strike_G"],"damage_healed":0.0,"max_hp_gain":0.0,"max_hp_loss":0.0,"gold_gain":0.0,"event_name":"Falling","player_choice":"Removed Attack","floor":37.0,"gold_loss":0.0,"damage_taken":0.0},{"cards_removed":["Injury"],"damage_healed":0.0,"max_hp_gain":0.0,"max_hp_loss":0.0,"gold_gain":0.0,"event_name":"Fountain of Cleansing","player_choice":"Removed Curses","floor":44.0,"gold_loss":0.0,"damage_taken":0.0},{"damage_healed":0.0,"max_hp_gain":0.0,"max_hp_loss":0.0,"gold_gain":0.0,"event_name":"Mysterious Sphere","player_choice":"Ignored","floor":48.0,"gold_loss":0.0,"damage_taken":0.0}],"is_beta":false,"boss_relics":[{"not_picked":["Astrolabe","Coffee Dripper"],"picked":"Sozu"},{"not_picked":["Orrery","Runic Pyramid"],"picked":"Calling Bell"}],"items_purged_floors":[4,21,39,41],"is_endless":false,"potions_floor_spawned":[1,10,16,22,23,27,35,42],"ascension_level":17}