{"gold_per_floor":[109,125,125,141,153,173,53,53,80,110,110,110,124,143,143,240,240,260,26,41,41,41,72,72,72,72,72,82,82,110,110,110,110],"floor_reached":33,"playtime":1895,"items_purged":["Regret"],"score":343,"play_id":"7d1ea089-c6ce-45a1-a536-d92e3f91806f","local_time":"20180903190424","is_ascension_mode":true,"campfire_choices":[{"data":"Armaments","floor":11.0,"key":"SMITH"},{"data":"Blood for Blood","floor":15.0,"key":"SMITH"},{"floor":27,"key":"REST"},{"data":"Infernal Blade","floor":29,"key":"SMITH"},{"data":"Fire Breathing","floor":32,"key":"SMITH"}],"neow_cost":"","seed_source_timestamp":0,"circlet_count":0,"master_deck":["Bash","Pommel Strike","Rage","Dropkick","Armaments+1","Shrug It Off","Cleave","Blood for Blood+1","Pommel Strike","Impervious","Headbutt","Iron Wave","Ghostly Armor","Wild Strike","Heavy Blade","Ghostly Armor","Iron Wave","Fire Breathing+1","Infernal Blade+1","Headbutt+1","Metallicize","Necronomicurse","Metallicize","Iron Wave+1","Pommel Strike+1"],"special_seed":0,"relics":["Burning Blood","Dream Catcher","Bronze Scales","Lantern","Question Card","Happy Flower","Pandora\u0027s Box","Bag of Preparation","Necronomicon","Art of War","Smiling Mask","Bag of Marbles"],"potions_floor_usage":[28,33],"damage_taken":[{"damage":5.0,"enemies":"2 Louse","floor":1.0,"turns":3.0},{"damage":0.0,"enemies":"Small Slimes","floor":2.0,"turns":3.0},{"damage":1.0,"enemies":"Cultist","floor":4.0,"turns":3.0},{"damage":28.0,"enemies":"Large Slime","floor":5.0,"turns":11.0},{"damage":18.0,"enemies":"3 Louse","floor":6.0,"turns":4.0},{"damage":0.0,"enemies":"Gremlin Nob","floor":10.0,"turns":2.0},{"damage":2.0,"enemies":"2 Fungi Beasts","floor":13.0,"turns":3.0},{"damage":0.0,"enemies":"Gremlin Gang","floor":14.0,"turns":2.0},{"damage":18.0,"enemies":"Hexaghost","floor":16.0,"turns":10.0},{"damage":6.0,"enemies":"Chosen","floor":18.0,"turns":3.0},{"damage":10.0,"enemies":"Spheric Guardian","floor":20.0,"turns":4.0},{"damage":40.0,"enemies":"Book of Stabbing","floor":23.0,"turns":4.0},{"damage":7.0,"enemies":"Centurion and Healer","floor":24.0,"turns":7.0},{"damage":8,"enemies":"Centurion and Healer","floor":28,"turns":6},{"damage":16,"enemies":"Slavers","floor":30,"turns":5},{"damage":42,"enemies":"Champ","floor":33,"turns":12}],"seed_played":"2788366629816855852","potions_obtained":[{"floor":1.0,"key":"PowerPotion"},{"floor":5.0,"key":"Fire Potion"},{"floor":6.0,"key":"Poison Potion"},{"floor":14.0,"key":"PowerPotion"},{"floor":18.0,"key":"GamblersBrew"},{"floor":23.0,"key":"BloodPotion"}],"is_trial":false,"path_per_floor":["M","M","?","M","M","M","$","?","T","E","R","?","M","M","R","B",null,"M","$","M","?","?","E","$","?","T","R","M","R","E","?","R"],"character_chosen":"IRONCLAD","items_purchased":["Shrug It Off","Infernal Blade","Bag of Preparation"],"campfire_rested":1,"item_purchase_floors":[7,19,19],"current_hp_per_floor":[80,80,80,80,58,46,46,34,34,40,40,40,44,50,50,38,80,80,80,76,76,60,26,25,10,10,35,41,41,31,31,31,0],"gold":110,"neow_bonus":"","is_prod":false,"is_daily":false,"chose_seed":false,"campfire_upgraded":4,"win_rate":0,"timestamp":1535967264,"path_taken":["M","M","?","?","M","M","$","?","T","E","R","?","M","M","R","BOSS","M","$","M","?","?","E","?","?","T","R","M","R","E","?","R","BOSS"],"build_version":"2018-08-30","purchased_purges":1,"victory":false,"max_hp_per_floor":[80,80,80,80,80,80,80,80,80,80,80,80,80,80,80,80,80,80,80,80,80,80,80,80,85,85,85,85,85,85,85,85,85],"card_choices":[{"not_picked":["Warcry","Flex"],"picked":"Pommel Strike","floor":1.0},{"not_picked":["Twin Strike","Burning Pact"],"picked":"Rage","floor":2.0},{"not_picked":["Twin Strike","Seeing Red","Perfected Strike"],"picked":"SKIP","floor":4.0},{"not_picked":["Corruption","Cleave"],"picked":"Dropkick","floor":5.0},{"not_picked":["Flex","Entrench"],"picked":"Armaments","floor":6.0},{"not_picked":["Corruption","Sword Boomerang"],"picked":"Cleave","floor":10.0},{"not_picked":["Exhume","Shockwave","Searing Blow"],"picked":"Blood for Blood","floor":13.0},{"not_picked":["Battle Trance","Thunderclap","Reckless Charge"],"picked":"Pommel Strike","floor":14.0},{"not_picked":["Limit Break","Double Tap","Reaper"],"picked":"Impervious","floor":16.0},{"not_picked":["Sentinel","Twin Strike+1","Flame Barrier","Whirlwind"],"picked":"SKIP","floor":18.0},{"not_picked":["Bloodletting+1","Cleave","Havoc"],"picked":"Headbutt+1","floor":20.0},{"not_picked":["Battle Trance+1","Havoc","Cleave"],"picked":"Metallicize","floor":23.0},{"not_picked":["Pommel Strike","Warcry","Brutality"],"picked":"Iron Wave+1","floor":27},{"not_picked":["Hemokinesis","Thunderclap","Disarm","Pommel Strike"],"picked":"SKIP","floor":28},{"not_picked":["Shrug It Off","Thunderclap","Havoc+1"],"picked":"Pommel Strike+1","floor":30}],"player_experience":112081,"relics_obtained":[{"floor":9.0,"key":"Lantern"},{"floor":10.0,"key":"Question Card"},{"floor":12.0,"key":"Happy Flower"},{"floor":22.0,"key":"Necronomicon"},{"floor":23.0,"key":"Art of War"},{"floor":26,"key":"Smiling Mask"},{"floor":30,"key":"Bag of Marbles"}],"event_choices":[{"event_name":"Big Fish","player_choice":"Box","floor":3.0,"damage_taken":0.0},{"event_name":"Scrap Ooze","player_choice":"success","floor":8.0,"damage_taken":12.0},{"event_name":"Wheel of Change","player_choice":"Relic","floor":12.0,"damage_taken":0.0},{"event_name":"The Library","player_choice":"Read","floor":21.0,"damage_taken":0.0},{"event_name":"Cursed Tome","player_choice":"Obtained Book","floor":22.0,"damage_taken":0.0},{"event_name":"Forgotten Altar","player_choice":"Shed Blood","floor":25,"damage_taken":0},{"event_name":"Back to Basics","player_choice":"Elegance","floor":31,"damage_taken":0}],"is_beta":false,"boss_relics":[{"not_picked":["Philosopher\u0027s Stone","Lizard Tail"],"picked":"Pandora\u0027s Box"}],"items_purged_floors":[7],"is_endless":false,"potions_floor_spawned":[1,5,6,14,18,23],"killed_by":"Champ","ascension_level":2}