{"gold_per_floor":[112,112,37,37,37,37,70,90,90,90,158,181,220,244,244,374,374,389,589,603,603,603,603,639,169,192,192],"floor_reached":27,"playtime":719,"items_purged":["Strike_R"],"score":285,"play_id":"234358be-de7f-4566-858c-48d4b720fb74","local_time":"20190215200958","is_ascension_mode":false,"campfire_choices":[{"data":"Iron Wave","floor":6,"key":"SMITH"},{"data":"Armaments","floor":10,"key":"SMITH"},{"floor":15,"key":"REST"},{"floor":23,"key":"REST"}],"neow_cost":"NONE","seed_source_timestamp":382806654060212,"circlet_count":0,"master_deck":["Strike_R","Strike_R","Strike_R","Strike_R","Defend_R","Defend_R","Defend_R","Defend_R","Bash","Iron Wave+1","Armaments+1","Inflame","Seeing Red","Heavy Blade","Demon Form","Limit Break","Cleave","Iron Wave","Intimidate+1","Reaper"],"relics":["Burning Blood","NeowsBlessing","Golden Idol","Bronze Scales","Pen Nib","Strawberry","Omamori","Potion Belt","Boot","Mark of Pain","Enchiridion","Du-Vu Doll","Sundial","Anchor","Red Skull"],"potions_floor_usage":[16,16,27,27],"damage_taken":[{"damage":0,"enemies":"Cultist","floor":1,"turns":1},{"damage":4,"enemies":"Lagavulin","floor":7,"turns":2},{"damage":0,"enemies":"2 Louse","floor":8,"turns":1},{"damage":24,"enemies":"Gremlin Nob","floor":11,"turns":4},{"damage":3,"enemies":"Jaw Worm","floor":12,"turns":4},{"damage":24,"enemies":"Gremlin Nob","floor":13,"turns":4},{"damage":42,"enemies":"The Guardian","floor":16,"turns":7},{"damage":22,"enemies":"Spheric Guardian","floor":18,"turns":4},{"damage":15,"enemies":"3 Byrds","floor":20,"turns":4},{"damage":55,"enemies":"Book of Stabbing","floor":24,"turns":6},{"damage":36,"enemies":"Slavers","floor":27,"turns":4}],"seed_played":"5704189873415298753","potions_obtained":[{"floor":1,"key":"Energy Potion"},{"floor":12,"key":"Weak Potion"},{"floor":16,"key":"SteroidPotion"},{"floor":20,"key":"Ancient Potion"},{"floor":24,"key":"SkillPotion"}],"is_trial":false,"path_per_floor":["M","?","$","?","?","R","E","M","T","R","?","M","E","T","R","B",null,"M","?","M","?","?","R","E","$","T","E"],"character_chosen":"IRONCLAD","items_purchased":["Reaper","Sundial","Anchor"],"campfire_rested":2,"item_purchase_floors":[25,25,25],"current_hp_per_floor":[80,74,74,74,74,74,74,74,81,81,63,66,48,48,72,36,81,65,65,56,40,40,64,15,15,15,0],"gold":192,"neow_bonus":"THREE_ENEMY_KILL","is_prod":false,"is_daily":false,"chose_seed":false,"campfire_upgraded":2,"win_rate":0.0,"timestamp":1550275798,"path_taken":["M","?","$","?","?","R","E","M","T","R","?","M","E","?","R","BOSS","M","?","?","?","?","R","E","$","T","E"],"build_version":"2019-01-23","purchased_purges":1,"victory":false,"max_hp_per_floor":[80,74,74,74,74,74,74,74,81,81,81,81,81,81,81,81,81,81,81,81,81,81,81,81,81,81,81],"card_choices":[{"not_picked":["Feel No Pain","Flame Barrier"],"picked":"Iron Wave","floor":1},{"not_picked":["Pommel Strike","Wild Strike"],"picked":"Armaments","floor":7},{"not_picked":["Infernal Blade","Second Wind"],"picked":"Inflame","floor":8},{"not_picked":["Clothesline","Heavy Blade"],"picked":"Seeing Red","floor":11},{"not_picked":["Iron Wave","Headbutt"],"picked":"Heavy Blade","floor":12},{"not_picked":["Feel No Pain","Pommel Strike"],"picked":"Demon Form","floor":13},{"not_picked":["Demon Form","Feed"],"picked":"Limit Break","floor":16},{"not_picked":["Shrug It Off","Twin Strike"],"picked":"Cleave","floor":18},{"not_picked":["True Grit+1","Second Wind"],"picked":"Iron Wave","floor":20},{"not_picked":["Armaments+1","Iron Wave"],"picked":"Intimidate+1","floor":24}],"player_experience":49282,"relics_obtained":[{"floor":7,"key":"Pen Nib"},{"floor":9,"key":"Strawberry"},{"floor":13,"key":"Potion Belt"},{"floor":14,"key":"Boot"},{"floor":21,"key":"Enchiridion"},{"floor":24,"key":"Du-Vu Doll"},{"floor":26,"key":"Red Skull"}],"event_choices":[{"damage_healed":0,"gold_gain":0,"player_choice":"Lose Max HP","damage_taken":0,"relics_obtained":["Golden Idol"],"max_hp_gain":0,"max_hp_loss":6,"event_name":"Golden Idol","floor":2,"gold_loss":0},{"damage_healed":0,"gold_gain":0,"player_choice":"Leave","damage_taken":0,"max_hp_gain":0,"max_hp_loss":0,"event_name":"The Cleric","floor":4,"gold_loss":0},{"damage_healed":0,"gold_gain":0,"player_choice":"Box","damage_taken":0,"relics_obtained":["Bronze Scales"],"max_hp_gain":0,"max_hp_loss":0,"event_name":"Big Fish","floor":5,"gold_loss":0,"cards_obtained":["Regret"]},{"damage_healed":0,"gold_gain":30,"player_choice":"Searched \u00273\u0027 times","damage_taken":0,"relics_obtained":["Omamori"],"max_hp_gain":0,"max_hp_loss":0,"event_name":"Dead Adventurer","floor":11,"gold_loss":0},{"damage_healed":0,"gold_gain":250,"player_choice":"Bet on Owner","damage_taken":0,"max_hp_gain":0,"max_hp_loss":0,"event_name":"The Joust","floor":19,"gold_loss":50},{"damage_healed":0,"gold_gain":0,"player_choice":"Obtained Book","damage_taken":16,"max_hp_gain":0,"max_hp_loss":0,"event_name":"Cursed Tome","floor":21,"gold_loss":0},{"damage_healed":0,"gold_gain":0,"cards_transformed":["Regret"],"player_choice":"Transformed","damage_taken":0,"max_hp_gain":0,"max_hp_loss":0,"event_name":"Transmorgrifier","floor":22,"gold_loss":0,"cards_obtained":["Parasite"]}],"is_beta":false,"boss_relics":[{"not_picked":["Runic Cube","Philosopher\u0027s Stone"],"picked":"Mark of Pain"}],"items_purged_floors":[3],"is_endless":false,"potions_floor_spawned":[1,12,16,20,24],"killed_by":"Slavers","ascension_level":0}