{"gold_per_floor":[109,121,46,46,64,107,119,156,168,180],"floor_reached":10,"playtime":191,"items_purged":[],"score":136,"play_id":"503a24e3-6b13-482c-a576-19b0e62f2bbe","local_time":"20181220005026","is_ascension_mode":true,"campfire_choices":[{"data":"Flex","floor":7,"key":"SMITH"}],"neow_cost":"NONE","seed_source_timestamp":542675266689676,"circlet_count":0,"master_deck":["AscendersBane","Strike_R","Strike_R","Strike_R","Strike_R","Strike_R","Defend_R","Defend_R","Defend_R","Bash","Clash","Cleave","Cleave","Flex+1","Twin Strike"],"relics":["Burning Blood","Golden Idol","MawBank","Red Skull"],"potions_floor_usage":[10],"damage_taken":[{"damage":16,"enemies":"Jaw Worm","floor":1,"turns":5},{"damage":0,"enemies":"2 Louse","floor":2,"turns":2},{"damage":8,"enemies":"Small Slimes","floor":5,"turns":3},{"damage":36,"enemies":"Gremlin Nob","floor":6,"turns":4},{"damage":25,"enemies":"Exordium Wildlife","floor":8,"turns":4},{"damage":20,"enemies":"3 Sentries","floor":10,"turns":5}],"seed_played":"273636327054072488","potions_obtained":[{"floor":6,"key":"PowerPotion"}],"is_trial":false,"path_per_floor":["M","M","?","?","M","E","R","M","T","E"],"character_chosen":"IRONCLAD","items_purchased":[],"campfire_rested":0,"item_purchase_floors":[],"current_hp_per_floor":[65,71,71,71,69,39,39,20,20,0],"gold":180,"neow_bonus":"TEN_PERCENT_HP_BONUS","is_prod":false,"is_daily":false,"chose_seed":false,"campfire_upgraded":1,"win_rate":0,"timestamp":1545234626,"path_taken":["M","M","?","?","M","E","R","M","T","E"],"build_version":"2018-12-13","purchased_purges":0,"victory":false,"max_hp_per_floor":[82,82,82,74,74,74,74,74,74,74],"card_choices":[{"not_picked":["Armaments","Dropkick"],"picked":"Clash","floor":1},{"not_picked":["Seeing Red","Fire Breathing"],"picked":"Cleave","floor":2},{"not_picked":["Body Slam","Warcry"],"picked":"Cleave","floor":5},{"not_picked":["Havoc","Sword Boomerang"],"picked":"Flex","floor":6},{"not_picked":["Wild Strike","Havoc"],"picked":"Twin Strike","floor":8}],"player_experience":823282,"relics_obtained":[{"floor":6,"key":"MawBank"},{"floor":9,"key":"Red Skull"}],"event_choices":[{"cards_removed":["Defend_R"],"damage_healed":0,"gold_gain":0,"player_choice":"Card Removal","damage_taken":0,"max_hp_gain":0,"max_hp_loss":0,"event_name":"The Cleric","floor":3,"gold_loss":75},{"damage_healed":0,"gold_gain":0,"player_choice":"Lose Max HP","damage_taken":0,"relics_obtained":["Golden Idol"],"max_hp_gain":0,"max_hp_loss":8,"event_name":"Golden Idol","floor":4,"gold_loss":0}],"is_beta":false,"boss_relics":[],"items_purged_floors":[],"is_endless":false,"potions_floor_spawned":[6],"killed_by":"3 Sentries","ascension_level":20}