{"gold_per_floor":[110,35,58,90,102,114,154,166,205,251,280,302,314,352,364,449,461,483,509,521,544,556,568,606,618,630,61,61,75,92,119,119,192,192,212,212,227,239,239,239,139,139,139,189,205,237,255,275,275,275,275],"floor_reached":52,"playtime":1094,"items_purged":["Defend_R","Writhe"],"score":1959,"play_id":"7cb7fdab-1da6-45b0-8351-a1d5f34d4365","local_time":"20180829072806","is_ascension_mode":true,"campfire_choices":[{"data":"Whirlwind","floor":6,"key":"SMITH"},{"data":"Uppercut","floor":13,"key":"SMITH"},{"data":"Double Tap","floor":15,"key":"SMITH"},{"data":"J.A.X.","floor":23,"key":"SMITH"},{"data":"Flex","floor":25,"key":"SMITH"},{"data":"Double Tap","floor":32,"key":"SMITH"},{"data":"Feed","floor":40,"key":"SMITH"},{"floor":42,"key":"REST"},{"floor":49,"key":"REST"}],"neow_cost":"NONE","seed_source_timestamp":1023498601526406,"circlet_count":0,"master_deck":["Strike_R","Strike_R","Strike_R","Strike_R","Strike_R","Defend_R","Defend_R","Bash","AscendersBane","Whirlwind+1","Double Tap+1","Thunderclap","Uppercut+1","Flex+1","Reaper","Pommel Strike+1","J.A.X.+1","Sword Boomerang+1","Twin Strike+1","Shame","Twin Strike+1","Double Tap+1","Feed+1","Parasite","Thunderclap+1","Heavy Blade+1","True Grit+1","Spot Weakness","Perfected Strike+1"],"relics":["Burning Blood","NeowsBlessing","MawBank","Oddly Smooth Stone","Vajra","Strawberry","Centennial Puzzle","Sozu","Bronze Scales","Darkstone Periapt","Meat on the Bone","Pantograph","Bag of Preparation","Nunchaku","Calling Bell","Blood Vial","Frozen Egg 2","Incense Burner","Spirit Poop","Ice Cream","Mercury Hourglass"],"potions_floor_usage":[46,50],"damage_taken":[{"damage":0,"enemies":"Cultist","floor":1,"turns":1},{"damage":0,"enemies":"Jaw Worm","floor":4,"turns":1},{"damage":0,"enemies":"3 Sentries","floor":7,"turns":2},{"damage":8,"enemies":"Gremlin Nob","floor":10,"turns":3},{"damage":8,"enemies":"Small Slimes","floor":11,"turns":3},{"damage":7,"enemies":"3 Louse","floor":12,"turns":3},{"damage":66,"enemies":"The Guardian","floor":16,"turns":11},{"damage":21,"enemies":"Shell Parasite","floor":18,"turns":2},{"damage":0,"enemies":"3 Byrds","floor":19,"turns":3},{"damage":6,"enemies":"Centurion and Healer","floor":21,"turns":4},{"damage":3,"enemies":"Gremlin Leader","floor":24,"turns":3},{"damage":3,"enemies":"Snake Plant","floor":29,"turns":2},{"damage":6,"enemies":"Cultist and Chosen","floor":30,"turns":3},{"damage":13,"enemies":"Book of Stabbing","floor":31,"turns":2},{"damage":32,"enemies":"Collector","floor":33,"turns":5},{"damage":0,"enemies":"Orb Walker","floor":35,"turns":1},{"damage":29,"enemies":"3 Darklings","floor":37,"turns":3},{"damage":21,"enemies":"Flame Bruiser 2 Orb","floor":38,"turns":2},{"damage":47,"enemies":"Sphere and 2 Shapes","floor":45,"turns":3},{"damage":41,"enemies":"Giant Head","floor":46,"turns":5},{"damage":13,"enemies":"Transient","floor":47,"turns":6},{"damage":31,"enemies":"Maw","floor":48,"turns":6},{"damage":109,"enemies":"Time Eater","floor":50,"turns":7},{"damage":106,"enemies":"Awakened One","floor":51,"turns":7}],"seed_played":"113498683028267335","potions_obtained":[{"floor":1,"key":"SkillPotion"},{"floor":4,"key":"Regen Potion"}],"is_trial":false,"path_per_floor":["M","$","T","M","$","R","E","$","T","E","M","M","R","T","R","B",null,"M","M","?","M","?","R","E","R","T","$","?","M","M","E","R","B",null,"M","?","M","M","?","R","$","R","T","?","M","E","M","M","R","B","B"],"character_chosen":"IRONCLAD","items_purchased":["Meat on the Bone","Pantograph"],"campfire_rested":2,"item_purchase_floors":[27,27],"current_hp_per_floor":[74,74,74,75,75,75,75,75,75,80,78,77,77,77,77,17,66,51,72,72,82,82,82,82,82,82,82,88,88,88,81,81,62,100,109,109,86,73,73,73,73,105,105,95,68,66,68,57,89,49,24],"gold":275,"neow_bonus":"THREE_ENEMY_KILL","is_prod":false,"is_daily":false,"chose_seed":false,"campfire_upgraded":7,"win_rate":0,"timestamp":1535495286,"path_taken":["M","$","?","?","?","R","E","$","T","E","M","?","R","?","R","BOSS","M","?","?","M","?","R","E","R","T","?","?","?","M","E","R","BOSS","M","?","M","?","?","R","$","R","T","?","M","E","?","M","R","BOSS","BOSS"],"build_version":"2018-08-23v2","purchased_purges":2,"victory":true,"max_hp_per_floor":[75,75,75,75,75,75,75,75,75,82,82,82,82,82,82,82,82,82,82,82,82,82,82,82,82,82,82,88,88,88,88,88,88,106,109,109,109,109,109,109,109,109,109,109,109,109,109,109,109,109,109],"card_choices":[{"not_picked":["Fire Breathing","Warcry"],"picked":"Whirlwind","floor":1},{"not_picked":["Anger","Dual Wield","Dropkick"],"picked":"SKIP","floor":4},{"not_picked":["Flex","Sentinel"],"picked":"Double Tap","floor":7},{"not_picked":["Pommel Strike","Corruption"],"picked":"Thunderclap","floor":10},{"not_picked":["Armaments","Bloodletting"],"picked":"Uppercut","floor":11},{"not_picked":["Anger","Rage"],"picked":"Flex","floor":12},{"not_picked":["Limit Break","Dark Embrace"],"picked":"Reaper","floor":16},{"not_picked":["Feel No Pain","Reckless Charge","Thunderclap"],"picked":"SKIP","floor":18},{"not_picked":["Anger","Blood for Blood"],"picked":"Pommel Strike+1","floor":19},{"not_picked":["Searing Blow","Iron Wave+1"],"picked":"Sword Boomerang+1","floor":21},{"not_picked":["Heavy Blade","Shockwave"],"picked":"Twin Strike+1","floor":24},{"not_picked":["Warcry","Reckless Charge","Headbutt"],"picked":"SKIP","floor":29},{"not_picked":["Havoc+1","Cleave"],"picked":"Twin Strike+1","floor":30},{"not_picked":["Cleave","Combust"],"picked":"Double Tap","floor":31},{"not_picked":["Double Tap","Dark Embrace"],"picked":"Feed","floor":33},{"not_picked":["Sentinel","Infernal Blade"],"picked":"Thunderclap+1","floor":35},{"not_picked":["Anger","Wild Strike"],"picked":"Heavy Blade+1","floor":37},{"not_picked":["Warcry","Cleave","Headbutt"],"picked":"SKIP","floor":38},{"not_picked":["Body Slam","Pommel Strike"],"picked":"True Grit+1","floor":45},{"not_picked":["Cleave","Blood for Blood","Rampage"],"picked":"SKIP","floor":46},{"not_picked":["Double Tap","Thunderclap+1"],"picked":"Spot Weakness","floor":47},{"not_picked":["Shockwave","Iron Wave"],"picked":"Perfected Strike+1","floor":48}],"player_experience":538175,"relics_obtained":[{"floor":3,"key":"MawBank"},{"floor":7,"key":"Oddly Smooth Stone"},{"floor":9,"key":"Vajra"},{"floor":10,"key":"Strawberry"},{"floor":14,"key":"Centennial Puzzle"},{"floor":24,"key":"Bronze Scales"},{"floor":26,"key":"Darkstone Periapt"},{"floor":31,"key":"Nunchaku"},{"floor":34,"key":"Blood Vial"},{"floor":34,"key":"Frozen Egg 2"},{"floor":34,"key":"Incense Burner"},{"floor":43,"key":"Ice Cream"},{"floor":46,"key":"Mercury Hourglass"}],"event_choices":[{"event_name":"Drug Dealer","player_choice":"Got JAX","floor":20,"damage_taken":0},{"event_name":"Vampires","player_choice":"Ignored","floor":22,"damage_taken":0},{"event_name":"Addict","player_choice":"Stole Relic","floor":28,"damage_taken":0},{"event_name":"Bonfire Elementals","player_choice":"CURSE","floor":36,"damage_taken":0},{"event_name":"Falling","player_choice":"Removed Skill","floor":39,"damage_taken":0},{"event_name":"FaceTrader","player_choice":"Touch","floor":44,"damage_taken":0}],"is_beta":false,"boss_relics":[{"not_picked":["Orrery","Ectoplasm"],"picked":"Sozu"},{"not_picked":["Pandora\u0027s Box","Runic Dome"],"picked":"Calling Bell"}],"items_purged_floors":[2,41],"is_endless":false,"potions_floor_spawned":[1,4,11,18,24,29,37,46,47],"ascension_level":20}