{"gold_per_floor":[114,264,279,354,52,52,64,80,103,28,28,63,63,91,91,91],"floor_reached":16,"playtime":372,"items_purged":["Doubt"],"score":284,"play_id":"54285522-be61-4ad9-a408-be219be038cb","local_time":"20190106193740","is_ascension_mode":true,"campfire_choices":[{"data":"Terror","floor":6.0,"key":"SMITH"},{"data":"Neutralize","floor":13,"key":"SMITH"},{"data":"Deflect","floor":15,"key":"SMITH"}],"neow_cost":"PERCENT_DAMAGE","seed_source_timestamp":1226142420801485,"circlet_count":0,"master_deck":["AscendersBane","Defend_G","Defend_G","Defend_G","Defend_G","Strike_G","Strike_G","Strike_G","Strike_G","Strike_G","Survivor","Neutralize","Terror+1","Quick Slash","Backflip","Poisoned Stab","Neutralize+1","Deflect+1"],"special_seed":0,"relics":["Ring of the Snake","Lee\u0027s Waffle","Bronze Scales","Blood Vial","Happy Flower"],"potions_floor_usage":[12],"damage_taken":[{"damage":1.0,"enemies":"Small Slimes","floor":1.0,"turns":6.0},{"damage":6.0,"enemies":"Jaw Worm","floor":3.0,"turns":4.0},{"damage":0.0,"enemies":"Cultist","floor":7.0,"turns":3.0},{"damage":15.0,"enemies":"Red Slaver","floor":8.0,"turns":5.0},{"damage":0,"enemies":"Gremlin Nob","floor":12,"turns":2},{"damage":38,"enemies":"3 Sentries","floor":14,"turns":11},{"damage":50,"enemies":"Slime Boss","floor":16,"turns":6}],"seed_played":"7315413666497096252","potions_obtained":[{"floor":3.0,"key":"SteroidPotion"}],"is_trial":false,"path_per_floor":["M","?","M","?","$","R","M","M","T","?","?","E","R","E","R","B"],"character_chosen":"THE_SILENT","items_purchased":["Lee\u0027s Waffle"],"campfire_rested":0,"item_purchase_floors":[5],"current_hp_per_floor":[55,55,49,38,85,85,85,70,70,70,70,70,70,34,34,0],"gold":91,"neow_bonus":"TWENTY_PERCENT_HP_BONUS","is_prod":false,"is_daily":false,"chose_seed":false,"campfire_upgraded":3,"win_rate":0,"timestamp":1546771060,"path_taken":["M","?","M","?","$","R","?","M","T","?","?","E","R","E","R","BOSS"],"build_version":"2019-01-03v4","purchased_purges":1,"victory":false,"max_hp_per_floor":[78,78,78,78,85,85,85,85,85,85,85,85,85,85,85,85],"card_choices":[{"not_picked":["Cloak And Dagger","Accuracy"],"picked":"Terror","floor":1.0},{"not_picked":["Expertise","Sucker Punch"],"picked":"Quick Slash","floor":3.0},{"not_picked":["Infinite Blades","Prepared"],"picked":"Backflip","floor":7.0},{"not_picked":["Bane","Phantasmal Killer"],"picked":"Poisoned Stab","floor":8.0},{"not_picked":["Sucker Punch","Eviscerate"],"picked":"Deflect","floor":12},{"not_picked":["Distraction","Setup","Terror"],"picked":"SKIP","floor":14}],"player_experience":836741,"relics_obtained":[{"floor":9.0,"key":"Bronze Scales"},{"floor":12,"key":"Blood Vial"},{"floor":14,"key":"Happy Flower"}],"event_choices":[{"damage_healed":0.0,"max_hp_gain":0.0,"max_hp_loss":0.0,"gold_gain":150.0,"event_name":"Liars Game","player_choice":"AGREE","floor":2.0,"gold_loss":0.0,"damage_taken":0.0,"cards_obtained":["Doubt"]},{"damage_healed":0.0,"max_hp_gain":0.0,"max_hp_loss":0.0,"gold_gain":75.0,"event_name":"World of Goop","player_choice":"Gather Gold","floor":4.0,"gold_loss":0.0,"damage_taken":11.0},{"cards_removed":["Defend_G"],"damage_healed":0.0,"max_hp_gain":0.0,"max_hp_loss":0.0,"gold_gain":0.0,"event_name":"The Cleric","player_choice":"Card Removal","floor":10.0,"gold_loss":75.0,"damage_taken":0.0},{"damage_healed":0,"gold_gain":0,"player_choice":"1 cards matched","damage_taken":0,"max_hp_gain":0,"max_hp_loss":0,"event_name":"Match and Keep!","floor":11,"gold_loss":0,"cards_obtained":["Neutralize"]}],"is_beta":false,"boss_relics":[],"items_purged_floors":[5],"is_endless":false,"potions_floor_spawned":[3],"killed_by":"Slime Boss","ascension_level":19}