{"gold_per_floor":[114,114,137,137,57,57,97,97,170,189,222,238,127,142,142,262,262,286,29,29,0,0,0,20,43,68,68,93,114,39,39,39,39],"floor_reached":33,"playtime":1864,"items_purged":["Bash","Whirlwind"],"score":245,"play_id":"fb9b6706-21f7-433c-990c-8c12c785d1c0","local_time":"20180704232333","is_ascension_mode":false,"campfire_choices":[{"floor":6,"key":"REST"},{"data":"Fire Breathing","floor":8,"key":"SMITH"},{"data":"Double Tap","floor":15,"key":"SMITH"},{"data":"Warcry","floor":23,"key":"SMITH"},{"floor":27,"key":"REST"},{"data":"Clothesline","floor":32,"key":"SMITH"}],"neow_cost":"NONE","seed_source_timestamp":32660481342109,"circlet_count":0,"master_deck":["Strike_R","Strike_R","Strike_R","Strike_R","Defend_R","Defend_R","Defend_R","Defend_R","Twin Strike","Fire Breathing+1","Warcry+1","Rampage","Sword Boomerang","Headbutt","Double Tap+1","Rampage","Thunderclap","Bludgeon","Second Wind","Warcry","Flame Barrier","Clothesline+1"],"relics":["Burning Blood","Golden Idol","Sundial","Mummified Hand","Mercury Hourglass","Odd Mushroom","Sozu","Anchor","Oddly Smooth Stone"],"potions_floor_usage":[16,33,33,33],"damage_taken":[{"damage":2,"enemies":"Small Slimes","floor":1,"turns":3},{"damage":13,"enemies":"Jaw Worm","floor":3,"turns":3},{"damage":31,"enemies":"3 Sentries","floor":7,"turns":8},{"damage":1,"enemies":"Cultist","floor":10,"turns":3},{"damage":11,"floor":11,"turns":3},{"damage":2,"enemies":"2 Fungi Beasts","floor":12,"turns":2},{"damage":2,"enemies":"Exordium Wildlife","floor":14,"turns":2},{"damage":38,"enemies":"Hexaghost","floor":16,"turns":9},{"damage":12,"enemies":"Shell Parasite","floor":18,"turns":3},{"damage":15,"enemies":"2 Thieves","floor":24,"turns":3},{"damage":27,"enemies":"Centurion and Healer","floor":25,"turns":5},{"damage":5,"enemies":"Snecko","floor":28,"turns":4},{"damage":13,"enemies":"Snake Plant","floor":29,"turns":4},{"damage":68,"enemies":"Champ","floor":33,"turns":12}],"seed_played":"-1640301800869435143","potions_obtained":[{"floor":1,"key":"Block Potion"},{"floor":12,"key":"FearPotion"},{"floor":14,"key":"SkillPotion"},{"floor":16,"key":"SpeedPotion"}],"is_trial":false,"path_per_floor":["M","?","M","?","$","R","E","R","T","M","?","M","$","M","R","B",null,"M","$","?","?","$","R","M","M","T","R","M","M","?","$","R"],"character_chosen":"IRONCLAD","items_purchased":["Rampage","Rampage","Anchor"],"campfire_rested":2,"item_purchase_floors":[5,13,19],"current_hp_per_floor":[80,60,53,50,50,74,49,49,49,54,49,53,53,57,57,25,80,74,74,74,74,74,74,65,44,44,68,69,62,62,62,62,0],"gold":39,"neow_bonus":"THREE_CARDS","is_prod":false,"is_daily":false,"chose_seed":false,"campfire_upgraded":4,"win_rate":0.0,"timestamp":1530714213,"path_taken":["M","?","M","?","$","R","E","R","T","?","?","M","$","M","R","BOSS","M","$","?","?","?","R","M","M","T","R","?","M","?","$","R","BOSS"],"build_version":"2018-06-28","purchased_purges":2,"victory":false,"max_hp_per_floor":[80,80,80,80,80,80,80,80,80,80,80,80,80,80,80,80,80,80,80,80,80,80,80,80,80,80,80,80,80,80,80,80,80],"card_choices":[{"not_picked":["Flex","Intimidate"],"picked":"Twin Strike","floor":0},{"not_picked":["Headbutt","Body Slam"],"picked":"Fire Breathing","floor":1},{"not_picked":["True Grit","Flame Barrier"],"picked":"Warcry","floor":3},{"not_picked":["Entrench","Uppercut"],"picked":"Whirlwind","floor":7},{"not_picked":["Dual Wield","Body Slam"],"picked":"Sword Boomerang","floor":10},{"not_picked":["Shrug It Off","Twin Strike"],"picked":"Headbutt","floor":11},{"not_picked":["Flame Barrier","Ghostly Armor"],"picked":"Double Tap","floor":12},{"not_picked":["Sword Boomerang","Combust"],"picked":"Thunderclap","floor":14},{"not_picked":["Double Tap","Fiend Fire"],"picked":"Bludgeon","floor":16},{"not_picked":["Sever Soul+1","Clash"],"picked":"Second Wind","floor":18},{"not_picked":["Iron Wave+1","Flex+1"],"picked":"Warcry","floor":24},{"not_picked":["Anger","Body Slam"],"picked":"Flame Barrier","floor":25},{"not_picked":["Cleave","Hemokinesis","Pummel"],"picked":"SKIP","floor":28},{"not_picked":["Berserk","Whirlwind"],"picked":"Clothesline","floor":29}],"player_experience":1732,"relics_obtained":[{"floor":7,"key":"Mummified Hand"},{"floor":9,"key":"Mercury Hourglass"},{"floor":11,"key":"Odd Mushroom"},{"floor":26,"key":"Oddly Smooth Stone"}],"event_choices":[{"event_name":"Golden Idol","player_choice":"Take Damage","floor":2,"damage_taken":0},{"event_name":"Scrap Ooze","player_choice":"success","floor":4,"damage_taken":3},{"event_name":"Mushrooms","player_choice":"Fought Mushrooms","floor":11,"damage_taken":0},{"event_name":"The Mausoleum","player_choice":"No","floor":20,"damage_taken":0},{"event_name":"Masked Bandits","player_choice":"Paid Bandits 29 gold","floor":21,"damage_taken":0},{"event_name":"Beggar","player_choice":"Gave Gold","floor":30,"damage_taken":0}],"boss_relics":[{"not_picked":["Snecko Eye","Coffee Dripper"],"picked":"Sozu"}],"items_purged_floors":[13,19],"is_endless":false,"potions_floor_spawned":[1,12,14,16,24,29],"killed_by":"Champ","ascension_level":0}