{"gold_per_floor":[114,130,149,74,93,93,93,152,175,189,203,203,229,249,249,249],"floor_reached":16,"playtime":1126,"items_purged":["Defend_G"],"score":139,"play_id":"d615df2c-b3dd-46a6-a03e-163e34be98f9","local_time":"20180825205106","is_ascension_mode":false,"campfire_choices":[{"data":"Neutralize","floor":6,"key":"SMITH"},{"data":"Well Laid Plans","floor":12,"key":"SMITH"},{"data":"Distraction","floor":15,"key":"SMITH"}],"neow_cost":"NONE","seed_source_timestamp":132018588950416,"circlet_count":0,"master_deck":["Defend_G","Defend_G","Defend_G","Defend_G","Strike_G","Strike_G","Strike_G","Strike_G","Strike_G","Survivor","Neutralize+1","Backstab","Flying Knee","Blur","Sucker Punch","Flying Knee","Well Laid Plans+1","Dagger Throw","Distraction+1","Distraction"],"relics":["Ring of the Snake","Anchor","Strawberry","Tiny Chest","Bronze Scales","Thread and Needle"],"potions_floor_usage":[13,13,16],"damage_taken":[{"damage":5,"enemies":"Small Slimes","floor":1,"turns":6},{"damage":0,"enemies":"2 Louse","floor":2,"turns":2},{"damage":1,"enemies":"Cultist","floor":3,"turns":3},{"damage":0,"enemies":"Red Slaver","floor":5,"turns":4},{"damage":9,"enemies":"Gremlin Nob","floor":8,"turns":5},{"damage":0,"enemies":"Lots of Slimes","floor":10,"turns":3},{"damage":0,"enemies":"Exordium Wildlife","floor":11,"turns":2},{"damage":0,"enemies":"Lagavulin","floor":13,"turns":5},{"damage":0,"enemies":"Red Slaver","floor":14,"turns":2},{"damage":58,"enemies":"Slime Boss","floor":16,"turns":15}],"seed_played":"-4957056366432947839","potions_obtained":[{"floor":2,"key":"GamblersBrew"},{"floor":3,"key":"PowerPotion"},{"floor":8,"key":"PowerPotion"},{"floor":11,"key":"Block Potion"},{"floor":13,"key":"Strength Potion"}],"is_trial":false,"path_per_floor":["M","M","M","$","M","R","?","E","T","M","M","R","E","M","R"],"character_chosen":"THE_SILENT","items_purchased":[],"campfire_rested":0,"item_purchase_floors":[],"current_hp_per_floor":[65,65,64,64,64,64,64,55,55,55,55,55,55,55,55,0],"gold":249,"neow_bonus":"RANDOM_COMMON_RELIC","is_prod":false,"is_daily":false,"chose_seed":false,"campfire_upgraded":3,"win_rate":0.0,"timestamp":1535196066,"path_taken":["M","M","M","$","M","R","?","E","T","M","M","R","E","?","R","BOSS"],"build_version":"2018-08-23v2","purchased_purges":1,"victory":false,"max_hp_per_floor":[70,70,70,70,70,70,77,77,77,77,77,77,77,77,77,77],"card_choices":[{"not_picked":["Bane","Deadly Poison"],"picked":"Backstab","floor":1},{"not_picked":["Leg Sweep","Dash"],"picked":"Flying Knee","floor":2},{"not_picked":["Leg Sweep","Flechettes"],"picked":"Blur","floor":3},{"not_picked":["Riddle With Holes","Acrobatics"],"picked":"Sucker Punch","floor":5},{"not_picked":["Crippling Poison","Dagger Throw"],"picked":"Flying Knee","floor":8},{"not_picked":["Catalyst","PiercingWail"],"picked":"Well Laid Plans","floor":10},{"not_picked":["Acrobatics","Deadly Poison"],"picked":"Dagger Throw","floor":11},{"not_picked":["Phantasmal Killer","Crippling Poison"],"picked":"Distraction","floor":13},{"not_picked":["Finisher","Bouncing Flask"],"picked":"Distraction","floor":14}],"player_experience":41215,"relics_obtained":[{"floor":8,"key":"Tiny Chest"},{"floor":9,"key":"Bronze Scales"},{"floor":13,"key":"Thread and Needle"}],"event_choices":[{"event_name":"Scrap Ooze","player_choice":"success","floor":7,"damage_taken":7}],"is_beta":false,"boss_relics":[],"items_purged_floors":[4],"is_endless":false,"potions_floor_spawned":[2,3,8,11,13],"killed_by":"Slime Boss","ascension_level":0}