{"gold_per_floor":[115,115,290,142,154,154,171,171,171,232,248,248,260,278,278,382,382,397,414,414,414,430,430,450,450,474,494,494,494,494,508,508,606,606,620,630,46,65,75,75,75,100,100,117,135,135,148,97,97,97],"floor_reached":51,"playtime":3374,"items_purged":["Doubt","Writhe"],"score":698,"play_id":"fb628537-3f4a-426b-b0a7-9bd6ccfc4f72","local_time":"20180705004118","is_ascension_mode":false,"campfire_choices":[{"data":"Feed","floor":6,"key":"SMITH"},{"data":"Armaments","floor":8,"key":"SMITH"},{"floor":15,"key":"REST"},{"floor":23,"key":"REST"},{"data":"Shrug It Off","floor":25,"key":"SMITH"},{"floor":29,"key":"REST"},{"floor":32,"key":"REST"},{"floor":40,"key":"REST"},{"floor":46,"key":"REST"},{"floor":49,"key":"REST"}],"neow_cost":"NONE","seed_source_timestamp":35796703778474,"circlet_count":0,"master_deck":["Strike_R+1","Strike_R+1","Strike_R+1","Strike_R+1","Defend_R+1","Defend_R+1","Defend_R+1","Defend_R+1","Bash","Shrug It Off+1","Feed+1","Armaments+1","Clothesline","Impervious","Pommel Strike","Headbutt","Intimidate","Juggernaut+1","Rage","Intimidate","Thunderclap","Heavy Blade+1","Heavy Blade","Intimidate+1","Flex","Bludgeon","Combust+1","Ghostly Armor+1","Magnetism+1","Rage+1","Inflame+1","Carnage+1","Searing Blow+1","Warcry+1","Seeing Red+1"],"special_seed":17716,"relics":["Black Blood","Matryoshka","Self Forming Clay","Boot","Frozen Egg 2","Velvet Choker","Dream Catcher","Darkstone Periapt","Ancient Tea Set","Shuriken","Incense Burner","Happy Flower","Meat on the Bone"],"potions_floor_usage":[16,44,45,50],"damage_taken":[{"damage":5,"enemies":"Jaw Worm","floor":1,"turns":5},{"damage":0,"enemies":"2 Louse","floor":5,"turns":3},{"damage":10,"enemies":"Small Slimes","floor":7,"turns":4},{"damage":66,"enemies":"Gremlin Nob","floor":10,"turns":7},{"damage":0,"enemies":"3 Louse","floor":11,"turns":4},{"damage":6,"enemies":"Red Slaver","floor":13,"turns":5},{"damage":6,"enemies":"2 Fungi Beasts","floor":14,"turns":5},{"damage":29,"enemies":"Hexaghost","floor":16,"turns":11},{"damage":10,"enemies":"Spheric Guardian","floor":18,"turns":4},{"damage":17,"enemies":"3 Byrds","floor":19,"turns":7},{"damage":31,"enemies":"Slaver and Parasite","floor":22,"turns":7},{"damage":17,"enemies":"Centurion and Healer","floor":24,"turns":8},{"damage":15,"enemies":"Snake Plant","floor":27,"turns":5},{"damage":21,"enemies":"Chosen and Byrds","floor":31,"turns":7},{"damage":89,"enemies":"Automaton","floor":33,"turns":14},{"damage":40,"enemies":"3 Darklings","floor":35,"turns":8},{"damage":8,"enemies":"Orb Walker","floor":36,"turns":5},{"damage":20,"enemies":"Sphere and 2 Shapes","floor":38,"turns":7},{"damage":29,"enemies":"4 Shapes","floor":39,"turns":8},{"damage":41,"enemies":"2 Orb Walkers","floor":42,"turns":7},{"damage":12,"enemies":"3 Darklings","floor":44,"turns":6},{"damage":25,"enemies":"Sphere and 2 Shapes","floor":45,"turns":8},{"damage":27,"enemies":"Maw","floor":47,"turns":8},{"damage":77,"enemies":"Awakened One","floor":50,"turns":13}],"seed_played":"2447677184981616695","potions_obtained":[{"floor":5,"key":"Explosive Potion"},{"floor":7,"key":"Fire Potion"},{"floor":11,"key":"SteroidPotion"},{"floor":13,"key":"Ancient Potion"},{"floor":16,"key":"SteroidPotion"},{"floor":19,"key":"Poison Potion"},{"floor":42,"key":"Regen Potion"},{"floor":45,"key":"Energy Potion"}],"is_trial":false,"path_per_floor":["M","?","?","$","M","R","M","R","T","?","M","T","M","M","R","B",null,"M","M","?","?","M","R","M","R","T","M","?","R","T","M","R","B",null,"M","M","$","M","M","R","?","E","T","M","M","R","M","$","R","B"],"character_chosen":"IRONCLAD","items_purchased":["Feed","Magnetism+1","Incense Burner","Block Potion"],"campfire_rested":7,"item_purchase_floors":[4,37,37,48],"current_hp_per_floor":[80,64,64,64,70,70,70,70,70,10,20,20,20,24,51,28,92,88,77,77,77,52,79,68,68,68,59,59,86,86,75,96,13,96,66,68,68,58,43,73,63,32,32,46,62,93,76,76,104,49],"gold":97,"neow_bonus":"REMOVE_CARD","is_prod":false,"is_daily":false,"chose_seed":false,"campfire_upgraded":3,"win_rate":0.0,"timestamp":1530718878,"path_taken":["M","?","?","$","?","R","M","R","T","?","M","?","?","M","R","BOSS","M","M","?","?","M","R","M","R","T","M","?","R","?","M","R","BOSS","M","M","$","M","M","R","?","E","T","M","M","R","M","$","R","BOSS"],"build_version":"2018-06-28","purchased_purges":2,"victory":true,"max_hp_per_floor":[80,80,80,80,80,80,84,84,84,84,88,88,88,92,92,92,92,92,92,92,92,92,92,92,92,92,92,92,92,92,96,96,96,96,96,96,96,96,100,100,100,100,100,100,104,104,104,104,104,104],"card_choices":[{"not_picked":["True Grit","Sword Boomerang"],"picked":"Shrug It Off","floor":1},{"not_picked":["Twin Strike","Cleave"],"picked":"Armaments","floor":5},{"not_picked":["Clash","Bloodletting"],"picked":"Clothesline","floor":7},{"not_picked":["Armaments","Inflame"],"picked":"Impervious","floor":10},{"not_picked":["Thunderclap","Iron Wave"],"picked":"Pommel Strike","floor":11},{"not_picked":["Anger","Twin Strike"],"picked":"Headbutt","floor":13},{"not_picked":["Twin Strike","Clash"],"picked":"Intimidate","floor":14},{"not_picked":["Offering","Feed"],"picked":"Juggernaut+1","floor":16},{"not_picked":["Clash","True Grit","Anger"],"picked":"SKIP","floor":18},{"not_picked":["Cleave","Metallicize+1"],"picked":"Rage","floor":19},{"not_picked":["Sword Boomerang","Clothesline"],"picked":"Intimidate","floor":22},{"not_picked":["Twin Strike","True Grit"],"picked":"Thunderclap","floor":23},{"not_picked":["Anger","Body Slam"],"picked":"Heavy Blade+1","floor":24},{"not_picked":["Fiend Fire","Thunderclap"],"picked":"Heavy Blade","floor":27},{"not_picked":["Shrug It Off+1","Sword Boomerang"],"picked":"Intimidate+1","floor":29},{"not_picked":["Warcry","Headbutt","True Grit"],"picked":"SKIP","floor":31},{"not_picked":["Rupture+1","Armaments+1"],"picked":"Flex","floor":32},{"not_picked":["Berserk+1","Dark Embrace+1"],"picked":"Bludgeon","floor":33},{"not_picked":["Flex+1","Twin Strike"],"picked":"Combust+1","floor":35},{"not_picked":["Clothesline","Cleave"],"picked":"Ghostly Armor+1","floor":36},{"not_picked":["Hemokinesis+1","Demon Form+1","Pommel Strike"],"picked":"SKIP","floor":38},{"not_picked":["Disarm","Flex+1"],"picked":"Rage+1","floor":39},{"not_picked":["Iron Wave+1","Clash"],"picked":"Inflame+1","floor":42},{"not_picked":["Shrug It Off+1","Flex"],"picked":"Carnage+1","floor":44},{"not_picked":["Body Slam+1","Rampage","Clash"],"picked":"SKIP","floor":45},{"not_picked":["Battle Trance","Pommel Strike"],"picked":"Searing Blow+1","floor":46},{"not_picked":["Pommel Strike","Sword Boomerang"],"picked":"Warcry+1","floor":47},{"not_picked":["Cleave","Armaments+1"],"picked":"Seeing Red+1","floor":49}],"player_experience":4779,"relics_obtained":[{"floor":9,"key":"Matryoshka"},{"floor":10,"key":"Self Forming Clay"},{"floor":12,"key":"Boot"},{"floor":12,"key":"Frozen Egg 2"},{"floor":26,"key":"Darkstone Periapt"},{"floor":26,"key":"Ancient Tea Set"},{"floor":30,"key":"Shuriken"},{"floor":42,"key":"Happy Flower"},{"floor":43,"key":"Meat on the Bone"}],"event_choices":[{"event_name":"Shining Light","player_choice":"Entered Light","floor":2,"damage_taken":0},{"event_name":"Liars Game","player_choice":"agreed","floor":3,"damage_taken":0},{"event_name":"Dead Adventurer","player_choice":"Searched \u00271\u0027 times","floor":10,"damage_taken":0},{"event_name":"The Mausoleum","player_choice":"Yes","floor":20,"damage_taken":0},{"event_name":"Drug Dealer","player_choice":"Ignored","floor":21,"damage_taken":0},{"event_name":"Back to Basics","player_choice":"Simplicity","floor":28,"damage_taken":0},{"event_name":"Wheel of Change","player_choice":"Damage","floor":41,"damage_taken":0}],"boss_relics":[{"not_picked":["Fusion Hammer","Philosopher\u0027s Stone"],"picked":"Velvet Choker"},{"not_picked":["Runic Dome","Cursed Key"],"picked":"Black Blood"}],"items_purged_floors":[4,37],"is_endless":false,"potions_floor_spawned":[5,7,11,13,16,19,24,31,33,36,39,42,45],"ascension_level":0}