{"gold_per_floor":[118,131,81,81,98,126,126,138,163,163,176,206,206,217,217,315,315,334,351,351,351,153,153,166,183,183,183,195,195,205,216,216,216],"floor_reached":33,"playtime":1572,"items_purged":["Writhe"],"score":274,"play_id":"ae2ec9d4-2700-483f-9395-eb011bbb2a73","local_time":"20181006223956","is_ascension_mode":true,"campfire_choices":[{"data":"Neutralize","floor":7,"key":"SMITH"},{"floor":10,"key":"REST"},{"data":"Infinite Blades","floor":13,"key":"SMITH"},{"floor":15,"key":"REST"},{"floor":23,"key":"REST"},{"floor":27,"key":"REST"},{"floor":29,"key":"REST"},{"floor":32,"key":"REST"}],"neow_cost":"PERCENT_DAMAGE","seed_source_timestamp":1637128659947334,"circlet_count":0,"master_deck":["Defend_G+1","Defend_G","Defend_G","Defend_G","Defend_G","Strike_G","Strike_G","Strike_G","Strike_G","Survivor","Neutralize+1","Dagger Spray","Cloak And Dagger+1","Blade Dance","Sucker Punch","Bouncing Flask","Acrobatics","Infinite Blades+1","Choke","Cloak And Dagger","Envenom","Calculated Gamble","RitualDagger","Finisher","PiercingWail","Backflip","Malaise","Escape Plan","Escape Plan","PiercingWail"],"relics":["Ring of the Serpent","Thread and Needle","Bronze Scales","War Paint","Dream Catcher","Smiling Mask","Vajra","Matryoshka"],"potions_floor_usage":[16,28,30],"damage_taken":[{"damage":0,"enemies":"2 Louse","floor":1,"turns":4},{"damage":0,"enemies":"Small Slimes","floor":2,"turns":3},{"damage":0,"enemies":"Jaw Worm","floor":5,"turns":5},{"damage":16,"enemies":"3 Sentries","floor":6,"turns":8},{"damage":0,"enemies":"Looter","floor":8,"turns":3},{"damage":1,"enemies":"Large Slime","floor":11,"turns":7},{"damage":2,"enemies":"Lagavulin","floor":12,"turns":7},{"damage":11,"enemies":"Exordium Wildlife","floor":14,"turns":3},{"damage":42,"enemies":"The Guardian","floor":16,"turns":14},{"damage":31,"enemies":"2 Thieves","floor":18,"turns":4},{"damage":0,"enemies":"Shell Parasite","floor":19,"turns":5},{"damage":23,"enemies":"Centurion and Healer","floor":24,"turns":6},{"damage":13,"enemies":"Shelled Parasite and Fungi","floor":25,"turns":5},{"damage":3,"enemies":"3 Cultists","floor":28,"turns":4},{"damage":12,"enemies":"Snake Plant","floor":30,"turns":5},{"damage":2,"enemies":"Chosen and Byrds","floor":31,"turns":6},{"damage":76,"enemies":"Collector","floor":33,"turns":7}],"seed_played":"788597164541886731","potions_obtained":[{"floor":1,"key":"Block Potion"},{"floor":6,"key":"Explosive Potion"},{"floor":12,"key":"LiquidBronze"},{"floor":24,"key":"FearPotion"},{"floor":25,"key":"Weak Potion"}],"is_trial":false,"path_per_floor":["M","M","?","?","M","E","R","M","T","R","M","E","R","M","R","B",null,"M","M","?","?","$","R","M","M","T","R","M","R","M","M","R"],"character_chosen":"THE_SILENT","items_purchased":["Vajra"],"campfire_rested":6,"item_purchase_floors":[22],"current_hp_per_floor":[49,49,49,49,49,33,33,33,33,54,53,51,51,40,61,19,70,39,39,33,33,33,54,31,18,18,39,36,57,45,43,64,0],"gold":216,"neow_bonus":"ONE_RARE_RELIC","is_prod":false,"is_daily":false,"chose_seed":false,"campfire_upgraded":2,"win_rate":0,"timestamp":1538833196,"path_taken":["M","M","?","?","M","E","R","?","T","R","M","E","R","M","R","BOSS","M","M","?","?","$","R","M","M","T","R","?","R","?","M","R","BOSS"],"build_version":"2018-10-04v2","purchased_purges":1,"victory":false,"max_hp_per_floor":[70,70,70,70,70,70,70,70,70,70,70,70,70,70,70,70,70,70,70,70,70,70,70,70,70,70,70,70,70,70,70,70,70],"card_choices":[{"not_picked":["Tactician","Deadly Poison"],"picked":"Dagger Spray","floor":1},{"not_picked":["Bane","Underhanded Strike"],"picked":"Cloak And Dagger","floor":2},{"not_picked":["Backstab","All Out Attack"],"picked":"Blade Dance","floor":5},{"not_picked":["Catalyst","Calculated Gamble"],"picked":"Sucker Punch","floor":6},{"not_picked":["Dodge and Roll","Deflect"],"picked":"Bouncing Flask","floor":8},{"not_picked":["Well Laid Plans","Concentrate"],"picked":"Acrobatics","floor":11},{"not_picked":["Catalyst","Quick Slash"],"picked":"Infinite Blades","floor":12},{"not_picked":["Slice","Setup"],"picked":"Choke","floor":14},{"not_picked":["Tactician","Sucker Punch"],"picked":"Cloak And Dagger","floor":15},{"not_picked":["After Image","Glass Knife"],"picked":"Envenom","floor":16},{"not_picked":["Dagger Spray","Deflect","Riddle With Holes+1"],"picked":"SKIP","floor":18},{"not_picked":["Acrobatics","Underhanded Strike"],"picked":"Calculated Gamble","floor":19},{"not_picked":["Dagger Throw+1","Outmaneuver"],"picked":"Finisher","floor":23},{"not_picked":["Bane","Storm of Steel"],"picked":"PiercingWail","floor":24},{"not_picked":["Masterful Stab","Dodge and Roll","Sucker Punch+1"],"picked":"SKIP","floor":25},{"not_picked":["Bouncing Flask","Infinite Blades"],"picked":"Backflip","floor":28},{"not_picked":["Dagger Spray","Backflip+1"],"picked":"Malaise","floor":29},{"not_picked":["Caltrops","Dagger Throw"],"picked":"Escape Plan","floor":30},{"not_picked":["Well Laid Plans","Deflect"],"picked":"Escape Plan","floor":31},{"not_picked":["Blade Dance","All Out Attack+1"],"picked":"PiercingWail","floor":32}],"player_experience":94844,"relics_obtained":[{"floor":6,"key":"Bronze Scales"},{"floor":9,"key":"War Paint"},{"floor":12,"key":"Dream Catcher"},{"floor":26,"key":"Matryoshka"}],"event_choices":[{"event_name":"The Cleric","player_choice":"Card Removal","floor":3,"damage_taken":0},{"event_name":"Liars Game","player_choice":"disagreed","floor":4,"damage_taken":0},{"event_name":"Nest","player_choice":"Joined the Cult","floor":20,"damage_taken":0},{"event_name":"The Mausoleum","player_choice":"Yes","floor":21,"damage_taken":0}],"is_beta":false,"boss_relics":[{"not_picked":["Velvet Choker","Busted Crown"],"picked":"Ring of the Serpent"}],"items_purged_floors":[22],"is_endless":false,"potions_floor_spawned":[1,6,12,24,25],"killed_by":"Collector","ascension_level":1}