{"gold_per_floor":[115,40,40,60,60,60,71,71,97,97,97,113,124,52,52,152,152,163,163,183,183,197,197,224,239,239,254,288,308,308,65,65,162,162,182,196,196,212,232,257,257,257,257,257,0,13,38,52,52,52],"floor_reached":50,"playtime":3890,"items_purged":["Decay","Strike_B"],"score":579,"play_id":"2830ae4e-4d2b-4d8a-bf7e-83ad39094f09","local_time":"20180825194331","is_ascension_mode":true,"campfire_choices":[{"data":"Zap","floor":6.0,"key":"SMITH"},{"data":"Doom and Gloom","floor":11.0,"key":"SMITH"},{"data":"Self Repair","floor":15.0,"key":"SMITH"},{"data":"Ghostly","floor":23.0,"key":"SMITH"},{"data":"Ghostly","floor":30,"key":"SMITH"},{"data":"Ghostly","floor":32,"key":"SMITH"},{"data":"Echo Form","floor":42,"key":"SMITH"},{"floor":49,"key":"REST"}],"neow_cost":"CURSE","seed_source_timestamp":0,"circlet_count":0,"master_deck":["Strike_B+1","Strike_B+1","Strike_B+1","Defend_B+1","Defend_B+1","Defend_B+1","Zap+1","Dualcast+1","Redo+1","Sweeping Beam+1","Doom and Gloom+1","Redo+1","Rainbow+1","Self Repair+1","All For One+1","FTL+1","Steam+1","Ghostly+1","Ghostly+1","Ghostly+1","Ghostly+1","Ghostly+1","Self Repair+1","Redo+1","Leap+1","Echo Form+1","Conserve Battery+1","Chill+1","Loop+1","Ghostly+1"],"special_seed":0,"relics":["Cracked Core","Sundial","Bottled Lightning","War Paint","Meat on the Bone","Inserter","Potion Belt","Dodecahedron","Omamori","Pen Nib","Sozu","Darkstone Periapt","Smiling Mask","Mark of the Bloom","Red Mask","Lantern"],"potions_floor_usage":[28,28,28,28,33,38],"damage_taken":[{"damage":7.0,"enemies":"Jaw Worm","floor":1.0,"turns":4.0},{"damage":0.0,"enemies":"2 Louse","floor":4.0,"turns":3.0},{"damage":1.0,"enemies":"Cultist","floor":7.0,"turns":3.0},{"damage":18.0,"enemies":"Large Slime","floor":12.0,"turns":4.0},{"damage":0.0,"enemies":"Exordium Wildlife","floor":13.0,"turns":3.0},{"damage":20.0,"enemies":"Hexaghost","floor":16.0,"turns":8.0},{"damage":43.0,"enemies":"2 Thieves","floor":18.0,"turns":4.0},{"damage":20.0,"enemies":"Shell Parasite","floor":20.0,"turns":5.0},{"damage":26.0,"enemies":"Centurion and Healer","floor":22.0,"turns":5.0},{"damage":19.0,"enemies":"Book of Stabbing","floor":24.0,"turns":6.0},{"damage":9.0,"enemies":"Snecko","floor":25.0,"turns":6.0},{"damage":23.0,"enemies":"Shelled Parasite and Fungi","floor":27.0,"turns":7.0},{"damage":3,"enemies":"Slavers","floor":28,"turns":5},{"damage":2,"enemies":"3 Cultists","floor":29,"turns":5},{"damage":34,"enemies":"Automaton","floor":33,"turns":10},{"damage":1,"enemies":"Flame Bruiser 1 Orb","floor":35,"turns":5},{"damage":19,"enemies":"Orb Walker","floor":36,"turns":3},{"damage":13,"enemies":"Flame Bruiser 2 Orb","floor":38,"turns":8},{"damage":0,"enemies":"Transient","floor":39,"turns":5},{"damage":6,"enemies":"Giant Head","floor":40,"turns":11},{"damage":0,"enemies":"Spire Growth","floor":46,"turns":6},{"damage":13,"enemies":"Maw","floor":48,"turns":8},{"damage":25,"enemies":"Awakened One","floor":50,"turns":14}],"seed_played":"-7321408632005801599","potions_obtained":[{"floor":7.0,"key":"Strength Potion"},{"floor":13.0,"key":"EntropicBrew"},{"floor":20.0,"key":"Fire Potion"},{"floor":25.0,"key":"AttackPotion"},{"floor":28,"key":"Fire Potion"},{"floor":29,"key":"Swift Potion"},{"floor":33,"key":"Fire Potion"}],"is_trial":false,"path_per_floor":["M","$","?","M","$","R","M","T","T","T","R","M","M","$","R","B",null,"M","?","M","?","M","R","E","M","T","M","E","M","R","$","R","B",null,"M","M","?","M","M","E","?","R","T","?","?","M","T","M","R"],"character_chosen":"DEFECT","items_purchased":["Self Repair","Pen Nib"],"campfire_rested":1,"item_purchase_floors":[14,31],"current_hp_per_floor":[68,68,61,61,61,61,60,60,60,60,60,42,42,42,42,44,75,54,54,56,37,33,33,36,37,37,37,37,37,37,37,37,32,37,37,30,30,37,37,37,37,37,37,37,37,37,37,24,24,0],"gold":52,"neow_bonus":"ONE_RARE_RELIC","is_prod":false,"is_daily":false,"chose_seed":false,"campfire_upgraded":7,"win_rate":0,"timestamp":1535192011,"path_taken":["M","$","?","M","$","R","M","?","T","?","R","?","M","$","R","BOSS","M","?","M","?","M","R","E","?","T","M","E","M","R","?","R","BOSS","M","?","?","M","M","E","?","R","T","?","?","M","?","?","R","BOSS"],"build_version":"2018-08-23v2","purchased_purges":2,"victory":false,"max_hp_per_floor":[75,75,75,75,75,75,75,75,75,75,75,75,75,75,75,75,75,75,75,75,37,37,37,37,37,37,37,37,37,37,37,37,37,37,37,37,37,37,37,37,37,37,37,37,37,37,37,37,37,37],"card_choices":[{"not_picked":["Sweeping Beam","Compile Driver"],"picked":"Redo","floor":1.0},{"not_picked":["Leap","Streamline"],"picked":"Sweeping Beam","floor":4.0},{"not_picked":["Force Field","Streamline"],"picked":"Doom and Gloom","floor":7.0},{"not_picked":["Compile Driver","Glacier"],"picked":"Redo","floor":12.0},{"not_picked":["Coolheaded","Conserve Battery"],"picked":"Rainbow","floor":13.0},{"not_picked":["Reboot","Biased Cognition"],"picked":"All For One","floor":16.0},{"not_picked":["Sweeping Beam","Streamline"],"picked":"FTL","floor":18.0},{"not_picked":["Stack","Self Repair"],"picked":"Steam","floor":20.0},{"not_picked":["Aggregate","Cold Snap","Fusion"],"picked":"SKIP","floor":22.0},{"not_picked":["Cold Snap","Streamline+1"],"picked":"Self Repair","floor":24.0},{"not_picked":["Stack","Darkness"],"picked":"Redo","floor":25.0},{"not_picked":["Streamline","Stack"],"picked":"Leap+1","floor":27},{"not_picked":["Stack","Heatsinks","Reboot"],"picked":"SKIP","floor":28},{"not_picked":["Beam Cell","Ball Lightning"],"picked":"Melter","floor":29},{"not_picked":["Machine Learning","Seek"],"picked":"Echo Form","floor":33},{"not_picked":["Steam Power","Barrage+1"],"picked":"Conserve Battery+1","floor":35},{"not_picked":["Rebound+1","Glacier"],"picked":"Chill+1","floor":36},{"not_picked":["Redo","Glacier"],"picked":"Loop+1","floor":38},{"not_picked":["Hologram","Cold Snap","Leap+1"],"picked":"SKIP","floor":39},{"not_picked":["Self Repair+1","Steam+1","Reinforced Body"],"picked":"SKIP","floor":40},{"not_picked":["Fusion","Reprogram+1","Coolheaded+1"],"picked":"SKIP","floor":46},{"not_picked":["Conserve Battery+1","Amplify","Stack+1"],"picked":"SKIP","floor":48}],"player_experience":37325,"relics_obtained":[{"floor":8.0,"key":"Bottled Lightning"},{"floor":9.0,"key":"War Paint"},{"floor":10.0,"key":"Meat on the Bone"},{"floor":24.0,"key":"Potion Belt"},{"floor":26.0,"key":"Dodecahedron"},{"floor":28,"key":"Omamori"},{"floor":40,"key":"Darkstone Periapt"},{"floor":43,"key":"Smiling Mask"},{"floor":47,"key":"Lantern"}],"event_choices":[{"event_name":"Golden Wing","player_choice":"Card Removal","floor":3.0,"damage_taken":0.0},{"event_name":"Upgrade Shrine","player_choice":"Upgraded","floor":19.0,"damage_taken":0.0},{"event_name":"Ghosts","player_choice":"Became a Ghost","floor":21.0,"damage_taken":0.0},{"event_name":"Falling","player_choice":"Removed Attack","floor":37,"damage_taken":0},{"event_name":"Duplicator","player_choice":"One dupe","floor":41,"damage_taken":0},{"event_name":"MindBloom","player_choice":"Upgrade","floor":44,"damage_taken":0},{"event_name":"Tomb of Lord Red Mask","player_choice":"Paid","floor":45,"damage_taken":0}],"is_beta":false,"boss_relics":[{"not_picked":["Fusion Hammer","Runic Dome"],"picked":"Inserter"},{"not_picked":["Busted Crown","Black Star"],"picked":"Sozu"}],"items_purged_floors":[2,31],"is_endless":false,"potions_floor_spawned":[7,13,20,25,28,29,33,36,46,48],"killed_by":"Awakened One","ascension_level":1}