{"gold_per_floor":[364,378,528,538,7,7,19,19,19,19,47,47,47,74,74,148,148,159,84,103,18,18,18,43,53,123,123,157,157,157,176,176,254,254,273,325,325,325,189,215,215,234,259,285,285,313,332,344,344,344,344],"floor_reached":51,"playtime":2731,"items_purged":["Doubt"],"score":1553,"play_id":"89dfa248-1847-416c-88ab-490a46a406dd","local_time":"20190213192233","is_ascension_mode":true,"campfire_choices":[{"floor":8.0,"key":"REST"},{"data":"Armaments","floor":12.0,"key":"SMITH"},{"floor":15.0,"key":"RECALL"},{"data":"True Grit","floor":23.0,"key":"SMITH"},{"floor":27.0,"key":"REST"},{"floor":30.0,"key":"REST"},{"data":"J.A.X.","floor":32.0,"key":"SMITH"},{"floor":41.0,"key":"REST"},{"data":"Dark Embrace","floor":49,"key":"SMITH"}],"neow_cost":"PERCENT_DAMAGE","seed_source_timestamp":800112976505048,"circlet_count":0,"master_deck":["AscendersBane","Bash","Pommel Strike","Iron Wave","Flame Barrier","Pummel","Armaments+1","Immolate","Rage","Thunderclap","Offering","Reaper","True Grit+1","Pommel Strike","Rampage","Iron Wave","Shrug It Off","J.A.X.+1","Dark Embrace+1","Seeing Red+1","Finesse","Panacea","Discovery","Metallicize","True Grit","Dark Embrace","Iron Wave+1"],"special_seed":0,"relics":["Burning Blood","Ice Cream","Singing Bowl","Bird Faced Urn","Juzu Bracelet","FaceOfCleric","Mercury Hourglass","Nunchaku","Nloth\u0027s Gift","Self Forming Clay","Kunai","Philosopher\u0027s Stone","Du-Vu Doll","Paper Frog","Pocketwatch","Bag of Preparation","Red Skull","PreservedInsect"],"potions_floor_usage":[50],"damage_taken":[{"damage":7.0,"enemies":"Cultist","floor":1.0,"turns":4.0},{"damage":5.0,"enemies":"2 Louse","floor":2.0,"turns":3.0},{"damage":4.0,"enemies":"Jaw Worm","floor":4.0,"turns":5.0},{"damage":0.0,"enemies":"3 Sentries","floor":6.0,"turns":1.0},{"damage":23.0,"enemies":"Large Slime","floor":7.0,"turns":8.0},{"damage":13.0,"enemies":"Lagavulin","floor":11.0,"turns":7.0},{"damage":3.0,"enemies":"Gremlin Nob","floor":14.0,"turns":3.0},{"damage":64.0,"enemies":"Hexaghost","floor":16.0,"turns":11.0},{"damage":22.0,"enemies":"Shell Parasite","floor":18.0,"turns":3.0},{"damage":18.0,"enemies":"3 Byrds","floor":20.0,"turns":4.0},{"damage":67.0,"enemies":"Book of Stabbing","floor":24.0,"turns":5.0},{"damage":20.0,"enemies":"Centurion and Healer","floor":25.0,"turns":5.0},{"damage":40.0,"enemies":"Slavers","floor":28.0,"turns":3.0},{"damage":9.0,"enemies":"3 Cultists","floor":31.0,"turns":3.0},{"damage":74.0,"enemies":"Automaton","floor":33.0,"turns":9.0},{"damage":13.0,"enemies":"3 Shapes","floor":35.0,"turns":3.0},{"damage":9.0,"enemies":"2 Orb Walkers","floor":36.0,"turns":3.0},{"damage":64.0,"enemies":"Nemesis","floor":40.0,"turns":10.0},{"damage":39.0,"enemies":"3 Darklings","floor":42.0,"turns":3.0},{"damage":36.0,"enemies":"Giant Head","floor":44.0,"turns":6.0},{"damage":47.0,"enemies":"Nemesis","floor":46.0,"turns":5.0},{"damage":9,"enemies":"Writhing Mass","floor":47,"turns":3},{"damage":31,"enemies":"Jaw Worm Horde","floor":48,"turns":3},{"damage":82,"enemies":"Donu and Deca","floor":50,"turns":10},{"damage":44,"enemies":"Time Eater","floor":51,"turns":5}],"seed_played":"8048211409000430720","potions_obtained":[{"floor":1.0,"key":"SmokeBomb"},{"floor":11.0,"key":"PowerPotion"},{"floor":20.0,"key":"BloodPotion"},{"floor":25.0,"key":"Swift Potion"},{"floor":31.0,"key":"SkillPotion"},{"floor":35.0,"key":"Fruit Juice"},{"floor":40.0,"key":"GamblersBrew"},{"floor":42.0,"key":"PowerPotion"},{"floor":48,"key":"Regen Potion"}],"is_trial":false,"path_per_floor":["M","M","?","M","$","E","M","R","T","T","E","R","?","E","R","B",null,"M","?","M","?","?","R","E","M","T","R","E","?","R","M","R","B",null,"M","?","?","?","$","E","R","M","T","E","?","E","M","M","R","B","B"],"character_chosen":"IRONCLAD","items_purchased":["Ice Cream","Inflame","Pummel","Metallicize","True Grit"],"campfire_rested":4,"item_purchase_floors":[5,5,5,39,39],"current_hp_per_floor":[49,50,50,52,52,58,41,63,63,63,60,60,60,70,70,15,65,52,52,55,55,55,55,11,16,16,43,26,26,54,72,72,22,79,78,85,75,75,75,43,76,80,80,66,66,44,59,81,81,27,0],"gold":344,"neow_bonus":"TWO_FIFTY_GOLD","is_prod":false,"is_daily":false,"chose_seed":false,"campfire_upgraded":4,"win_rate":0,"timestamp":1550110953,"path_taken":["M","?","?","M","$","E","M","R","T","?","E","R","?","E","R","BOSS","M","?","M","?","?","R","E","M","T","R","E","?","R","M","R","BOSS","M","?","?","?","$","E","R","M","T","E","?","E","M","M","R","BOSS","BOSS"],"build_version":"2019-01-23","purchased_purges":1,"victory":false,"max_hp_per_floor":[75,75,75,75,75,75,75,75,75,75,77,77,77,80,80,81,81,82,82,85,85,85,85,88,91,91,91,94,94,94,97,97,98,98,99,107,107,107,107,110,110,113,113,114,114,115,118,121,121,122,122],"card_choices":[{"not_picked":["Dropkick","Warcry"],"picked":"Pommel Strike","floor":1.0},{"not_picked":["Wild Strike","Rupture"],"picked":"Iron Wave","floor":2.0},{"not_picked":["Pommel Strike","Bloodletting"],"picked":"Flame Barrier","floor":4.0},{"not_picked":["Thunderclap","Heavy Blade"],"picked":"Armaments","floor":7.0},{"not_picked":["Armaments","Cleave","Body Slam"],"picked":"Singing Bowl","floor":11.0},{"not_picked":["Wild Strike","Headbutt","Fiend Fire"],"picked":"Singing Bowl","floor":14.0},{"not_picked":["Barricade","Double Tap"],"picked":"Immolate","floor":16.0},{"not_picked":["Cleave","Second Wind"],"picked":"Shrug It Off","floor":18.0},{"not_picked":["Heavy Blade","Headbutt","Fire Breathing"],"picked":"Singing Bowl","floor":20.0},{"not_picked":["Iron Wave","True Grit","Twin Strike"],"picked":"Singing Bowl","floor":24.0},{"not_picked":["Sword Boomerang","Hemokinesis","Heavy Blade"],"picked":"Singing Bowl","floor":25.0},{"not_picked":["Disarm","Clash","Warcry"],"picked":"Singing Bowl","floor":28.0},{"not_picked":["Anger","Bludgeon","Fiend Fire"],"picked":"Singing Bowl","floor":31.0},{"not_picked":["Immolate","Fiend Fire"],"picked":"Dark Embrace","floor":33.0},{"not_picked":["Armaments","Sword Boomerang"],"picked":"Seeing Red+1","floor":35.0},{"not_picked":["Shrug It Off","Clothesline+1","True Grit+1"],"picked":"Singing Bowl","floor":36.0},{"not_picked":["Forethought","Good Instincts"],"picked":"Finesse","floor":37.0},{"not_picked":["Enlightenment","Chrysalis"],"picked":"Panacea","floor":37.0},{"not_picked":["Sadistic Nature","Deep Breath"],"picked":"Discovery","floor":37.0},{"not_picked":["Sword Boomerang","Perfected Strike","Brutality"],"picked":"Singing Bowl","floor":40.0},{"not_picked":["Shrug It Off+1","Ghostly Armor","Headbutt+1"],"picked":"Singing Bowl","floor":42.0},{"not_picked":["Spot Weakness","True Grit+1"],"picked":"Dark Embrace","floor":44.0},{"not_picked":["Cleave","Anger"],"picked":"Iron Wave+1","floor":46.0},{"not_picked":["Wild Strike+1","Anger+1","Armaments"],"picked":"Singing Bowl","floor":47},{"not_picked":["Iron Wave","Clash","Thunderclap"],"picked":"Singing Bowl","floor":48}],"player_experience":820456,"relics_obtained":[{"floor":9.0,"key":"Singing Bowl"},{"floor":10.0,"key":"Bird Faced Urn"},{"floor":11.0,"key":"Juzu Bracelet"},{"floor":14.0,"key":"Mercury Hourglass"},{"floor":24.0,"key":"Self Forming Clay"},{"floor":28.0,"key":"Kunai"},{"floor":36.0,"key":"Du-Vu Doll"},{"floor":40.0,"key":"Pocketwatch"},{"floor":43.0,"key":"Bag of Preparation"},{"floor":44.0,"key":"Red Skull"},{"floor":46.0,"key":"PreservedInsect"}],"event_choices":[{"damage_healed":0.0,"max_hp_gain":0.0,"max_hp_loss":0.0,"gold_gain":150.0,"event_name":"Liars Game","player_choice":"AGREE","floor":3.0,"gold_loss":0.0,"damage_taken":0.0,"cards_obtained":["Doubt"]},{"damage_healed":0.0,"max_hp_gain":0.0,"max_hp_loss":0.0,"gold_gain":0.0,"event_name":"FaceTrader","player_choice":"Trade","floor":13.0,"gold_loss":0.0,"damage_taken":0.0,"relics_obtained":["FaceOfCleric"]},{"cards_removed":["Fire Breathing"],"damage_healed":0.0,"max_hp_gain":0.0,"max_hp_loss":0.0,"gold_gain":0.0,"event_name":"Beggar","player_choice":"Gave Gold","floor":19.0,"gold_loss":75.0,"damage_taken":0.0},{"damage_healed":0.0,"max_hp_gain":0.0,"max_hp_loss":0.0,"gold_gain":0.0,"event_name":"Addict","player_choice":"Obtained Relic","floor":21.0,"gold_loss":85.0,"damage_taken":0.0,"relics_obtained":["Nunchaku"]},{"damage_healed":0.0,"max_hp_gain":0.0,"max_hp_loss":0.0,"gold_gain":0.0,"event_name":"N\u0027loth","player_choice":"Traded Relic","floor":22.0,"relics_lost":["Pandora\u0027s Box"],"gold_loss":0.0,"damage_taken":0.0,"relics_obtained":["Nloth\u0027s Gift"]},{"damage_healed":0.0,"max_hp_gain":0.0,"max_hp_loss":0.0,"gold_gain":0.0,"event_name":"Drug Dealer","player_choice":"Obtain J.A.X.","floor":29.0,"gold_loss":0.0,"damage_taken":0.0,"cards_obtained":["J.A.X."]},{"damage_healed":0.0,"max_hp_gain":0.0,"max_hp_loss":0.0,"gold_gain":0.0,"event_name":"Mysterious Sphere","player_choice":"Fight","floor":36.0,"gold_loss":0.0,"damage_taken":0.0},{"damage_healed":0.0,"max_hp_gain":0.0,"max_hp_loss":0.0,"gold_gain":0.0,"event_name":"SensoryStone","player_choice":"Memory 3","floor":37.0,"gold_loss":0.0,"damage_taken":10.0},{"damage_healed":0.0,"max_hp_gain":0.0,"max_hp_loss":0.0,"gold_gain":0.0,"event_name":"WeMeetAgain","player_choice":"Gave Potion","floor":38.0,"gold_loss":0.0,"damage_taken":0.0,"relics_obtained":["Paper Frog"]},{"cards_removed":["Inflame"],"damage_healed":0.0,"max_hp_gain":0.0,"max_hp_loss":0.0,"gold_gain":0.0,"event_name":"Falling","player_choice":"Removed Power","floor":45.0,"gold_loss":0.0,"damage_taken":0.0}],"is_beta":false,"boss_relics":[{"not_picked":["Snecko Eye","Mark of Pain"],"picked":"Pandora\u0027s Box"},{"not_picked":["Orrery","Runic Dome"],"picked":"Philosopher\u0027s Stone"}],"items_purged_floors":[5],"is_endless":false,"potions_floor_spawned":[1,6,11,20,25,31,35,40,42,48],"killed_by":"Time Eater","ascension_level":20}