{"gold_per_floor":[119,83,83,99,99,99,99,99,99,119,148,158,178,148,148,247,247,263,248,163,262,273,302,302,302,302,302,158,170,187,198,198,294,294,310,323,177,191,210,210,228,79,79,96,109,109,109,122,122,122],"floor_reached":51,"playtime":4539,"items_purged":["Strike_G","Strike_G"],"score":621,"play_id":"7ac6173f-ed87-4d70-afda-7e41c5ab12f2","local_time":"20190212160904","is_ascension_mode":false,"campfire_choices":[{"data":"Neutralize","floor":6,"key":"SMITH"},{"data":"Leg Sweep","floor":8,"key":"SMITH"},{"floor":15,"key":"REST"},{"data":"Bullet Time","floor":24,"key":"SMITH"},{"data":"Bullet Time","floor":27,"key":"SMITH"},{"data":"Finisher","floor":32,"key":"SMITH"},{"floor":40,"key":"REST"},{"floor":49,"key":"REST"}],"neow_cost":"NONE","seed_source_timestamp":228257438980273,"circlet_count":0,"master_deck":["Defend_G","Defend_G","Defend_G","Defend_G","Defend_G","Strike_G","Strike_G","Survivor","Neutralize+1","Sucker Punch","Leg Sweep+1","Backflip","Infinite Blades","Bullet Time+1","Footwork","Bullet Time+1","Footwork","Poisoned Stab","Predator","Riddle With Holes","Finisher+1","Dagger Spray","Acrobatics","Glass Knife","Choke+1","Eviscerate+1","Prepared+1"],"relics":["Ring of the Snake","Art of War","Ornamental Fan","Sundial","Odd Mushroom","Runic Pyramid","Vajra","PreservedInsect","Omamori","Black Star","The Specimen"],"potions_floor_usage":[16,16,23,36,36,36,38,44,50],"damage_taken":[{"damage":0,"enemies":"Small Slimes","floor":1,"turns":4},{"damage":0,"enemies":"Jaw Worm","floor":4,"turns":6},{"damage":0,"enemies":"2 Louse","floor":10,"turns":3},{"damage":29,"enemies":"3 Sentries","floor":11,"turns":11},{"damage":0,"enemies":"Blue Slaver","floor":12,"turns":5},{"damage":11,"enemies":"The Mushroom Lair","floor":13,"turns":7},{"damage":2,"enemies":"Looter","floor":14,"turns":4},{"damage":22,"enemies":"Slime Boss","floor":16,"turns":28},{"damage":0,"enemies":"Spheric Guardian","floor":18,"turns":8},{"damage":9,"enemies":"2 Thieves","floor":19,"turns":4},{"damage":0,"enemies":"Chosen and Byrds","floor":22,"turns":10},{"damage":8,"enemies":"Book of Stabbing","floor":23,"turns":9},{"damage":0,"enemies":"Centurion and Healer","floor":29,"turns":5},{"damage":0,"enemies":"3 Cultists","floor":30,"turns":5},{"damage":2,"enemies":"Snake Plant","floor":31,"turns":5},{"damage":4,"enemies":"Champ","floor":33,"turns":12},{"damage":1,"enemies":"Orb Walker","floor":35,"turns":3},{"damage":49,"enemies":"3 Darklings","floor":36,"turns":9},{"damage":8,"enemies":"Writhing Mass","floor":38,"turns":7},{"damage":2,"enemies":"Transient","floor":39,"turns":5},{"damage":4,"enemies":"Sphere and 2 Shapes","floor":41,"turns":4},{"damage":0,"enemies":"Jaw Worm Horde","floor":44,"turns":5},{"damage":2,"enemies":"Spire Growth","floor":45,"turns":4},{"damage":15,"enemies":"Sphere and 2 Shapes","floor":48,"turns":4},{"damage":52,"enemies":"Awakened One","floor":50,"turns":21}],"seed_played":"4257807841947930879","potions_obtained":[{"floor":10,"key":"Block Potion"},{"floor":11,"key":"SkillPotion"},{"floor":13,"key":"Block Potion"},{"floor":22,"key":"Regen Potion"},{"floor":29,"key":"Explosive Potion"},{"floor":33,"key":"Explosive Potion"},{"floor":36,"key":"Ancient Potion"},{"floor":39,"key":"GhostInAJar"},{"floor":45,"key":"Dexterity Potion"}],"is_trial":false,"path_per_floor":["M","$","?","M","?","R","$","R","T","M","E","M","?","M","R","B",null,"M","M","?","?","M","E","R","$","T","R","$","M","M","M","R","B",null,"M","M","$","M","M","R","M","$","T","M","M","?","?","M","R","B",null],"character_chosen":"THE_SILENT","items_purchased":["Leg Sweep","Riddle With Holes","Finisher","Regen Potion","Block Potion"],"campfire_rested":3,"item_purchase_floors":[2,28,28,37,42],"current_hp_per_floor":[70,70,63,63,68,68,68,68,68,68,39,39,28,26,48,26,75,75,66,66,66,66,58,58,58,58,58,58,58,58,56,56,52,75,74,25,25,32,30,52,48,48,48,48,46,46,46,31,53,1],"gold":122,"neow_bonus":"RANDOM_COMMON_RELIC","is_prod":false,"is_daily":false,"chose_seed":false,"campfire_upgraded":5,"win_rate":0,"timestamp":1549955344,"path_taken":["M","$","?","M","?","R","?","R","T","M","E","M","?","?","R","BOSS","M","M","?","?","M","E","R","$","T","R","?","?","M","M","R","BOSS","M","M","$","M","M","R","M","$","T","M","M","?","?","?","R","BOSS"],"build_version":"2019-01-23","purchased_purges":2,"victory":true,"max_hp_per_floor":[70,70,70,70,75,75,75,75,75,75,75,75,75,75,75,75,75,75,75,75,75,75,75,75,75,75,75,75,75,75,75,75,75,75,75,75,75,75,75,75,75,75,75,75,75,75,75,75,75,75],"card_choices":[{"not_picked":["Outmaneuver","Well Laid Plans"],"picked":"Sucker Punch","floor":1},{"not_picked":["Slice","Concentrate"],"picked":"Backflip","floor":4},{"not_picked":["Riddle With Holes","Underhanded Strike"],"picked":"Infinite Blades","floor":10},{"not_picked":["Dagger Throw","Phantasmal Killer"],"picked":"Bullet Time","floor":11},{"not_picked":["Quick Slash","Cloak And Dagger","Acrobatics"],"picked":"SKIP","floor":12},{"not_picked":["Outmaneuver","PiercingWail"],"picked":"Footwork","floor":14},{"not_picked":["Storm of Steel","Unload"],"picked":"Bullet Time","floor":16},{"not_picked":["Accuracy","Dagger Throw","Deadly Poison"],"picked":"SKIP","floor":18},{"not_picked":["Dagger Throw","Bane"],"picked":"Footwork","floor":19},{"not_picked":["Outmaneuver","Backflip+1"],"picked":"Poisoned Stab","floor":22},{"not_picked":["PiercingWail+1","Grand Finale"],"picked":"Predator","floor":23},{"not_picked":["PiercingWail","Skewer","Slice"],"picked":"SKIP","floor":29},{"not_picked":["Well Laid Plans","Flying Knee"],"picked":"Dagger Spray","floor":30},{"not_picked":["Deadly Poison+1","Outmaneuver"],"picked":"Acrobatics","floor":31},{"not_picked":["Adrenaline","Grand Finale"],"picked":"Glass Knife","floor":33},{"not_picked":["PiercingWail+1","Deflect","Blade Dance+1"],"picked":"SKIP","floor":35},{"not_picked":["Bouncing Flask","Slice"],"picked":"Choke+1","floor":36},{"not_picked":["Acrobatics","Reflex+1","Slice"],"picked":"SKIP","floor":38},{"not_picked":["Setup+1","Blade Dance","Bane"],"picked":"SKIP","floor":39},{"not_picked":["Bane","Burst"],"picked":"Eviscerate+1","floor":41},{"not_picked":["Blade Dance","Outmaneuver"],"picked":"Prepared+1","floor":44},{"not_picked":["Sucker Punch","Catalyst+1","Dagger Throw"],"picked":"SKIP","floor":45},{"not_picked":["Quick Slash","Corpse Explosion","Sucker Punch"],"picked":"SKIP","floor":48}],"player_experience":110277,"relics_obtained":[{"floor":9,"key":"Ornamental Fan"},{"floor":11,"key":"Sundial"},{"floor":13,"key":"Odd Mushroom"},{"floor":23,"key":"PreservedInsect"},{"floor":26,"key":"Omamori"},{"floor":43,"key":"The Specimen"}],"event_choices":[{"cards_removed":["Strike_G"],"damage_healed":0,"gold_gain":0,"player_choice":"Card Removal","damage_taken":7,"max_hp_gain":0,"max_hp_loss":0,"event_name":"Golden Wing","floor":3,"gold_loss":0},{"damage_healed":0,"gold_gain":0,"player_choice":"Donut","damage_taken":0,"max_hp_gain":5,"max_hp_loss":0,"event_name":"Big Fish","floor":5,"gold_loss":0},{"damage_healed":0,"gold_gain":0,"player_choice":"Fought Mushrooms","damage_taken":0,"max_hp_gain":0,"max_hp_loss":0,"event_name":"Mushrooms","floor":13,"gold_loss":0},{"damage_healed":0,"gold_gain":0,"player_choice":"Obtained Relic","damage_taken":0,"relics_obtained":["Vajra"],"max_hp_gain":0,"max_hp_loss":0,"event_name":"Addict","floor":20,"gold_loss":85},{"damage_healed":0,"gold_gain":99,"player_choice":"Stole From Cult","damage_taken":0,"max_hp_gain":0,"max_hp_loss":0,"event_name":"Nest","floor":21,"gold_loss":0},{"damage_healed":0,"gold_gain":0,"player_choice":"Memory 1","damage_taken":0,"max_hp_gain":0,"max_hp_loss":0,"event_name":"SensoryStone","floor":46,"gold_loss":0},{"damage_healed":0,"gold_gain":0,"player_choice":"Ignored","damage_taken":0,"max_hp_gain":0,"max_hp_loss":0,"event_name":"SecretPortal","floor":47,"gold_loss":0}],"is_beta":false,"boss_relics":[{"not_picked":["Philosopher\u0027s Stone","White Beast Statue"],"picked":"Runic Pyramid"},{"not_picked":["Eternal Feather","Velvet Choker"],"picked":"Black Star"}],"items_purged_floors":[37,42],"is_endless":false,"potions_floor_spawned":[10,11,13,22,29,33,36,39,45],"ascension_level":0}