{"gold_per_floor":[114,126,141,155,155,155,190,190,213,241,311,339,49,49,49,126,126,142,142,142,142,142,174,174,188,188,203,203,283,283,297,297,297],"floor_reached":33,"playtime":767,"items_purged":["Strike_R"],"score":587,"play_id":"7e9876bc-8231-4dd9-a9ba-9761da41e77e","local_time":"20190215013133","is_ascension_mode":true,"campfire_choices":[{"data":"Whirlwind","floor":6,"key":"SMITH"},{"data":"Wild Strike","floor":8,"key":"SMITH"},{"floor":15,"key":"REST"},{"data":"Immolate","floor":24,"key":"SMITH"},{"data":"Feed","floor":28,"key":"SMITH"},{"data":"Power Through","floor":32,"key":"SMITH"}],"neow_cost":"NONE","seed_source_timestamp":27649926696972,"circlet_count":0,"master_deck":["AscendersBane","Strike_R","Strike_R","Strike_R","Defend_R","Defend_R","Defend_R","Defend_R","Bash","Whirlwind+1","Battle Trance","Wild Strike+1","Feed","Reaper","Immolate+1","Feed+1","Power Through+1","Shrug It Off"],"relics":["Burning Blood","Bag of Preparation","Bottled Flame","Chemical X","Mark of Pain","MutagenicStrength","Nloth\u0027s Gift","Self Forming Clay","Bag of Marbles","Meat on the Bone","Nilry\u0027s Codex"],"potions_floor_usage":[10,16,16,23,33],"damage_taken":[{"damage":7,"enemies":"Cultist","floor":1,"turns":4},{"damage":2,"enemies":"Jaw Worm","floor":2,"turns":5},{"damage":6,"enemies":"Small Slimes","floor":3,"turns":4},{"damage":11,"enemies":"Looter","floor":4,"turns":5},{"damage":20,"enemies":"3 Sentries","floor":7,"turns":5},{"damage":40,"enemies":"Lagavulin","floor":10,"turns":5},{"damage":8,"enemies":"Gremlin Nob","floor":12,"turns":3},{"damage":44,"enemies":"The Guardian","floor":16,"turns":10},{"damage":1,"enemies":"3 Byrds","floor":18,"turns":3},{"damage":35,"enemies":"Book of Stabbing","floor":23,"turns":3},{"damage":0,"enemies":"Chosen","floor":25,"turns":2},{"damage":14,"enemies":"Centurion and Healer","floor":27,"turns":2},{"damage":0,"enemies":"3 Cultists","floor":31,"turns":1},{"damage":81,"enemies":"Automaton","floor":33,"turns":8}],"seed_played":"1080822978969013165","potions_obtained":[{"floor":3,"key":"AttackPotion"},{"floor":4,"key":"Swift Potion"},{"floor":12,"key":"SteroidPotion"},{"floor":18,"key":"PowerPotion"},{"floor":31,"key":"FearPotion"}],"is_trial":false,"path_per_floor":["M","M","M","M","?","R","E","R","T","E","?","E","$","?","R","B",null,"M","?","?","?","?","E","R","M","T","M","R","T","?","M","R","B"],"character_chosen":"IRONCLAD","items_purchased":["Chemical X"],"campfire_rested":1,"item_purchase_floors":[13],"current_hp_per_floor":[74,78,78,73,73,73,59,59,59,25,25,26,26,31,58,20,73,87,87,87,87,87,58,58,74,74,89,89,89,68,74,74,3],"gold":297,"neow_bonus":"TEN_PERCENT_HP_BONUS","is_prod":false,"is_daily":false,"chose_seed":false,"campfire_upgraded":5,"win_rate":0,"timestamp":1550161893,"path_taken":["M","M","M","M","?","R","E","R","T","E","?","E","$","?","R","BOSS","M","?","?","?","?","E","R","M","T","?","R","?","?","M","R","BOSS"],"build_version":"2019-01-23","purchased_purges":1,"victory":false,"max_hp_per_floor":[82,82,82,82,82,82,82,82,82,82,82,85,85,90,90,90,90,93,93,93,93,93,93,93,96,96,99,99,99,99,99,99,99],"card_choices":[{"not_picked":["Warcry","Heavy Blade"],"picked":"Whirlwind","floor":1},{"not_picked":["Sword Boomerang","Twin Strike"],"picked":"Battle Trance","floor":2},{"not_picked":["Twin Strike","Infernal Blade"],"picked":"Wild Strike","floor":3},{"not_picked":["Warcry","Intimidate","Combust"],"picked":"SKIP","floor":4},{"not_picked":["Combust","Armaments","Clothesline"],"picked":"SKIP","floor":7},{"not_picked":["Twin Strike","Cleave"],"picked":"Feed","floor":10},{"not_picked":["Second Wind","Armaments"],"picked":"Reaper","floor":12},{"not_picked":["Berserk","Bludgeon"],"picked":"Immolate","floor":16},{"not_picked":["Iron Wave","Havoc","Carnage"],"picked":"SKIP","floor":18},{"not_picked":["Twin Strike","Clash"],"picked":"Feed","floor":23},{"not_picked":["Heavy Blade","Reckless Charge"],"picked":"Power Through","floor":25},{"not_picked":["Dark Embrace","Dropkick","Heavy Blade"],"picked":"SKIP","floor":27},{"not_picked":["Iron Wave","Clothesline"],"picked":"Shrug It Off","floor":31}],"player_experience":909269,"relics_obtained":[{"floor":7,"key":"Juzu Bracelet"},{"floor":10,"key":"Bag of Preparation"},{"floor":12,"key":"Bottled Flame"},{"floor":23,"key":"Self Forming Clay"},{"floor":26,"key":"Bag of Marbles"},{"floor":29,"key":"Meat on the Bone"},{"floor":30,"key":"Nilry\u0027s Codex"}],"event_choices":[{"cards_removed":["Strike_R"],"damage_healed":0,"gold_gain":0,"player_choice":"Purged","damage_taken":0,"max_hp_gain":0,"max_hp_loss":0,"event_name":"Purifier","floor":5,"gold_loss":0},{"damage_healed":0,"gold_gain":70,"player_choice":"Gained Gold","damage_taken":0,"max_hp_gain":0,"max_hp_loss":0,"event_name":"Golden Wing","floor":11,"gold_loss":0},{"damage_healed":0,"gold_gain":0,"player_choice":"Donut","damage_taken":0,"max_hp_gain":5,"max_hp_loss":0,"event_name":"Big Fish","floor":14,"gold_loss":0},{"damage_healed":0,"gold_gain":0,"player_choice":"Ignored","damage_taken":0,"max_hp_gain":0,"max_hp_loss":0,"event_name":"Vampires","floor":19,"gold_loss":0},{"damage_healed":0,"gold_gain":0,"player_choice":"Inject Mutagens","damage_taken":0,"relics_obtained":["MutagenicStrength"],"max_hp_gain":0,"max_hp_loss":0,"event_name":"Drug Dealer","floor":20,"gold_loss":0},{"damage_healed":0,"gold_gain":0,"player_choice":"Ignored","damage_taken":0,"max_hp_gain":0,"max_hp_loss":0,"event_name":"Ghosts","floor":21,"gold_loss":0},{"damage_healed":0,"gold_gain":0,"player_choice":"Traded Relic","damage_taken":0,"relics_obtained":["Nloth\u0027s Gift"],"max_hp_gain":0,"max_hp_loss":0,"event_name":"N\u0027loth","floor":22,"relics_lost":["Juzu Bracelet"],"gold_loss":0},{"damage_healed":0,"gold_gain":0,"player_choice":"Obtained Book","damage_taken":21,"max_hp_gain":0,"max_hp_loss":0,"event_name":"Cursed Tome","floor":30,"gold_loss":0}],"is_beta":false,"boss_relics":[{"not_picked":["Black Star","Coffee Dripper"],"picked":"Mark of Pain"}],"items_purged_floors":[13],"is_endless":false,"potions_floor_spawned":[3,4,7,12,18,31],"killed_by":"Automaton","ascension_level":20}