{"gold_per_floor":[113,38,38,52,52,52,81,101,128,163,174,207,207,227,227,227],"floor_reached":16,"playtime":938,"items_purged":["Strike_R"],"score":268,"play_id":"36e7de95-48f2-44ba-bb16-82b5fe8e163f","local_time":"20190127200718","is_ascension_mode":true,"campfire_choices":[{"data":"Bash","floor":6.0,"key":"SMITH"},{"floor":13.0,"key":"REST"},{"data":"Disarm","floor":15.0,"key":"SMITH"}],"neow_cost":"NONE","seed_source_timestamp":15033109624155,"circlet_count":0,"master_deck":["AscendersBane","Strike_R","Strike_R","Strike_R","Defend_R","Defend_R","Defend_R","Defend_R","Bash+1","Twin Strike","Twin Strike","Uppercut","Immolate","Disarm+1"],"special_seed":0,"relics":["Burning Blood","NeowsBlessing","Regal Pillow","Strawberry","Ancient Tea Set","Oddly Smooth Stone","Pear"],"potions_floor_usage":[],"damage_taken":[{"damage":0.0,"enemies":"2 Louse","floor":1.0,"turns":1.0},{"damage":0.0,"enemies":"Small Slimes","floor":4.0,"turns":1.0},{"damage":0.0,"enemies":"3 Sentries","floor":7.0,"turns":1.0},{"damage":7.0,"enemies":"Jaw Worm","floor":8.0,"turns":2.0},{"damage":40.0,"enemies":"Lagavulin","floor":10.0,"turns":6.0},{"damage":7.0,"enemies":"Blue Slaver","floor":11.0,"turns":3.0},{"damage":34.0,"enemies":"Gremlin Nob","floor":12.0,"turns":5.0},{"damage":0.0,"enemies":"Exordium Thugs","floor":14.0,"turns":2.0},{"damage":69,"enemies":"Hexaghost","floor":16,"turns":8}],"seed_played":"4536389782483290397","potions_obtained":[{"floor":8.0,"key":"Dexterity Potion"},{"floor":12.0,"key":"EssenceOfSteel"},{"floor":14.0,"key":"FearPotion"}],"is_trial":false,"path_per_floor":["M","$","?","M","?","R","E","M","T","E","M","E","R","M","R","B"],"character_chosen":"IRONCLAD","items_purchased":[],"campfire_rested":1,"item_purchase_floors":[],"current_hp_per_floor":[74,74,56,62,62,62,75,74,74,40,39,21,63,69,69,0],"gold":227,"neow_bonus":"THREE_ENEMY_KILL","is_prod":false,"is_daily":false,"chose_seed":false,"campfire_upgraded":2,"win_rate":0,"timestamp":1548612438,"path_taken":["M","$","?","M","?","R","E","M","T","E","M","E","R","M","R","BOSS"],"build_version":"2019-01-23","purchased_purges":1,"victory":false,"max_hp_per_floor":[75,75,75,75,75,75,82,82,82,82,82,92,92,92,92,92],"card_choices":[{"not_picked":["Warcry","Ghostly Armor"],"picked":"Twin Strike","floor":1.0},{"not_picked":["Fire Breathing","Shrug It Off"],"picked":"Twin Strike","floor":4.0},{"not_picked":["Fire Breathing","Wild Strike"],"picked":"Uppercut","floor":7.0},{"not_picked":["Clash","Twin Strike","Fire Breathing"],"picked":"SKIP","floor":8.0},{"not_picked":["Heavy Blade","Havoc"],"picked":"Immolate","floor":10.0},{"not_picked":["Dropkick","Dual Wield","Sentinel"],"picked":"SKIP","floor":11.0},{"not_picked":["Dropkick","Dual Wield","Sentinel"],"picked":"SKIP","floor":11.0},{"not_picked":["Armaments","Wild Strike","Heavy Blade"],"picked":"SKIP","floor":12.0},{"not_picked":["Wild Strike","Havoc"],"picked":"Disarm","floor":14.0}],"player_experience":911915,"relics_obtained":[{"floor":7.0,"key":"Strawberry"},{"floor":9.0,"key":"Ancient Tea Set"},{"floor":10.0,"key":"Oddly Smooth Stone"},{"floor":12.0,"key":"Pear"}],"event_choices":[{"damage_healed":0.0,"max_hp_gain":0.0,"max_hp_loss":0.0,"gold_gain":0.0,"event_name":"Scrap Ooze","player_choice":"Success","floor":3.0,"gold_loss":0.0,"damage_taken":18.0,"relics_obtained":["Regal Pillow"]},{"cards_removed":["Strike_R"],"damage_healed":0.0,"max_hp_gain":0.0,"max_hp_loss":0.0,"gold_gain":0.0,"event_name":"Living Wall","player_choice":"Forget","floor":5.0,"gold_loss":0.0,"damage_taken":0.0}],"is_beta":false,"boss_relics":[],"items_purged_floors":[2],"is_endless":false,"potions_floor_spawned":[8,12,14],"killed_by":"Hexaghost","ascension_level":17}