{"gold_per_floor":[119,69,69,69,16,51,1,33,71,95,119,131,157,169,181,291,303,326,52,71,71,21,21,41,41,41,54,74,74],"floor_reached":29,"playtime":1164,"items_purged":["Defend_R","Bash"],"score":367,"play_id":"2b134a72-5c63-41d4-944b-dc739e75bd4a","local_time":"20181021131929","is_ascension_mode":true,"campfire_choices":[{"data":"Havoc","floor":12.0,"key":"SMITH"},{"data":"Clothesline","floor":15.0,"key":"SMITH"},{"data":"Corruption","floor":23,"key":"SMITH"},{"floor":25,"key":"REST"}],"neow_cost":"NONE","seed_source_timestamp":162200325057358,"circlet_count":0,"master_deck":["Feel No Pain","Seeing Red","Havoc+1","Clash","Pommel Strike","Clothesline+1","Bludgeon+1","Double Tap","Spot Weakness","Clothesline","Corruption+1","Sword Boomerang","True Grit","Wild Strike","Fire Breathing","Blood for Blood","Shockwave","Bite","Bite","Bite","Bite","Bite","Metallicize","Blood for Blood"],"special_seed":0,"relics":["Burning Blood","NeowsBlessing","Smiling Mask","MawBank","Pandora\u0027s Box","TheAbacus","Gremlin Horn"],"potions_floor_usage":[28],"damage_taken":[{"damage":0.0,"enemies":"2 Louse","floor":1.0,"turns":1.0},{"damage":0.0,"enemies":"Gremlin Nob","floor":6.0,"turns":1.0},{"damage":0.0,"enemies":"3 Sentries","floor":8.0,"turns":1.0},{"damage":0.0,"enemies":"Small Slimes","floor":10.0,"turns":3.0},{"damage":0.0,"enemies":"Jaw Worm","floor":11.0,"turns":3.0},{"damage":9.0,"enemies":"3 Louse","floor":13.0,"turns":4.0},{"damage":32.0,"enemies":"Hexaghost","floor":16.0,"turns":8.0},{"damage":4.0,"enemies":"Spheric Guardian","floor":18.0,"turns":3.0},{"damage":20.0,"enemies":"Shell Parasite","floor":20.0,"turns":3.0},{"damage":44.0,"enemies":"Shelled Parasite and Fungi","floor":22.0,"turns":5.0},{"damage":23,"enemies":"Shelled Parasite and Fungi","floor":24,"turns":3},{"damage":40,"enemies":"Centurion and Healer","floor":27,"turns":5},{"damage":13,"enemies":"Snecko","floor":28,"turns":3},{"damage":27,"enemies":"Gremlin Leader","floor":29,"turns":4}],"seed_played":"-1445211327303882196","potions_obtained":[{"floor":1.0,"key":"Regen Potion"},{"floor":11.0,"key":"SteroidPotion"},{"floor":16.0,"key":"Ancient Potion"},{"floor":27,"key":"Ancient Potion"}],"is_trial":false,"path_per_floor":["M","?","?","?","$","E","$","E","T","M","M","R","M","?","R","B",null,"M","$","M","?","$","R","M","R","T","M","M"],"character_chosen":"IRONCLAD","items_purchased":["Havoc","Blood for Blood","TheAbacus"],"campfire_rested":1,"item_purchase_floors":[5,19,19],"current_hp_per_floor":[80,80,80,64,64,70,70,76,76,80,80,80,77,77,77,53,80,80,80,66,66,34,34,21,45,45,15,10,0],"gold":74,"neow_bonus":"THREE_ENEMY_KILL","is_prod":false,"is_daily":false,"chose_seed":false,"campfire_upgraded":3,"win_rate":0,"timestamp":1540090169,"path_taken":["M","?","?","?","?","E","$","E","T","M","M","R","M","?","R","BOSS","M","$","M","?","?","R","?","R","T","M","M","E"],"build_version":"2018-10-18","purchased_purges":2,"victory":false,"max_hp_per_floor":[80,80,80,80,80,80,80,80,80,80,80,80,80,80,80,80,80,80,80,80,80,80,80,80,80,80,80,80,80],"card_choices":[{"not_picked":["Bloodletting","Thunderclap"],"picked":"Feel No Pain","floor":1.0},{"not_picked":["Shrug It Off","Twin Strike"],"picked":"Clash","floor":6.0},{"not_picked":["Sword Boomerang","Wild Strike"],"picked":"Pommel Strike","floor":8.0},{"not_picked":["Heavy Blade","Seeing Red"],"picked":"Clothesline","floor":10.0},{"not_picked":["Seeing Red","Headbutt"],"picked":"Bludgeon","floor":11.0},{"not_picked":["True Grit","Heavy Blade","Iron Wave"],"picked":"SKIP","floor":13.0},{"not_picked":["Brutality","Limit Break"],"picked":"Double Tap","floor":16.0},{"not_picked":["Sever Soul","Shrug It Off"],"picked":"Fire Breathing","floor":18.0},{"not_picked":["Reckless Charge+1","Wild Strike+1"],"picked":"Shockwave","floor":20.0},{"not_picked":["Flex","Perfected Strike"],"picked":"Metallicize","floor":24},{"not_picked":["Heavy Blade","Body Slam"],"picked":"Blood for Blood","floor":27},{"not_picked":["Twin Strike+1","Immolate","Pummel+1"],"picked":"SKIP","floor":28}],"player_experience":327434,"relics_obtained":[{"floor":6.0,"key":"Smiling Mask"},{"floor":8.0,"key":"MawBank"},{"floor":9.0,"key":"Blood Vial"},{"floor":26,"key":"Gremlin Horn"}],"event_choices":[{"cards_removed":["Strike_R"],"damage_healed":0.0,"max_hp_gain":0.0,"max_hp_loss":0.0,"gold_gain":0.0,"event_name":"The Cleric","player_choice":"Card Removal","floor":2.0,"gold_loss":50.0,"damage_taken":0.0},{"damage_healed":0.0,"max_hp_gain":0.0,"max_hp_loss":0.0,"gold_gain":0.0,"cards_transformed":["Strike_R"],"event_name":"Living Wall","player_choice":"Change","floor":3.0,"gold_loss":0.0,"damage_taken":0.0,"cards_obtained":["Seeing Red"]},{"damage_healed":0.0,"max_hp_gain":0.0,"max_hp_loss":0.0,"gold_gain":0.0,"event_name":"Shining Light","player_choice":"Entered Light","floor":4.0,"gold_loss":0.0,"damage_taken":16.0,"cards_upgraded":["Defend_R","Strike_R"]},{"damage_healed":0.0,"max_hp_gain":0.0,"max_hp_loss":0.0,"gold_gain":0.0,"event_name":"Upgrade Shrine","player_choice":"Upgraded","floor":14.0,"gold_loss":0.0,"damage_taken":0.0,"cards_upgraded":["Bludgeon"]},{"damage_healed":0.0,"max_hp_gain":0.0,"max_hp_loss":0.0,"gold_gain":0.0,"event_name":"Vampires","player_choice":"Became a vampire (Vial)","floor":21.0,"relics_lost":["Blood Vial"],"gold_loss":0.0,"damage_taken":0.0,"cards_obtained":["Bite","Bite","Bite","Bite","Bite"]}],"is_beta":false,"boss_relics":[{"not_picked":["Orrery","Snecko Eye"],"picked":"Pandora\u0027s Box"}],"items_purged_floors":[7,22],"is_endless":false,"potions_floor_spawned":[1,11,16,27],"killed_by":"Gremlin Leader","ascension_level":4}