{"gold_per_floor":[114,114,39,56,74,101,101,128,128,128,148,48,67,27,27,127,127,93,93,109,73,73,73,53,68,113,131,131,146,146,165,165,266,266,283,283],"floor_reached":36,"playtime":3459,"items_purged":["Strike_R","Strike_R"],"score":611,"play_id":"4590b3dc-f20e-460d-9cf2-5b6ca33cc740","local_time":"20190215024456","is_ascension_mode":true,"campfire_choices":[{"floor":7,"key":"REST"},{"data":"Clothesline","floor":10,"key":"SMITH"},{"floor":15,"key":"REST"},{"floor":23,"key":"REST"},{"floor":30,"key":"REST"},{"floor":32,"key":"REST"}],"neow_cost":"NONE","seed_source_timestamp":165879411267422,"circlet_count":0,"master_deck":["AscendersBane","Strike_R","Strike_R","Strike_R","Defend_R","Defend_R","Defend_R","Defend_R","Bash","Armaments","Battle Trance","Clothesline+1","Metallicize","Offering","Dropkick","Seeing Red","Intimidate","Dark Embrace","Pommel Strike","Metallicize","Uppercut+1","Feel No Pain","Double Tap","Shrug It Off+1","Exhume","Shockwave"],"relics":["Burning Blood","NeowsBlessing","Letter Opener","Blood Vial","Blue Candle","Lizard Tail","Nilry\u0027s Codex","Bronze Scales","Runic Dome"],"potions_floor_usage":[6,8,8,16,25,28,29,33,36],"damage_taken":[{"damage":0,"enemies":"Jaw Worm","floor":1,"turns":1},{"damage":0,"enemies":"Cultist","floor":4,"turns":1},{"damage":0,"enemies":"2 Louse","floor":5,"turns":1},{"damage":34,"enemies":"Gremlin Nob","floor":6,"turns":5},{"damage":38,"enemies":"Lagavulin","floor":8,"turns":9},{"damage":27,"enemies":"Gremlin Gang","floor":11,"turns":6},{"damage":11,"enemies":"Large Slime","floor":13,"turns":4},{"damage":28,"enemies":"Slime Boss","floor":16,"turns":11},{"damage":43,"enemies":"2 Thieves","floor":18,"turns":5},{"damage":17,"enemies":"Shell Parasite","floor":20,"turns":11},{"damage":24,"enemies":"Chosen and Byrds","floor":25,"turns":6},{"damage":12,"enemies":"Centurion and Healer","floor":27,"turns":8},{"damage":0,"enemies":"Slavers","floor":28,"turns":1},{"damage":19,"enemies":"Shelled Parasite and Fungi","floor":29,"turns":7},{"damage":25,"enemies":"Snecko","floor":31,"turns":6},{"damage":51,"enemies":"Champ","floor":33,"turns":18},{"damage":52,"enemies":"3 Darklings","floor":35,"turns":6},{"damage":34,"enemies":"3 Shapes","floor":36,"turns":5}],"seed_played":"4371364683616008225","potions_obtained":[{"floor":2,"key":"Weak Potion"},{"floor":2,"key":"EssenceOfSteel"},{"floor":6,"key":"PowerPotion"},{"floor":8,"key":"Poison Potion"},{"floor":18,"key":"LiquidBronze"},{"floor":24,"key":"SmokeBomb"},{"floor":27,"key":"Block Potion"},{"floor":31,"key":"Ancient Potion"},{"floor":33,"key":"Fire Potion"}],"is_trial":false,"path_per_floor":["M","?","$","M","M","E","R","E","T","R","M","$","M","$","R","B",null,"M","?","M","$","?","R","?","M","T","M","E","M","R","M","R","B",null,"M","M"],"character_chosen":"IRONCLAD","items_purchased":["Intimidate","Feel No Pain"],"campfire_rested":5,"item_purchase_floors":[14,21],"current_hp_per_floor":[78,78,78,80,80,52,76,44,44,44,25,25,22,22,46,26,67,32,32,23,23,7,31,31,15,15,11,19,8,32,15,39,40,70,26,0],"gold":283,"neow_bonus":"THREE_ENEMY_KILL","is_prod":false,"is_daily":false,"chose_seed":false,"campfire_upgraded":1,"win_rate":0,"timestamp":1550220296,"path_taken":["M","?","$","M","?","E","R","E","T","R","M","$","M","?","R","BOSS","M","?","?","$","?","R","?","M","T","M","E","M","R","M","R","BOSS","M","M"],"build_version":"2019-01-23","purchased_purges":2,"victory":false,"max_hp_per_floor":[80,80,80,80,80,80,80,80,80,80,80,80,80,80,80,80,80,80,80,80,80,80,80,80,80,80,80,80,80,80,80,80,80,80,80,80],"card_choices":[{"not_picked":["Clash","Hemokinesis"],"picked":"Armaments","floor":1},{"not_picked":["Havoc","Power Through"],"picked":"Battle Trance","floor":4},{"not_picked":["True Grit","Second Wind"],"picked":"Clothesline","floor":5},{"not_picked":["Body Slam","Pommel Strike"],"picked":"Metallicize","floor":6},{"not_picked":["Rupture","Body Slam"],"picked":"Offering","floor":8},{"not_picked":["Heavy Blade","Sword Boomerang"],"picked":"Dropkick","floor":11},{"not_picked":["Warcry","Perfected Strike"],"picked":"Seeing Red","floor":13},{"not_picked":["Feed","Berserk"],"picked":"Dark Embrace","floor":16},{"not_picked":["Armaments","Second Wind"],"picked":"Pommel Strike","floor":18},{"not_picked":["Second Wind","Rupture+1"],"picked":"Uppercut+1","floor":20},{"not_picked":["Clothesline","Warcry","Body Slam"],"picked":"SKIP","floor":25},{"not_picked":["Cleave","Twin Strike+1","Thunderclap"],"picked":"SKIP","floor":27},{"not_picked":["Heavy Blade","Anger"],"picked":"Double Tap","floor":29},{"not_picked":["Heavy Blade","True Grit+1"],"picked":"Shrug It Off+1","floor":31},{"not_picked":["Limit Break","Brutality"],"picked":"Exhume","floor":33},{"not_picked":["Pummel+1","Infernal Blade+1"],"picked":"Shockwave","floor":35}],"player_experience":327791,"relics_obtained":[{"floor":6,"key":"Letter Opener"},{"floor":8,"key":"Blood Vial"},{"floor":9,"key":"Blue Candle"},{"floor":22,"key":"Nilry\u0027s Codex"},{"floor":26,"key":"Bronze Scales"}],"event_choices":[{"damage_healed":0,"gold_gain":0,"player_choice":"Got Potions","damage_taken":0,"max_hp_gain":0,"max_hp_loss":0,"event_name":"Lab","floor":2,"gold_loss":0},{"damage_healed":0,"gold_gain":0,"player_choice":"Copied","damage_taken":0,"max_hp_gain":0,"max_hp_loss":0,"event_name":"Duplicator","floor":19,"gold_loss":0,"cards_obtained":["Metallicize"]},{"damage_healed":0,"gold_gain":0,"player_choice":"Obtained Book","damage_taken":16,"max_hp_gain":0,"max_hp_loss":0,"event_name":"Cursed Tome","floor":22,"gold_loss":0},{"damage_healed":0,"gold_gain":0,"player_choice":"Bought 1 Potion","damage_taken":0,"max_hp_gain":0,"max_hp_loss":0,"event_name":"The Woman in Blue","floor":24,"gold_loss":0}],"is_beta":false,"boss_relics":[{"not_picked":["Black Blood","Pandora\u0027s Box"],"picked":"Lizard Tail"},{"not_picked":["Eternal Feather","Black Star"],"picked":"Runic Dome"}],"items_purged_floors":[3,12],"is_endless":false,"potions_floor_spawned":[5,6,8,18,27,31,33],"killed_by":"3 Shapes","ascension_level":11}