{"gold_per_floor":[117,45,55,71,71,71,104,104,127,153,169,197,197,197,197,301,301,315,315,33,45,45,45,61,61,61,61,72,72,72,23,23,23],"floor_reached":33,"playtime":1454,"items_purged":[],"score":300,"play_id":"868545ae-23fa-4d8a-acf4-9703ed457c25","local_time":"20180914215245","is_ascension_mode":true,"campfire_choices":[{"data":"Bane","floor":6,"key":"SMITH"},{"floor":8,"key":"REST"},{"floor":13,"key":"REST"},{"data":"Noxious Fumes","floor":15,"key":"SMITH"},{"data":"Survivor","floor":23,"key":"SMITH"},{"data":"Slice","floor":25,"key":"SMITH"},{"floor":32,"key":"REST"}],"neow_cost":"TEN_PERCENT_HP_LOSS","seed_source_timestamp":99896948911450,"circlet_count":0,"master_deck":["Defend_G","Defend_G","Defend_G","Defend_G","Strike_G","Strike_G","Strike_G","Strike_G","Survivor+1","Neutralize","Slice+1","Noxious Fumes+1","Terror+1","Bane+1","Predator+1","Die Die Die","Footwork+1","Caltrops+1","Noxious Fumes+1","Leg Sweep+1","Slice"],"special_seed":0,"relics":["Bag of Preparation","Boot","Pen Nib","Toxic Egg 2","Matryoshka","Nloth\u0027s Gift","Frozen Egg 2","Omamori","Shuriken"],"potions_floor_usage":[12,21,33,33],"damage_taken":[{"damage":0,"enemies":"Cultist","floor":1,"turns":5},{"damage":2,"enemies":"2 Louse","floor":3,"turns":3},{"damage":0,"enemies":"Jaw Worm","floor":4,"turns":3},{"damage":40,"enemies":"Lagavulin","floor":7,"turns":8},{"damage":9,"enemies":"3 Sentries","floor":10,"turns":7},{"damage":6,"enemies":"Exordium Wildlife","floor":11,"turns":2},{"damage":17,"enemies":"Lagavulin","floor":12,"turns":4},{"damage":17,"enemies":"Slime Boss","floor":16,"turns":7},{"damage":11,"enemies":"Spheric Guardian","floor":18,"turns":3},{"damage":0,"enemies":"Chosen","floor":21,"turns":3},{"damage":11,"enemies":"Centurion and Healer","floor":24,"turns":7},{"damage":20,"enemies":"Snake Plant","floor":28,"turns":3},{"damage":44,"enemies":"Automaton","floor":33,"turns":8}],"seed_played":"7009503300142958192","potions_obtained":[{"floor":1,"key":"Energy Potion"},{"floor":7,"key":"Strength Potion"},{"floor":21,"key":"GhostInAJar"},{"floor":24,"key":"AttackPotion"}],"is_trial":false,"path_per_floor":["M","$","M","M","?","R","E","R","T","E","M","E","R","T","R","B",null,"M","?","$","M","?","R","M","R","T","$","M","$","?","$","R"],"character_chosen":"THE_SILENT","items_purchased":["Noxious Fumes","Frozen Egg 2","Caltrops+1","Slice"],"campfire_rested":3,"item_purchase_floors":[2,20,20,31],"current_hp_per_floor":[63,63,61,61,61,61,21,39,39,30,24,7,25,25,25,8,63,52,52,52,52,52,52,41,41,41,41,21,21,21,21,39,0],"gold":23,"neow_bonus":"REMOVE_TWO","is_prod":false,"is_daily":false,"chose_seed":false,"campfire_upgraded":4,"win_rate":0,"timestamp":1536927765,"path_taken":["M","$","M","?","?","R","E","R","T","E","M","E","R","?","R","BOSS","M","?","$","?","?","R","M","R","T","?","?","$","?","$","R","BOSS"],"build_version":"2018-09-06","purchased_purges":0,"victory":false,"max_hp_per_floor":[63,63,63,63,63,63,63,63,63,63,63,63,63,63,63,63,63,63,63,63,63,63,63,63,63,63,63,63,63,63,63,63,63],"card_choices":[{"not_picked":["Deflect","Calculated Gamble"],"picked":"Slice","floor":1},{"not_picked":["Cloak And Dagger","Acrobatics"],"picked":"Terror","floor":3},{"not_picked":["Calculated Gamble","Acrobatics"],"picked":"Bane","floor":4},{"not_picked":["Poisoned Stab","Dagger Throw","Outmaneuver"],"picked":"SKIP","floor":7},{"not_picked":["Dagger Spray","Glass Knife"],"picked":"Predator","floor":10},{"not_picked":["Acrobatics","Masterful Stab","Dodge and Roll"],"picked":"SKIP","floor":11},{"not_picked":["Blade Dance","Poisoned Stab","Flechettes"],"picked":"SKIP","floor":12},{"not_picked":["Bullet Time+1","Glass Knife"],"picked":"Die Die Die","floor":16},{"not_picked":["Outmaneuver+1","Bane"],"picked":"Footwork+1","floor":18},{"not_picked":["Poisoned Stab","Terror+1","Flying Knee"],"picked":"SKIP","floor":21},{"not_picked":["Backflip+1","Predator"],"picked":"Noxious Fumes+1","floor":24},{"not_picked":["Dagger Throw","Quick Slash+1"],"picked":"Leg Sweep+1","floor":28}],"player_experience":179630,"relics_obtained":[{"floor":7,"key":"Bag of Preparation"},{"floor":9,"key":"Boot"},{"floor":10,"key":"Pen Nib"},{"floor":12,"key":"Toxic Egg 2"},{"floor":14,"key":"Matryoshka"},{"floor":26,"key":"Omamori"},{"floor":26,"key":"Shuriken"}],"event_choices":[{"event_name":"Upgrade Shrine","player_choice":"Upgraded","floor":5,"damage_taken":0},{"event_name":"N\u0027loth","player_choice":"Traded a Ring of the Serpent","floor":19,"damage_taken":0},{"event_name":"Accursed Blacksmith","player_choice":"Forge","floor":22,"damage_taken":0},{"event_name":"Beggar","player_choice":"Ignored","floor":30,"damage_taken":0}],"is_beta":false,"boss_relics":[{"not_picked":["Runic Pyramid","Philosopher\u0027s Stone"],"picked":"Ring of the Serpent"}],"items_purged_floors":[],"is_endless":false,"potions_floor_spawned":[1,7,21,24],"killed_by":"Automaton","ascension_level":3}