{"gold_per_floor":[110,123,133,133,133,162,162,237,237,249,249,282,282,300,300,300],"floor_reached":16,"playtime":862,"items_purged":[],"score":110,"play_id":"eebda87d-9434-4f55-8517-24bc82f7a01b","local_time":"20181115235406","is_ascension_mode":false,"campfire_choices":[{"floor":7.0,"key":"REST"},{"floor":11.0,"key":"REST"},{"data":"Bullet Time","floor":15.0,"key":"SMITH"}],"neow_cost":"NONE","seed_source_timestamp":981870010079200,"circlet_count":0,"master_deck":["Defend_G","Defend_G","Defend_G","Defend_G+1","Defend_G","Strike_G","Strike_G+1","Strike_G","Strike_G","Survivor+1","Neutralize+1","Prepared+1","Backflip+1","Quick Slash","Bullet Time+1","Dagger Spray","Sucker Punch"],"special_seed":0,"relics":["Black Star","Singing Bowl","Omamori","Whetstone","Meat on the Bone","Snake Skull","War Paint"],"potions_floor_usage":[16,16],"damage_taken":[{"damage":2.0,"enemies":"Cultist","floor":1.0,"turns":4.0},{"damage":0.0,"enemies":"2 Louse","floor":2.0,"turns":2.0},{"damage":0.0,"enemies":"Small Slimes","floor":3.0,"turns":5.0},{"damage":30.0,"enemies":"Gremlin Nob","floor":6.0,"turns":5.0},{"damage":5.0,"enemies":"2 Fungi Beasts","floor":10.0,"turns":4.0},{"damage":9.0,"enemies":"3 Sentries","floor":12.0,"turns":7.0},{"damage":8.0,"enemies":"Lots of Slimes","floor":14.0,"turns":4.0},{"damage":51,"enemies":"Hexaghost","floor":16,"turns":14}],"seed_played":"6034692330343697714","potions_obtained":[{"floor":2.0,"key":"Block Potion"},{"floor":3.0,"key":"SpeedPotion"},{"floor":10.0,"key":"SpeedPotion"}],"is_trial":false,"path_per_floor":["M","M","M","T","?","E","R","?","T","M","R","E","?","M","R","B"],"character_chosen":"THE_SILENT","items_purchased":[],"campfire_rested":2,"item_purchase_floors":[],"current_hp_per_floor":[68,68,68,68,54,24,45,34,34,41,62,53,53,47,47,0],"gold":300,"neow_bonus":"BOSS_RELIC","is_prod":false,"is_daily":false,"chose_seed":false,"campfire_upgraded":1,"win_rate":0,"timestamp":1542354846,"path_taken":["M","M","M","?","?","E","R","?","T","M","R","E","?","?","R","BOSS"],"build_version":"2018-11-15","purchased_purges":0,"victory":false,"max_hp_per_floor":[70,70,70,70,70,70,70,70,70,70,70,70,70,72,72,72],"card_choices":[{"not_picked":["Flechettes","Concentrate"],"picked":"Prepared","floor":1.0},{"not_picked":["Bane","Choke"],"picked":"Backflip","floor":2.0},{"not_picked":["Underhanded Strike","Eviscerate"],"picked":"Quick Slash","floor":3.0},{"not_picked":["Prepared","Crippling Poison"],"picked":"Bullet Time","floor":6.0},{"not_picked":["Expertise","Endless Agony"],"picked":"Dagger Spray","floor":10.0},{"not_picked":["Calculated Gamble","Quick Slash"],"picked":"Sucker Punch","floor":12.0},{"not_picked":["Dagger Throw","Dagger Spray","Riddle With Holes"],"picked":"Singing Bowl","floor":14.0}],"player_experience":642339,"relics_obtained":[{"floor":4.0,"key":"Singing Bowl"},{"floor":6.0,"key":"Omamori"},{"floor":6.0,"key":"Whetstone"},{"floor":9.0,"key":"Meat on the Bone"},{"floor":12.0,"key":"Snake Skull"},{"floor":12.0,"key":"War Paint"}],"event_choices":[{"damage_healed":0.0,"max_hp_gain":0.0,"max_hp_loss":0.0,"gold_gain":0.0,"event_name":"Shining Light","player_choice":"Entered Light","floor":5.0,"gold_loss":0.0,"damage_taken":14.0,"cards_upgraded":["Survivor","Prepared"]},{"damage_healed":0.0,"max_hp_gain":0.0,"max_hp_loss":0.0,"gold_gain":75.0,"event_name":"World of Goop","player_choice":"Gather Gold","floor":8.0,"gold_loss":0.0,"damage_taken":11.0},{"cards_removed":["Strike_G"],"damage_healed":0.0,"max_hp_gain":0.0,"max_hp_loss":0.0,"gold_gain":0.0,"event_name":"Bonfire Elementals","player_choice":"Offered Basic","floor":13.0,"gold_loss":0.0,"damage_taken":0.0}],"is_beta":false,"boss_relics":[],"items_purged_floors":[],"is_endless":false,"potions_floor_spawned":[2,3,10],"killed_by":"Hexaghost","ascension_level":0}