{"gold_per_floor":[118,132,132,207,207,207,239,239,239,239,239,267,13,13,13,87,87,105,122,122,141,168,180,180,192,245,245,262,262,262,24,24,101,101,115,132,82,82,95,95,95],"floor_reached":41,"playtime":1182,"items_purged":["Pain","Defend_B"],"score":783,"play_id":"ac5576f3-4b42-40bd-94c3-e44c6100388a","local_time":"20181001054942","is_ascension_mode":true,"campfire_choices":[{"data":"Zap","floor":6,"key":"SMITH"},{"data":"FTL","floor":8,"key":"SMITH"},{"data":"Reinforced Body","floor":10,"key":"SMITH"},{"data":"FTL","floor":15,"key":"SMITH"},{"floor":24,"key":"REST"},{"data":"Biased Cognition","floor":27,"key":"SMITH"},{"floor":32,"key":"REST"},{"floor":40,"key":"REST"}],"neow_cost":"NONE","seed_source_timestamp":465215049019097,"circlet_count":0,"master_deck":["Strike_B","Strike_B","Strike_B","Strike_B","Defend_B","Defend_B","Defend_B","Zap+1","Dualcast","AscendersBane","FTL+1","Reinforced Body+1","FTL+1","Biased Cognition+1","Cold Snap","Cold Snap","Sunder+1","Cold Snap","Go for the Eyes+1","Ball Lightning","Reboot","Scrape","Consume+1","PanicButton"],"relics":["Cracked Core","NeowsBlessing","Dead Branch","WarpedTongs","Kunai","Sundial","Bottled Flame","Omamori","Sozu","Red Mask","Smiling Mask","Pantograph","Runic Capacitor","Nuclear Battery"],"potions_floor_usage":[12,16,16,22],"damage_taken":[{"damage":0,"enemies":"Small Slimes","floor":1,"turns":1},{"damage":0,"enemies":"Jaw Worm","floor":2,"turns":1},{"damage":0,"enemies":"3 Sentries","floor":7,"turns":1},{"damage":7,"enemies":"3 Sentries","floor":12,"turns":3},{"damage":17,"enemies":"Hexaghost","floor":16,"turns":9},{"damage":21,"enemies":"3 Byrds","floor":18,"turns":3},{"damage":7,"enemies":"Shell Parasite","floor":19,"turns":5},{"damage":6,"enemies":"Centurion and Healer","floor":21,"turns":9},{"damage":4,"enemies":"Masked Bandits","floor":22,"turns":3},{"damage":13,"enemies":"Snake Plant","floor":23,"turns":5},{"damage":0,"enemies":"Cultist and Chosen","floor":25,"turns":5},{"damage":16,"enemies":"Sentry and Sphere","floor":28,"turns":6},{"damage":61,"enemies":"Automaton","floor":33,"turns":10},{"damage":6,"enemies":"Orb Walker","floor":35,"turns":2},{"damage":21,"enemies":"3 Darklings","floor":36,"turns":6},{"damage":18,"enemies":"Reptomancer","floor":39,"turns":9},{"damage":58,"enemies":"Nemesis","floor":41,"turns":7}],"seed_played":"7256413900791479049","potions_obtained":[{"floor":7,"key":"Fire Potion"},{"floor":12,"key":"LiquidBronze"},{"floor":12,"key":"Regen Potion"},{"floor":16,"key":"Strength Potion"}],"is_trial":false,"path_per_floor":["M","M","?","?","?","R","E","R","T","R","?","?","$","?","R","B",null,"M","M","?","M","?","M","R","M","T","R","M","T","?","$","R","B",null,"M","M","$","?","M","R"],"character_chosen":"DEFECT","items_purchased":["Omamori","Runic Capacitor"],"campfire_rested":3,"item_purchase_floors":[13,31],"current_hp_per_floor":[64,64,29,18,18,18,18,18,18,18,23,16,16,16,16,14,61,40,33,33,27,23,10,32,32,32,32,16,16,31,31,53,15,61,55,34,34,34,16,38,0],"gold":95,"neow_bonus":"THREE_ENEMY_KILL","is_prod":false,"is_daily":false,"chose_seed":false,"campfire_upgraded":5,"win_rate":0,"timestamp":1538340582,"path_taken":["M","M","?","?","?","R","E","R","T","R","?","?","$","?","R","BOSS","M","M","?","M","?","?","R","M","T","R","M","?","?","?","R","BOSS","M","M","$","?","M","R","E"],"build_version":"2018-09-27","purchased_purges":2,"victory":false,"max_hp_per_floor":[71,71,71,71,71,71,71,71,71,71,76,76,76,76,76,76,76,76,76,76,76,76,76,76,76,76,76,76,76,76,76,76,76,76,76,76,76,76,76,76,76],"card_choices":[{"not_picked":["Coolheaded","Hello World","Turbo"],"picked":"SKIP","floor":1},{"not_picked":["Hologram","Undo"],"picked":"FTL","floor":2},{"not_picked":["Fission","Hologram"],"picked":"Reinforced Body","floor":7},{"not_picked":["Streamline","Auto Shields"],"picked":"FTL","floor":12},{"not_picked":["Meteor Strike","Reboot"],"picked":"Biased Cognition","floor":16},{"not_picked":["Go for the Eyes","Compile Driver"],"picked":"Cold Snap","floor":18},{"not_picked":["Steam","Barrage"],"picked":"Cold Snap","floor":19},{"not_picked":["Auto Shields","Cold Snap"],"picked":"Sunder+1","floor":21},{"not_picked":["Leap","Streamline"],"picked":"Cold Snap","floor":22},{"not_picked":["Fusion","Barrage","Lockon+1"],"picked":"SKIP","floor":23},{"not_picked":["Fusion","Darkness+1"],"picked":"Go for the Eyes+1","floor":25},{"not_picked":["Reprogram","Gash"],"picked":"Ball Lightning","floor":28},{"not_picked":["Hyperbeam","Meteor Strike"],"picked":"Reboot","floor":33},{"not_picked":["Hologram","Undo"],"picked":"Scrape","floor":35},{"not_picked":["Gash+1","Turbo"],"picked":"Consume+1","floor":36},{"not_picked":["Metamorphosis","Madness"],"picked":"PanicButton","floor":38},{"not_picked":["Static Discharge","Force Field","Hologram"],"picked":"SKIP","floor":39}],"player_experience":726001,"relics_obtained":[{"floor":7,"key":"Kunai"},{"floor":9,"key":"Sundial"},{"floor":12,"key":"Bottled Flame"},{"floor":22,"key":"Red Mask"},{"floor":26,"key":"Smiling Mask"},{"floor":29,"key":"Pantograph"}],"event_choices":[{"event_name":"Scrap Ooze","player_choice":"success","floor":3,"damage_taken":35},{"event_name":"World of Goop","player_choice":"Gather Gold","floor":4,"damage_taken":0},{"event_name":"Accursed Blacksmith","player_choice":"Rummage","floor":5,"damage_taken":0},{"event_name":"Big Fish","player_choice":"Donut","floor":11,"damage_taken":0},{"event_name":"Dead Adventurer","player_choice":"Searched \u00272\u0027 times","floor":12,"damage_taken":0},{"event_name":"The Cleric","player_choice":"Leave","floor":14,"damage_taken":0},{"event_name":"Vampires","player_choice":"Ignored","floor":20,"damage_taken":0},{"event_name":"Masked Bandits","player_choice":"Fought Bandits","floor":22,"damage_taken":0},{"event_name":"The Library","player_choice":"Heal","floor":30,"damage_taken":0},{"event_name":"SensoryStone","player_choice":"Memory 1","floor":38,"damage_taken":0}],"is_beta":false,"boss_relics":[{"not_picked":["Lizard Tail","Black Star"],"picked":"Sozu"},{"not_picked":["Velvet Choker","Philosopher\u0027s Stone"],"picked":"Nuclear Battery"}],"items_purged_floors":[13,37],"is_endless":false,"potions_floor_spawned":[7,12,12,16,18,21,22,28,36],"killed_by":"Nemesis","ascension_level":18}