{"gold_per_floor":[117,20,39,54,54,84,84,54,77,77,110,110,128,148,148,251,251,268,43,65,2,29,41,68,106,143,155,178,204,216,242,254,266],"floor_reached":33,"playtime":2851,"items_purged":["Defend_R"],"score":329,"play_id":"5735bfa3-00b9-4a1f-9818-3b0f2d8ddb6b","local_time":"20181014060354","is_ascension_mode":false,"campfire_choices":[{"data":"Perfected Strike","floor":7,"key":"SMITH"},{"data":"Bash","floor":10,"key":"SMITH"},{"data":"True Grit","floor":12,"key":"SMITH"},{"data":"Shrug It Off","floor":15,"key":"SMITH"},{"data":"Perfected Strike","floor":23,"key":"SMITH"},{"data":"Perfected Strike","floor":27,"key":"SMITH"},{"data":"Shrug It Off","floor":30,"key":"SMITH"},{"floor":32,"key":"REST"}],"neow_cost":"","seed_source_timestamp":22016363899045,"circlet_count":0,"master_deck":["Strike_R","Strike_R","Strike_R","Strike_R","Strike_R","Defend_R","Defend_R","Bash+1","Pommel Strike","Perfected Strike+1","Shrug It Off+1","Shrug It Off+1","Wild Strike","True Grit+1","Perfected Strike+1","Shrug It Off+1","Cleave","Perfected Strike+1"],"relics":["Black Blood","Vajra","Pantograph","Pen Nib","Ancient Tea Set","MawBank","Bottled Lightning","Bag of Preparation"],"potions_floor_usage":[11,16,18,20,25,25,33,33],"damage_taken":[{"damage":0,"enemies":"2 Louse","floor":1,"turns":3},{"damage":0,"enemies":"Cultist","floor":3,"turns":3},{"damage":0,"enemies":"Small Slimes","floor":4,"turns":2},{"damage":14,"enemies":"Gremlin Nob","floor":6,"turns":3},{"damage":16,"enemies":"Lagavulin","floor":11,"turns":5},{"damage":0,"enemies":"Gremlin Gang","floor":13,"turns":3},{"damage":0,"enemies":"Blue Slaver","floor":14,"turns":2},{"damage":0,"enemies":"Slime Boss","floor":16,"turns":5},{"damage":23,"enemies":"3 Byrds","floor":18,"turns":7},{"damage":1,"enemies":"Shell Parasite","floor":20,"turns":3},{"damage":25,"enemies":"Snecko","floor":22,"turns":6},{"damage":3,"enemies":"Centurion and Healer","floor":24,"turns":8},{"damage":40,"enemies":"Slavers","floor":25,"turns":5},{"damage":0,"enemies":"Snake Plant","floor":28,"turns":1},{"damage":35,"enemies":"Shelled Parasite and Fungi","floor":29,"turns":7},{"damage":0,"enemies":"Centurion and Healer","floor":31,"turns":2},{"damage":108,"enemies":"Collector","floor":33,"turns":10}],"seed_played":"8904015630154643393","potions_obtained":[{"floor":3,"key":"Regen Potion"},{"floor":8,"key":"Block Potion"},{"floor":8,"key":"SkillPotion"},{"floor":11,"key":"Weak Potion"},{"floor":13,"key":"SpeedPotion"},{"floor":14,"key":"PowerPotion"},{"floor":16,"key":"Regen Potion"},{"floor":22,"key":"Poison Potion"},{"floor":28,"key":"BloodPotion"},{"floor":29,"key":"Weak Potion"}],"is_trial":false,"path_per_floor":["M","$","M","M","?","E","R","?","T","R","E","R","M","M","R","B",null,"M","$","M","?","M","R","M","E","T","R","M","M","R","M","R"],"character_chosen":"IRONCLAD","items_purchased":["Perfected Strike","Shrug It Off","MawBank"],"campfire_rested":1,"item_purchase_floors":[2,2,19],"current_hp_per_floor":[80,80,80,80,80,72,72,72,72,72,62,62,68,74,74,80,80,79,79,80,80,65,65,72,56,56,56,66,41,41,51,75,0],"gold":266,"neow_bonus":"","is_prod":false,"is_daily":false,"chose_seed":false,"campfire_upgraded":7,"win_rate":0,"timestamp":1539486234,"path_taken":["M","$","M","M","?","E","R","?","T","R","E","R","?","M","R","BOSS","M","$","M","?","M","R","M","E","T","R","M","M","R","M","R","BOSS"],"build_version":"2018-10-11","purchased_purges":1,"victory":false,"max_hp_per_floor":[80,80,80,80,80,80,80,80,80,80,80,80,80,80,80,80,80,80,80,80,80,80,80,80,80,80,80,80,80,80,80,80,80],"card_choices":[{"not_picked":["Thunderclap","Fire Breathing"],"picked":"Pommel Strike","floor":1},{"not_picked":["Searing Blow","Power Through"],"picked":"Shrug It Off","floor":3},{"not_picked":["Burning Pact","Uppercut"],"picked":"Wild Strike","floor":4},{"not_picked":["Rupture","Immolate","Heavy Blade"],"picked":"SKIP","floor":6},{"not_picked":["Second Wind","Carnage"],"picked":"True Grit","floor":11},{"not_picked":["Armaments","Iron Wave","Reaper"],"picked":"SKIP","floor":13},{"not_picked":["Heavy Blade","Dropkick","Intimidate"],"picked":"SKIP","floor":14},{"not_picked":["Pommel Strike+1","Heavy Blade"],"picked":"Perfected Strike","floor":18},{"not_picked":["Anger","Sword Boomerang+1"],"picked":"Shrug It Off+1","floor":20},{"not_picked":["Pummel","Heavy Blade"],"picked":"Cleave","floor":22},{"not_picked":["Pommel Strike","Impervious"],"picked":"Perfected Strike","floor":24},{"not_picked":["Rampage","Pummel","Entrench"],"picked":"SKIP","floor":25},{"not_picked":["Disarm+1","Iron Wave+1","Thunderclap+1"],"picked":"SKIP","floor":28},{"not_picked":["Whirlwind","Dropkick","Clothesline"],"picked":"SKIP","floor":29},{"not_picked":["Metallicize","Combust","Iron Wave"],"picked":"SKIP","floor":31}],"player_experience":778634,"relics_obtained":[{"floor":5,"key":"Vajra"},{"floor":6,"key":"Pantograph"},{"floor":9,"key":"Pen Nib"},{"floor":11,"key":"Ancient Tea Set"},{"floor":25,"key":"Bottled Lightning"},{"floor":26,"key":"Bag of Preparation"}],"event_choices":[{"event_name":"Wheel of Change","player_choice":"Relic","floor":5,"damage_taken":0},{"event_name":"The Woman in Blue","player_choice":"Bought 2 Potions","floor":8,"damage_taken":0},{"event_name":"Beggar","player_choice":"Gave Gold","floor":21,"damage_taken":0}],"is_beta":false,"boss_relics":[{"not_picked":["Orrery","White Beast Statue"],"picked":"Black Blood"}],"items_purged_floors":[19],"is_endless":false,"potions_floor_spawned":[3,11,13,14,16,22,28,29],"killed_by":"Collector","ascension_level":0}