{"gold_per_floor":[117,117,129,129,142,142,92,92,146,161,161,192,117,84,84,203,203,219,219],"floor_reached":19,"playtime":641,"items_purged":["Strike_B"],"score":237,"play_id":"7990caec-39d6-487b-b543-9965414ce718","local_time":"20180902133426","is_ascension_mode":true,"campfire_choices":[{"data":"Hyperbeam","floor":6,"key":"SMITH"},{"data":"Beam Cell","floor":8,"key":"SMITH"},{"data":"Echo Form","floor":11,"key":"SMITH"},{"data":"Gash","floor":15,"key":"SMITH"}],"neow_cost":"TEN_PERCENT_HP_LOSS","seed_source_timestamp":453864031954554,"circlet_count":0,"master_deck":["Strike_B","Strike_B","Defend_B","Defend_B","Defend_B","Dualcast","Glacier","Hyperbeam+1","Beam Cell+1","FTL+1","FTL+1","Echo Form+1","Gash+1","Seek","Beam Cell+1"],"relics":["Cracked Core","Dream Catcher","Golden Idol","Whetstone","Meat on the Bone","Black Star"],"potions_floor_usage":[],"damage_taken":[{"damage":0,"enemies":"Small Slimes","floor":1,"turns":2},{"damage":0,"enemies":"2 Louse","floor":3,"turns":1},{"damage":0,"enemies":"Cultist","floor":5,"turns":1},{"damage":0,"enemies":"Large Slime","floor":10,"turns":2},{"damage":9,"enemies":"3 Sentries","floor":12,"turns":2},{"damage":0,"enemies":"Slime Boss","floor":16,"turns":3},{"damage":23,"enemies":"Shell Parasite","floor":18,"turns":3},{"damage":29,"enemies":"Colosseum Slavers","floor":19,"turns":3},{"damage":24,"enemies":"Colosseum Nobs","floor":19,"turns":2}],"seed_played":"-184898712959114458","potions_obtained":[{"floor":12,"key":"Weak Potion"},{"floor":18,"key":"Block Potion"}],"is_trial":false,"path_per_floor":["M","?","M","?","M","R","?","R","T","M","R","E","$","?","R","B",null,"M"],"character_chosen":"DEFECT","items_purchased":[],"campfire_rested":0,"item_purchase_floors":[],"current_hp_per_floor":[68,50,50,50,50,50,50,50,50,50,50,41,41,41,41,41,63,40,0],"gold":219,"neow_bonus":"TRANSFORM_TWO_CARDS","is_prod":false,"is_daily":false,"chose_seed":false,"campfire_upgraded":4,"win_rate":0,"timestamp":1535861066,"path_taken":["M","?","M","?","?","R","?","R","T","M","R","E","?","?","R","BOSS","M","?"],"build_version":"2018-08-30","purchased_purges":1,"victory":false,"max_hp_per_floor":[68,68,68,63,63,63,63,63,63,63,63,63,63,63,63,63,63,63,63],"card_choices":[{"not_picked":["Hologram","Chaos"],"picked":"Beam Cell","floor":1},{"not_picked":["Force Field","Ball Lightning"],"picked":"FTL","floor":3},{"not_picked":["Darkness","Steam"],"picked":"FTL","floor":5},{"not_picked":["Gash","Sweeping Beam"],"picked":"Echo Form","floor":10},{"not_picked":["Reboot","Fusion"],"picked":"Gash","floor":12},{"not_picked":["Multi-Cast","Core Surge"],"picked":"Seek","floor":16},{"not_picked":["Barrage","Compile Driver"],"picked":"Beam Cell+1","floor":18}],"player_experience":108444,"relics_obtained":[{"floor":9,"key":"Whetstone"},{"floor":12,"key":"Meat on the Bone"}],"event_choices":[{"event_name":"Scrap Ooze","player_choice":"success","floor":2,"damage_taken":18},{"event_name":"Golden Idol","player_choice":"Lose Max HP","floor":4,"damage_taken":0},{"event_name":"The Cleric","player_choice":"Card Removal","floor":7,"damage_taken":0},{"event_name":"World of Goop","player_choice":"Left","floor":14,"damage_taken":0},{"event_name":"Colosseum","player_choice":"Fight","floor":19,"damage_taken":0},{"event_name":"Colosseum","player_choice":"Fought Nobs","floor":19,"damage_taken":0}],"is_beta":false,"boss_relics":[{"not_picked":["Nuclear Battery","Busted Crown"],"picked":"Black Star"}],"items_purged_floors":[13],"is_endless":false,"potions_floor_spawned":[12,18],"killed_by":"Colosseum Nobs","ascension_level":2}