{"gold_per_floor":[117,117,136,286,41,70,70,104,131,131,162,162,195,0,0,74,74,84,99,24,34,34,34],"floor_reached":23,"playtime":1553,"items_purged":["Doubt"],"score":515,"play_id":"df6caa06-fd08-4edb-aec4-e1dec6b045ea","local_time":"20190216190507","is_ascension_mode":true,"campfire_choices":[{"data":"Whirlwind","floor":7.0,"key":"SMITH"},{"data":"Heavy Blade","floor":10.0,"key":"SMITH"},{"data":"Inflame","floor":12.0,"key":"SMITH"},{"data":"True Grit","floor":15.0,"key":"SMITH"}],"neow_cost":"NONE","seed_source_timestamp":0,"circlet_count":0,"master_deck":["AscendersBane","Defend_R","Defend_R","Defend_R","Defend_R","Bash","Flame Barrier","Heavy Blade+1","Whirlwind+1","Inflame+1","Corruption","Sentinel","Shockwave","True Grit+1","Demon Form","Bite","Bite","Bite","Bite","Bite"],"special_seed":0,"relics":["Burning Blood","NeowsBlessing","Pen Nib","Art of War","Omamori","PreservedInsect","Lantern","Ancient Tea Set","Fusion Hammer"],"potions_floor_usage":[23,23],"damage_taken":[{"damage":0.0,"enemies":"Small Slimes","floor":1.0,"turns":1.0},{"damage":0.0,"enemies":"Cultist","floor":3.0,"turns":1.0},{"damage":0.0,"enemies":"Lagavulin","floor":6.0,"turns":1.0},{"damage":14.0,"enemies":"3 Sentries","floor":8.0,"turns":5.0},{"damage":16.0,"enemies":"Gremlin Nob","floor":11.0,"turns":3.0},{"damage":0.0,"enemies":"Lagavulin","floor":13.0,"turns":4.0},{"damage":15.0,"enemies":"Slime Boss","floor":16.0,"turns":6.0},{"damage":19,"enemies":"2 Thieves","floor":18,"turns":4},{"damage":22,"enemies":"Spheric Guardian","floor":19,"turns":6},{"damage":32,"enemies":"3 Cultists","floor":21,"turns":4},{"damage":25,"enemies":"Slavers","floor":23,"turns":2}],"seed_played":"-2642727348549460538","potions_obtained":[{"floor":1.0,"key":"Fire Potion"},{"floor":2.0,"key":"EssenceOfSteel"},{"floor":8.0,"key":"AttackPotion"},{"floor":16.0,"key":"FearPotion"},{"floor":19,"key":"FearPotion"},{"floor":21,"key":"EssenceOfSteel"}],"is_trial":false,"path_per_floor":["M","?","M","?","$","E","R","E","T","R","E","R","E","$","R","B",null,"M","M","?","M","?","E"],"character_chosen":"IRONCLAD","items_purchased":["Whirlwind","Inflame","Ancient Tea Set","True Grit"],"campfire_rested":0,"item_purchase_floors":[5,5,14,14],"current_hp_per_floor":[74,74,75,75,75,75,75,67,67,67,57,57,63,63,63,54,70,57,41,41,15,15,0],"gold":34,"neow_bonus":"THREE_ENEMY_KILL","is_prod":false,"is_daily":false,"chose_seed":false,"campfire_upgraded":4,"win_rate":0,"timestamp":1550336707,"path_taken":["M","?","?","?","?","E","R","E","T","R","E","R","E","$","R","BOSS","M","M","?","M","?","E"],"build_version":"2019-01-23","purchased_purges":1,"victory":false,"max_hp_per_floor":[75,75,75,75,75,75,75,75,75,75,75,75,75,75,75,75,75,75,75,75,75,52,52],"card_choices":[{"not_picked":["Cleave","Carnage"],"picked":"Flame Barrier","floor":1.0},{"not_picked":["Infernal Blade","Warcry"],"picked":"Heavy Blade","floor":3.0},{"not_picked":["Thunderclap","Pommel Strike"],"picked":"Corruption","floor":6.0},{"not_picked":["Searing Blow","Anger"],"picked":"Sentinel","floor":8.0},{"not_picked":["Second Wind","Perfected Strike","Iron Wave"],"picked":"SKIP","floor":11.0},{"not_picked":["Shrug It Off","Clothesline"],"picked":"Shockwave","floor":13.0},{"not_picked":["Reaper","Fiend Fire"],"picked":"Demon Form","floor":16.0},{"not_picked":["Body Slam","Anger+1","Perfected Strike"],"picked":"SKIP","floor":18},{"not_picked":["True Grit","Clash","Perfected Strike"],"picked":"SKIP","floor":19},{"not_picked":["Wild Strike","Pummel","Iron Wave"],"picked":"SKIP","floor":21}],"player_experience":913476,"relics_obtained":[{"floor":6.0,"key":"Pen Nib"},{"floor":8.0,"key":"Art of War"},{"floor":9.0,"key":"Omamori"},{"floor":11.0,"key":"PreservedInsect"},{"floor":13.0,"key":"Lantern"}],"event_choices":[{"damage_healed":0.0,"max_hp_gain":0.0,"max_hp_loss":0.0,"gold_gain":0.0,"event_name":"Lab","player_choice":"Got Potions","floor":2.0,"gold_loss":0.0,"damage_taken":0.0},{"damage_healed":0.0,"max_hp_gain":0.0,"max_hp_loss":0.0,"gold_gain":150.0,"event_name":"Liars Game","player_choice":"AGREE","floor":4.0,"gold_loss":0.0,"damage_taken":0.0,"cards_obtained":["Doubt"]},{"cards_removed":["Strike_R"],"damage_healed":0,"gold_gain":0,"player_choice":"Gave Gold","damage_taken":0,"max_hp_gain":0,"max_hp_loss":0,"event_name":"Beggar","floor":20,"gold_loss":75},{"damage_healed":0,"gold_gain":0,"player_choice":"Became a vampire","damage_taken":0,"max_hp_gain":0,"max_hp_loss":23,"event_name":"Vampires","floor":22,"gold_loss":0,"cards_obtained":["Bite","Bite","Bite","Bite","Bite"]}],"is_beta":false,"boss_relics":[{"not_picked":["Runic Cube","Astrolabe"],"picked":"Fusion Hammer"}],"items_purged_floors":[5],"is_endless":false,"potions_floor_spawned":[1,3,8,16,19,21],"killed_by":"Slavers","ascension_level":17}