{"gold_per_floor":[117,117,117,392,407,407,1,17,17,17,42,42,42,55,55,55],"floor_reached":16,"playtime":1352,"items_purged":[],"score":100,"play_id":"ecb7aff9-9381-4dd6-a488-f609aef25e2d","local_time":"20180822190439","is_ascension_mode":false,"campfire_choices":[{"data":"Thunderclap","floor":6.0,"key":"SMITH"},{"data":"Metallicize","floor":10.0,"key":"SMITH"},{"data":"Rampage","floor":12.0,"key":"SMITH"},{"data":"Bash","floor":15,"key":"SMITH"}],"neow_cost":"","seed_source_timestamp":0,"circlet_count":0,"master_deck":["Strike_R","Strike_R","Strike_R","Strike_R","Strike_R","Defend_R","Defend_R","Defend_R","Defend_R","Bash+1","Perfected Strike","Regret","Thunderclap+1","Metallicize+1","Dramatic Entrance","Disarm","Rampage+1","Flex"],"special_seed":0,"relics":["Burning Blood","Shuriken","GremlinMask","Letter Opener","Kunai","Pen Nib"],"potions_floor_usage":[],"damage_taken":[{"damage":6.0,"enemies":"Jaw Worm","floor":1.0,"turns":3.0},{"damage":10.0,"enemies":"2 Louse","floor":5.0,"turns":3.0},{"damage":3.0,"enemies":"Cultist","floor":8.0,"turns":4.0},{"damage":33.0,"enemies":"Lagavulin","floor":11.0,"turns":9.0},{"damage":21.0,"enemies":"Lots of Slimes","floor":13.0,"turns":3.0},{"damage":5,"enemies":"Lots of Slimes","floor":14,"turns":2},{"damage":32,"enemies":"The Guardian","floor":16,"turns":4}],"seed_played":"3456331472948720043","potions_obtained":[{"floor":1.0,"key":"Weak Potion"},{"floor":5.0,"key":"LiquidBronze"}],"is_trial":false,"path_per_floor":["M","?","?","?","M","R","$","M","T","R","E","R","$","M","R"],"character_chosen":"IRONCLAD","items_purchased":["Letter Opener","Metallicize","Dramatic Entrance"],"campfire_rested":0,"item_purchase_floors":[7,7,7],"current_hp_per_floor":[80,73,73,73,69,69,69,72,72,72,45,45,30,31,31,0],"gold":55,"neow_bonus":"","is_prod":false,"is_daily":false,"chose_seed":false,"campfire_upgraded":4,"win_rate":0.0,"timestamp":1534930479,"path_taken":["M","?","?","?","M","R","$","M","T","R","E","R","?","M","R","BOSS"],"build_version":"2018-08-16","purchased_purges":0,"victory":false,"max_hp_per_floor":[80,80,80,80,80,80,80,80,80,80,80,80,80,80,80,80],"card_choices":[{"not_picked":["Bloodletting","True Grit"],"picked":"Perfected Strike","floor":1.0},{"not_picked":["Power Through","Second Wind"],"picked":"Thunderclap","floor":5.0},{"not_picked":["Warcry","Anger"],"picked":"Disarm","floor":8.0},{"not_picked":["Searing Blow","Cleave"],"picked":"Rampage","floor":11.0},{"not_picked":["Rupture","Body Slam"],"picked":"Flex","floor":14}],"player_experience":0,"relics_obtained":[{"floor":9.0,"key":"Kunai"},{"floor":11.0,"key":"Pen Nib"}],"event_choices":[{"event_name":"Scrap Ooze","player_choice":"success","floor":2.0,"damage_taken":7.0},{"event_name":"FaceTrader","player_choice":"Trade","floor":3.0,"damage_taken":0.0},{"event_name":"Golden Shrine","player_choice":"Desecrate","floor":4.0,"damage_taken":0.0}],"is_beta":false,"boss_relics":[],"items_purged_floors":[],"is_endless":false,"potions_floor_spawned":[1,5,13],"killed_by":"The Guardian","ascension_level":0}