{"gold_per_floor":[115,5,25,25,41,66,66,80,80,96,112,112,287,303,303,405,405,420,420,430,448,448],"floor_reached":22,"playtime":2374,"items_purged":[],"score":190,"play_id":"c7ba244a-72a6-4ce6-aefb-9e86c0096e14","local_time":"20180624124330","is_ascension_mode":false,"campfire_choices":[{"floor":7,"key":"REST"},{"floor":12,"key":"REST"},{"data":"Rampage","floor":15,"key":"SMITH"}],"neow_cost":"","seed_source_timestamp":738677005970000,"circlet_count":0,"master_deck":["Strike_R","Strike_R","Strike_R","Strike_R","Strike_R","Defend_R","Defend_R","Defend_R","Defend_R","Bash","Twin Strike","Inflame","Rampage","Thunderclap","Normality","Feel No Pain","Rampage+1","Pommel Strike","Armaments","Shrug It Off","Doubt","Iron Wave","Double Tap","Berserk","Fire Breathing+1"],"relics":["Burning Blood","Question Card","Pen Nib","Gremlin Horn","Sozu"],"potions_floor_usage":[16,16,22],"damage_taken":[{"damage":4,"enemies":"2 Louse","floor":1,"turns":3},{"damage":1,"enemies":"Cultist","floor":3,"turns":3},{"damage":3,"enemies":"Small Slimes","floor":5,"turns":3},{"damage":34,"enemies":"3 Sentries","floor":6,"turns":8},{"damage":22,"enemies":"2 Fungi Beasts","floor":8,"turns":4},{"damage":18,"enemies":"Lots of Slimes","floor":10,"turns":3},{"damage":6,"enemies":"Red Slaver","floor":11,"turns":4},{"damage":9,"enemies":"Blue Slaver","floor":14,"turns":3},{"damage":79,"enemies":"The Guardian","floor":16,"turns":13},{"damage":29,"enemies":"Shell Parasite","floor":18,"turns":7},{"damage":38,"enemies":"3 Byrds","floor":20,"turns":7},{"damage":21,"enemies":"Centurion and Healer","floor":21,"turns":8},{"damage":17,"enemies":"Snecko","floor":22,"turns":4}],"seed_played":"-3880191120025387707","potions_obtained":[{"floor":1,"key":"Regen Potion"},{"floor":5,"key":"BloodPotion"},{"floor":14,"key":"Block Potion"},{"floor":16,"key":"Ancient Potion"}],"is_trial":false,"path_per_floor":["M","$","M","?","M","E","R","M","T","M","M","R","?","M","R","B",null,"M","?","M","M"],"character_chosen":"IRONCLAD","items_purchased":["Inflame","Rampage"],"campfire_rested":2,"item_purchase_floors":[2,2],"current_hp_per_floor":[80,80,80,80,80,52,76,60,60,48,48,72,72,69,69,19,80,57,62,30,15,0],"gold":448,"neow_bonus":"","is_prod":false,"is_daily":false,"chose_seed":false,"campfire_upgraded":1,"win_rate":0.0,"timestamp":1529869410,"path_taken":["M","$","M","?","M","E","R","M","T","?","?","R","?","M","R","BOSS","M","?","?","M","M"],"build_version":"2018-06-21v2","purchased_purges":0,"victory":false,"max_hp_per_floor":[80,80,80,80,80,80,80,80,80,80,80,80,80,80,80,80,80,80,80,80,80,80],"card_choices":[{"not_picked":["Uppercut","Bloodletting"],"picked":"Twin Strike","floor":1},{"not_picked":["Perfected Strike","Clash"],"picked":"Thunderclap","floor":3},{"not_picked":["Cleave","Body Slam","Rupture"],"picked":"Feel No Pain","floor":5},{"not_picked":["Twin Strike","Cleave","Warcry"],"picked":"Rampage","floor":6},{"not_picked":["Body Slam","Cleave","Flex"],"picked":"Pommel Strike","floor":8},{"not_picked":["Body Slam","Shrug It Off","Corruption"],"picked":"Armaments","floor":10},{"not_picked":["Intimidate","Seeing Red","Juggernaut"],"picked":"Shrug It Off","floor":11},{"not_picked":["Sword Boomerang","Twin Strike","Thunderclap"],"picked":"Iron Wave","floor":14},{"not_picked":["Juggernaut","Dark Embrace","Bludgeon"],"picked":"Double Tap","floor":16},{"not_picked":["Pommel Strike+1","Sword Boomerang","Clash+1"],"picked":"True Grit","floor":18},{"not_picked":["Armaments","Thunderclap","Perfected Strike"],"picked":"Berserk","floor":20},{"not_picked":["Feel No Pain+1","Armaments","Searing Blow+1"],"picked":"Fire Breathing+1","floor":21}],"player_experience":0,"relics_obtained":[{"floor":6,"key":"Pen Nib"},{"floor":9,"key":"Gremlin Horn"}],"event_choices":[{"event_name":"Accursed Blacksmith","player_choice":"Rummage","floor":4,"damage_taken":0},{"event_name":"Liars Game","player_choice":"agreed","floor":13,"damage_taken":0},{"event_name":"Bonfire Elementals","player_choice":"COMMON","floor":19,"damage_taken":0}],"boss_relics":[{"not_picked":["Mark of Pain","Ectoplasm"],"picked":"Sozu"}],"items_purged_floors":[],"is_endless":false,"potions_floor_spawned":[1,5,14,16,21],"killed_by":"Snecko","ascension_level":0}