{"gold_per_floor":[115,115,40,15,27,57,232,232,232,244,299,315,334,354,354,354],"floor_reached":16,"playtime":751,"items_purged":["Defend_R"],"score":102,"play_id":"9a56b761-21b2-4a9a-8783-7db0138034ee","local_time":"20180822210914","is_ascension_mode":false,"campfire_choices":[{"data":"Flex","floor":8,"key":"SMITH"},{"data":"Armaments","floor":15,"key":"SMITH"}],"neow_cost":"NONE","seed_source_timestamp":178525344213764,"circlet_count":0,"master_deck":["Strike_R","Strike_R","Defend_R","Defend_R","Bash","Carnage+1","Combust+1","Infernal Blade+1","Headbutt","Twin Strike","Flex+1","Barricade","Doubt","Cleave","Flex","Armaments+1","Shrug It Off"],"relics":["Astrolabe","Mango","Paper Frog","Dodecahedron"],"potions_floor_usage":[12,16],"damage_taken":[{"damage":0,"enemies":"Cultist","floor":1,"turns":2},{"damage":0,"enemies":"Small Slimes","floor":5,"turns":1},{"damage":10,"enemies":"Gremlin Nob","floor":6,"turns":3},{"damage":1,"enemies":"Jaw Worm","floor":10,"turns":2},{"damage":30,"enemies":"3 Sentries","floor":11,"turns":4},{"damage":12,"enemies":"Blue Slaver","floor":12,"turns":2},{"damage":0,"enemies":"2 Fungi Beasts","floor":13,"turns":2},{"damage":5,"enemies":"3 Louse","floor":14,"turns":2},{"damage":45,"enemies":"The Guardian","floor":16,"turns":7}],"seed_played":"1497910423629344564","potions_obtained":[{"floor":1,"key":"BloodPotion"},{"floor":11,"key":"Fire Potion"},{"floor":13,"key":"Strength Potion"}],"is_trial":false,"path_per_floor":["M","?","$","$","M","E","?","R","T","M","?","M","M","M","R"],"character_chosen":"IRONCLAD","items_purchased":["Twin Strike"],"campfire_rested":0,"item_purchase_floors":[4],"current_hp_per_floor":[80,80,80,80,80,84,84,84,84,83,53,50,50,45,45,0],"gold":354,"neow_bonus":"BOSS_RELIC","is_prod":false,"is_daily":false,"chose_seed":false,"campfire_upgraded":2,"win_rate":0.0,"timestamp":1534937954,"path_taken":["M","?","?","$","M","E","?","R","T","M","?","M","?","M","R","BOSS"],"build_version":"2018-08-16","purchased_purges":1,"victory":false,"max_hp_per_floor":[80,80,80,80,80,94,94,94,94,94,94,94,94,94,94,94],"card_choices":[{"not_picked":["Searing Blow","Body Slam"],"picked":"Headbutt","floor":1},{"not_picked":["Carnage","Pommel Strike"],"picked":"Flex","floor":5},{"not_picked":["Cleave","Iron Wave"],"picked":"Barricade","floor":6},{"not_picked":["Pommel Strike","True Grit"],"picked":"Cleave","floor":10},{"not_picked":["Sword Boomerang","Battle Trance"],"picked":"Flex","floor":12},{"not_picked":["Pommel Strike","Anger"],"picked":"Armaments","floor":13},{"not_picked":["Berserk","Twin Strike"],"picked":"Shrug It Off","floor":14}],"player_experience":7932,"relics_obtained":[{"floor":6,"key":"Mango"},{"floor":9,"key":"Paper Frog"}],"event_choices":[{"event_name":"Purifier","player_choice":"One Purge","floor":2,"damage_taken":0},{"event_name":"Liars Game","player_choice":"agreed","floor":7,"damage_taken":0},{"event_name":"Dead Adventurer","player_choice":"Searched \u00273\u0027 times","floor":11,"damage_taken":0}],"is_beta":false,"boss_relics":[],"items_purged_floors":[3],"is_endless":false,"potions_floor_spawned":[1,11,13],"killed_by":"The Guardian","ascension_level":0}