{"gold_per_floor":[367,59,73,92,103,103,134,134,179,179,179,179,193,232,232,352,352,365,365],"floor_reached":19,"playtime":635,"items_purged":["Shame"],"score":239,"play_id":"d2849b50-db88-4327-8983-deb94ebabfda","local_time":"20190216235716","is_ascension_mode":true,"campfire_choices":[{"data":"Defragment","floor":6.0,"key":"SMITH"},{"data":"Zap","floor":8.0,"key":"SMITH"},{"floor":10.0,"key":"REST"},{"data":"Consume","floor":15.0,"key":"SMITH"}],"neow_cost":"CURSE","seed_source_timestamp":34247229277600,"circlet_count":0,"master_deck":["Strike_B","Strike_B","Strike_B","Strike_B","Defend_B","Defend_B","Defend_B","Defend_B","Zap+1","Dualcast","Auto Shields","Defragment+1","Consume+1","Cold Snap","Conserve Battery","Echo Form","Doom and Gloom+1"],"special_seed":0,"relics":["Cracked Core","Tiny Chest","Singing Bowl","Boot","Strawberry","Golden Idol","Bag of Preparation","Philosopher\u0027s Stone"],"potions_floor_usage":[16,19,19],"damage_taken":[{"damage":13.0,"enemies":"Jaw Worm","floor":1.0,"turns":4.0},{"damage":16.0,"enemies":"Small Slimes","floor":3.0,"turns":3.0},{"damage":0.0,"enemies":"2 Louse","floor":4.0,"turns":3.0},{"damage":3.0,"enemies":"Blue Slaver","floor":5.0,"turns":4.0},{"damage":11.0,"enemies":"Lagavulin","floor":7.0,"turns":5.0},{"damage":0.0,"enemies":"Looter","floor":13.0,"turns":4.0},{"damage":11.0,"enemies":"3 Sentries","floor":14.0,"turns":9.0},{"damage":25,"enemies":"Hexaghost","floor":16,"turns":9},{"damage":14,"enemies":"Spheric Guardian","floor":18,"turns":4},{"damage":51,"enemies":"Masked Bandits","floor":19,"turns":3}],"seed_played":"1062091929846176033","potions_obtained":[{"floor":1.0,"key":"AttackPotion"},{"floor":4.0,"key":"Block Potion"},{"floor":5.0,"key":"FocusPotion"},{"floor":16,"key":"Weak Potion"},{"floor":18,"key":"EssenceOfSteel"}],"is_trial":false,"path_per_floor":["M","$","M","M","M","R","E","R","T","R","?","?","M","E","R","B",null,"M","?"],"character_chosen":"DEFECT","items_purchased":["Defragment","Consume","Tiny Chest"],"campfire_rested":1,"item_purchase_floors":[2,2,2],"current_hp_per_floor":[55,55,39,39,36,36,27,27,27,50,45,45,47,38,38,13,65,51,0],"gold":365,"neow_bonus":"TWO_FIFTY_GOLD","is_prod":false,"is_daily":false,"chose_seed":false,"campfire_upgraded":3,"win_rate":0,"timestamp":1550354236,"path_taken":["M","$","M","M","M","R","E","R","T","R","?","?","M","E","R","BOSS","M","?"],"build_version":"2019-01-23","purchased_purges":1,"victory":false,"max_hp_per_floor":[75,75,75,75,75,75,77,77,77,77,84,78,80,82,82,82,82,82,82],"card_choices":[{"not_picked":["Steam","Barrage"],"picked":"Auto Shields","floor":1.0},{"not_picked":["Scrape","Sweeping Beam"],"picked":"Cold Snap","floor":3.0},{"not_picked":["Double Energy","Steam"],"picked":"Conserve Battery","floor":4.0},{"not_picked":["Steam","Chill","Steam Power"],"picked":"SKIP","floor":5.0},{"not_picked":["Reboot","Streamline","Turbo"],"picked":"Singing Bowl","floor":7.0},{"not_picked":["Rip and Tear","Leap","Hologram"],"picked":"Singing Bowl","floor":13.0},{"not_picked":["Blizzard","Hologram","Coolheaded"],"picked":"Singing Bowl","floor":14.0},{"not_picked":["Thunder Strike","Rainbow"],"picked":"Echo Form","floor":16},{"not_picked":["Hello World","Rebound"],"picked":"Doom and Gloom+1","floor":18}],"player_experience":788458,"relics_obtained":[{"floor":7.0,"key":"Singing Bowl"},{"floor":9.0,"key":"Boot"},{"floor":14.0,"key":"Bag of Preparation"}],"event_choices":[{"damage_healed":0.0,"max_hp_gain":0.0,"max_hp_loss":0.0,"gold_gain":0.0,"event_name":"Scrap Ooze","player_choice":"Success","floor":11.0,"gold_loss":0.0,"damage_taken":12.0,"relics_obtained":["Strawberry"]},{"damage_healed":0.0,"max_hp_gain":0.0,"max_hp_loss":6.0,"gold_gain":0.0,"event_name":"Golden Idol","player_choice":"Lose Max HP","floor":12.0,"gold_loss":0.0,"damage_taken":0.0,"relics_obtained":["Golden Idol"]},{"damage_healed":0,"gold_gain":0,"player_choice":"Fought Bandits","damage_taken":0,"max_hp_gain":0,"max_hp_loss":0,"event_name":"Masked Bandits","floor":19,"gold_loss":0}],"is_beta":false,"boss_relics":[{"not_picked":["Runic Pyramid","FrozenCore"],"picked":"Philosopher\u0027s Stone"}],"items_purged_floors":[2],"is_endless":false,"potions_floor_spawned":[1,4,5,16,18],"killed_by":"Masked Bandits","ascension_level":7}