{"gold_per_floor":[119,69,19,29,29,29,44,44,67,67,67,82,102,135,135,239,239,251,251,271,271,287,287,300,300,300,399,414,414,425,107,107,206,206,219,271,326,340,356,356,387,387,435,455,455,465,485,504,504,504],"floor_reached":51,"playtime":1572,"items_purged":["Strike_B"],"score":781,"play_id":"8b89be18-c6c4-4329-90ff-7c5eaad8b8b9","local_time":"20180926081232","is_ascension_mode":false,"campfire_choices":[{"data":"Sunder","floor":6,"key":"SMITH"},{"data":"Zap","floor":8,"key":"SMITH"},{"data":"Beam Cell","floor":11,"key":"SMITH"},{"data":"Sunder","floor":15,"key":"SMITH"},{"data":"Buffer","floor":23,"key":"SMITH"},{"data":"Go for the Eyes","floor":25,"key":"SMITH"},{"data":"Streamline","floor":32,"key":"SMITH"},{"data":"Defragment","floor":40,"key":"SMITH"},{"data":"Auto Shields","floor":42,"key":"SMITH"},{"data":"Beam Cell","floor":45,"key":"SMITH"},{"data":"Streamline","floor":49,"key":"SMITH"}],"neow_cost":"","seed_source_timestamp":41367575679617,"circlet_count":0,"master_deck":["Strike_B","Strike_B","Defend_B","Defend_B","Defend_B","Defend_B","Zap+1","Sunder+1","Beam Cell+1","Sweeping Beam","Leap","Steam","Beam Cell+1","Buffer+1","Sunder+1","Echo Form","Self Repair","Streamline+1","Auto Shields+1","Go for the Eyes+1","Defragment+1","Streamline+1","Go for the Eyes+1","Gash+1","Streamline+1","Auto Shields","Core Surge","Hologram+1","Leap+1","Ball Lightning+1","Static Discharge+1","Conserve Battery+1","Recycle+1","Scrape+1"],"relics":["Cracked Core","PreservedInsect","Blood Vial","Thread and Needle","Orrery","Incense Burner","Runic Capacitor","Sozu","Bag of Preparation","Ice Cream","Dream Catcher","Lantern"],"potions_floor_usage":[16,24,28,33,33,50],"damage_taken":[{"damage":0,"enemies":"2 Louse","floor":1,"turns":2},{"damage":11,"enemies":"Jaw Worm","floor":4,"turns":2},{"damage":0,"enemies":"Cultist","floor":7,"turns":2},{"damage":1,"enemies":"Looter","floor":12,"turns":2},{"damage":3,"enemies":"Lots of Slimes","floor":13,"turns":3},{"damage":0,"enemies":"Lagavulin","floor":14,"turns":4},{"damage":32,"enemies":"Hexaghost","floor":16,"turns":7},{"damage":6,"enemies":"Chosen","floor":18,"turns":4},{"damage":3,"enemies":"3 Byrds","floor":20,"turns":5},{"damage":0,"enemies":"Centurion and Healer","floor":22,"turns":5},{"damage":8,"enemies":"Snake Plant","floor":24,"turns":4},{"damage":1,"enemies":"Chosen and Byrds","floor":28,"turns":4},{"damage":0,"enemies":"3 Cultists","floor":30,"turns":5},{"damage":0,"enemies":"Automaton","floor":33,"turns":8},{"damage":1,"enemies":"3 Shapes","floor":35,"turns":3},{"damage":20,"enemies":"Mysterious Sphere","floor":37,"turns":8},{"damage":4,"enemies":"3 Darklings","floor":38,"turns":6},{"damage":17,"enemies":"Spire Growth","floor":39,"turns":5},{"damage":3,"enemies":"2 Orb Walkers","floor":41,"turns":5},{"damage":14,"enemies":"Maw","floor":44,"turns":8},{"damage":12,"enemies":"4 Shapes","floor":46,"turns":5},{"damage":0,"enemies":"3 Darklings","floor":47,"turns":8},{"damage":0,"enemies":"Sphere and 2 Shapes","floor":48,"turns":4},{"damage":65,"enemies":"Awakened One","floor":50,"turns":11}],"seed_played":"-8402417406469622788","potions_obtained":[{"floor":4,"key":"FearPotion"},{"floor":13,"key":"GamblersBrew"},{"floor":14,"key":"FocusPotion"},{"floor":18,"key":"PowerPotion"},{"floor":24,"key":"SteroidPotion"},{"floor":28,"key":"AttackPotion"}],"is_trial":false,"path_per_floor":["M","?","$","M","?","R","M","R","T","?","R","M","M","E","R","B",null,"M","?","M","?","M","R","M","R","T","?","M","?","M","$","R","B",null,"M","T","?","M","M","R","E","R","T","M","R","M","M","M","R","B"],"character_chosen":"DEFECT","items_purchased":["Beam Cell","Auto Shields","Runic Capacitor"],"campfire_rested":0,"item_purchase_floors":[3,31,31],"current_hp_per_floor":[75,75,75,64,64,64,64,64,64,64,64,65,64,66,66,36,75,69,69,75,61,70,70,71,71,71,71,79,79,80,80,80,80,80,79,79,60,65,57,57,63,63,63,58,58,55,64,66,66,3],"gold":504,"neow_bonus":"","is_prod":false,"is_daily":false,"chose_seed":false,"campfire_upgraded":11,"win_rate":0,"timestamp":1537917152,"path_taken":["M","?","?","M","?","R","M","R","T","?","R","M","M","E","R","BOSS","M","?","M","?","?","R","M","R","T","?","M","?","?","?","R","BOSS","M","?","?","M","?","R","E","R","T","M","R","M","?","M","R","BOSS"],"build_version":"2018-09-20","purchased_purges":1,"victory":true,"max_hp_per_floor":[75,75,75,75,75,75,75,75,75,75,75,75,75,75,75,75,75,75,75,75,80,80,80,80,80,80,80,80,80,80,80,80,80,80,80,80,80,80,80,80,80,80,80,80,80,80,80,80,80,80],"card_choices":[{"not_picked":["Compile Driver","Conserve Battery"],"picked":"Sunder","floor":1},{"not_picked":["Stack","Barrage"],"picked":"Sweeping Beam","floor":4},{"not_picked":["Go for the Eyes","Rebound"],"picked":"Leap","floor":7},{"not_picked":["Conserve Battery","Heatsinks"],"picked":"Beam Cell","floor":12},{"not_picked":["Compile Driver","Storm"],"picked":"Buffer","floor":13},{"not_picked":["Reprogram","Aggregate"],"picked":"Sunder","floor":14},{"not_picked":["Electrodynamics","Buffer"],"picked":"Echo Form","floor":16},{"not_picked":["Coolheaded","Melter"],"picked":"Self Repair","floor":17},{"not_picked":["Heatsinks","Sunder"],"picked":"Streamline","floor":17},{"not_picked":["Recycle","Genetic Algorithm"],"picked":"Auto Shields","floor":17},{"not_picked":["Ball Lightning","Blizzard"],"picked":"Go for the Eyes","floor":18},{"not_picked":["Beam Cell","Recycle"],"picked":"Defragment","floor":20},{"not_picked":["Loop","Scrape"],"picked":"Streamline+1","floor":22},{"not_picked":["Rebound","Turbo"],"picked":"Go for the Eyes+1","floor":24},{"not_picked":["Redo+1","Stack"],"picked":"Gash+1","floor":28},{"not_picked":["Loop","Hyperbeam"],"picked":"Streamline","floor":30},{"not_picked":["Thunder Strike","Meteor Strike"],"picked":"Core Surge","floor":33},{"not_picked":["Cold Snap+1","Heatsinks"],"picked":"Hologram+1","floor":35},{"not_picked":["Aggregate+1","Cold Snap+1"],"picked":"Leap+1","floor":37},{"not_picked":["Recycle","Loop"],"picked":"Ball Lightning+1","floor":38},{"not_picked":["Hologram+1","Rebound+1","Leap"],"picked":"SKIP","floor":39},{"not_picked":["Redo","Steam"],"picked":"Static Discharge+1","floor":41},{"not_picked":["Hologram","Go for the Eyes+1"],"picked":"Conserve Battery+1","floor":44},{"not_picked":["Scrape+1","Hyperbeam"],"picked":"Recycle+1","floor":46},{"not_picked":["Recycle","Lockon+1"],"picked":"Scrape+1","floor":47},{"not_picked":["Stack","Cold Snap+1","Glacier"],"picked":"SKIP","floor":48}],"player_experience":697908,"relics_obtained":[{"floor":5,"key":"PreservedInsect"},{"floor":9,"key":"Blood Vial"},{"floor":14,"key":"Thread and Needle"},{"floor":26,"key":"Incense Burner"},{"floor":36,"key":"Bag of Preparation"},{"floor":37,"key":"Ice Cream"},{"floor":41,"key":"Dream Catcher"},{"floor":43,"key":"Lantern"}],"event_choices":[{"event_name":"The Cleric","player_choice":"Card Removal","floor":2,"damage_taken":0},{"event_name":"Wheel of Change","player_choice":"Relic","floor":5,"damage_taken":0},{"event_name":"Transmorgrifier","player_choice":"Transform","floor":10,"damage_taken":0},{"event_name":"The Woman in Blue","player_choice":"Bought 0 Potions","floor":19,"damage_taken":0},{"event_name":"Forgotten Altar","player_choice":"Shed Blood","floor":21,"damage_taken":0},{"event_name":"Nest","player_choice":"Stole From Cult","floor":27,"damage_taken":0},{"event_name":"Ghosts","player_choice":"Ignored","floor":29,"damage_taken":0},{"event_name":"Mysterious Sphere","player_choice":"Fight","floor":37,"damage_taken":0}],"is_beta":false,"boss_relics":[{"not_picked":["Philosopher\u0027s Stone","Calling Bell"],"picked":"Orrery"},{"not_picked":["Coffee Dripper","Snecko Eye"],"picked":"Sozu"}],"items_purged_floors":[31],"is_endless":false,"potions_floor_spawned":[4,13,14,18,24,28,30,35,44,46,47,48],"ascension_level":0}