{"gold_per_floor":[118,118,6,18,93,93,111,111,111,143,64,64,80,98,98,193,193,211,227,227,326,201,201,201,201],"floor_reached":25,"playtime":1732,"items_purged":["Demon Form"],"score":199,"play_id":"31a90ef2-4417-40a4-b592-fed8c5fea626","local_time":"20180704225140","is_ascension_mode":false,"campfire_choices":[{"data":"Anger","floor":6,"key":"SMITH"},{"data":"Pommel Strike","floor":8,"key":"SMITH"},{"data":"Rage","floor":12,"key":"SMITH"},{"floor":15,"key":"REST"},{"floor":23,"key":"REST"}],"neow_cost":"","seed_source_timestamp":30877852101111,"circlet_count":0,"master_deck":["Strike_R","Strike_R","Strike_R","Strike_R","Strike_R","Defend_R","Defend_R","Defend_R","Bash","Anger+1","Rampage","Rage+1","Flex","Pommel Strike+1","Armaments","Shrug It Off","Cleave","Cleave","Barricade","Power Through+1","Flame Barrier","Iron Wave","Rage+1"],"relics":["Burning Blood","Dodecahedron","Lantern","Eternal Feather"],"potions_floor_usage":[16,16],"damage_taken":[{"damage":2,"enemies":"Small Slimes","floor":1,"turns":4},{"damage":1,"enemies":"Cultist","floor":4,"turns":4},{"damage":11,"enemies":"Jaw Worm","floor":7,"turns":2},{"damage":18,"enemies":"3 Sentries","floor":10,"turns":8},{"damage":0,"enemies":"Looter","floor":13,"turns":3},{"damage":5,"enemies":"3 Louse","floor":14,"turns":3},{"damage":85,"enemies":"The Guardian","floor":16,"turns":14},{"damage":16,"enemies":"Spheric Guardian","floor":18,"turns":4},{"damage":31,"enemies":"Shell Parasite","floor":19,"turns":8},{"damage":79,"enemies":"Gremlin Leader","floor":25,"turns":11}],"seed_played":"-5289872537232811354","potions_obtained":[{"floor":1,"key":"BloodPotion"},{"floor":14,"key":"SkillPotion"},{"floor":16,"key":"EssenceOfSteel"}],"is_trial":false,"path_per_floor":["M","?","$","M","?","R","M","R","T","E","$","R","M","M","R","B",null,"M","M","?","?","$","R","?"],"character_chosen":"IRONCLAD","items_purchased":["Rampage","Rage","Armaments","Shrug It Off","Iron Wave"],"campfire_rested":2,"item_purchase_floors":[3,3,11,11,22],"current_hp_per_floor":[80,80,80,80,69,69,64,64,64,52,52,52,58,59,80,9,80,70,45,45,45,45,77,77,0],"gold":201,"neow_bonus":"","is_prod":false,"is_daily":false,"chose_seed":false,"campfire_upgraded":3,"win_rate":0.0,"timestamp":1530712300,"path_taken":["M","?","$","M","?","R","M","R","T","E","?","R","M","M","R","BOSS","M","M","?","?","?","R","?","E"],"build_version":"2018-06-28","purchased_purges":1,"victory":false,"max_hp_per_floor":[80,80,80,80,80,80,80,80,80,80,80,80,80,80,80,80,80,80,80,80,80,80,80,80,80],"card_choices":[{"not_picked":["Intimidate","Cleave"],"picked":"Anger","floor":1},{"not_picked":["Burning Pact","Clothesline"],"picked":"Flex","floor":4},{"not_picked":["Sword Boomerang","Anger"],"picked":"Pommel Strike","floor":7},{"not_picked":["Reckless Charge","Iron Wave"],"picked":"Demon Form","floor":10},{"not_picked":["Second Wind","Thunderclap"],"picked":"Cleave","floor":13},{"not_picked":["Body Slam","Sword Boomerang"],"picked":"Cleave","floor":14},{"not_picked":["Feed","Offering"],"picked":"Barricade","floor":16},{"not_picked":["Thunderclap","Corruption"],"picked":"Power Through+1","floor":18},{"not_picked":["Reckless Charge","Flex"],"picked":"Flame Barrier","floor":19}],"player_experience":0,"relics_obtained":[{"floor":9,"key":"Dodecahedron"},{"floor":10,"key":"Lantern"}],"event_choices":[{"event_name":"Purifier","player_choice":"One Purge","floor":2,"damage_taken":0},{"event_name":"World of Goop","player_choice":"Gather Gold","floor":5,"damage_taken":0},{"event_name":"Vampires","player_choice":"Ignored","floor":20,"damage_taken":0},{"event_name":"Nest","player_choice":"Stole From Cult","floor":21,"damage_taken":0},{"event_name":"Duplicator","player_choice":"One dupe","floor":24,"damage_taken":0}],"boss_relics":[{"not_picked":["Orrery","Tiny House"],"picked":"Eternal Feather"}],"items_purged_floors":[22],"is_endless":false,"potions_floor_spawned":[1,14,16],"killed_by":"Gremlin Leader","ascension_level":0}