{"gold_per_floor":[215,69,87,87,106,106,136,151,177,189,216,228,257,302,314,430,442,474,486,104,115,128,128,160,160,185,198,198,298,278,278,278,374,374,394,412,412,427,442,442,442,0,54,54,79,79,79,99,99,99],"floor_reached":51,"playtime":2863,"items_purged":["Writhe"],"score":789,"play_id":"b20f1dfe-7992-43f3-a488-4d4ee8e82d54","local_time":"20180826131921","is_ascension_mode":true,"campfire_choices":[{"data":"Clothesline","floor":6.0,"key":"SMITH"},{"data":"Infernal Blade","floor":12.0,"key":"SMITH"},{"data":"Shrug It Off","floor":15,"key":"SMITH"},{"data":"Inflame","floor":23,"key":"SMITH"},{"data":"Flex","floor":25,"key":"SMITH"},{"data":"Heavy Blade","floor":32,"key":"SMITH"},{"data":"Demon Form","floor":40,"key":"SMITH"},{"data":"Heavy Blade","floor":46,"key":"SMITH"},{"floor":49,"key":"REST"}],"neow_cost":"NONE","seed_source_timestamp":0,"circlet_count":0,"master_deck":["Strike_R","Strike_R","Strike_R","Strike_R","Defend_R","Defend_R","Defend_R","Defend_R+1","Bash","Infernal Blade+1","Clothesline+1","Pommel Strike","Thunderclap","Shrug It Off+1","Cleave","Infernal Blade+1","Pommel Strike","Feed","Flex+1","Inflame+1","Blood for Blood","Intimidate+1","Heavy Blade+1","RitualDagger","Demon Form+1","Twin Strike+1","Heavy Blade+1","Cleave+1"],"special_seed":0,"relics":["Black Blood","Red Skull","War Paint","Lantern","MawBank","Pen Nib","Juzu Bracelet","Kunai","Mummified Hand","Centennial Puzzle","Mango","Bottled Lightning","Busted Crown","Nunchaku","Red Mask","Ancient Tea Set","Happy Flower"],"potions_floor_usage":[16,24,24,33,33,33,37,50],"damage_taken":[{"damage":6.0,"enemies":"Cultist","floor":1.0,"turns":3.0},{"damage":0.0,"enemies":"Small Slimes","floor":3.0,"turns":3.0},{"damage":6.0,"enemies":"Jaw Worm","floor":5.0,"turns":4.0},{"damage":4.0,"enemies":"Gremlin Nob","floor":7.0,"turns":3.0},{"damage":10.0,"enemies":"Looter","floor":8.0,"turns":2.0},{"damage":8.0,"enemies":"Lots of Slimes","floor":11.0,"turns":2.0},{"damage":0.0,"enemies":"Blue Slaver","floor":13.0,"turns":2.0},{"damage":28.0,"enemies":"Lagavulin","floor":14.0,"turns":6.0},{"damage":29,"enemies":"The Guardian","floor":16,"turns":8},{"damage":10,"enemies":"Spheric Guardian","floor":18,"turns":3},{"damage":7,"enemies":"3 Byrds","floor":21,"turns":5},{"damage":14,"enemies":"Cultist and Chosen","floor":22,"turns":5},{"damage":19,"enemies":"Slavers","floor":24,"turns":5},{"damage":9,"enemies":"3 Cultists","floor":27,"turns":4},{"damage":9,"enemies":"Colosseum Slavers","floor":29,"turns":2},{"damage":28,"enemies":"Colosseum Nobs","floor":29,"turns":4},{"damage":43,"enemies":"Collector","floor":33,"turns":6},{"damage":17,"enemies":"Orb Walker","floor":35,"turns":4},{"damage":0,"enemies":"Flame Bruiser 1 Orb","floor":36,"turns":3},{"damage":41,"enemies":"Mind Bloom Boss Battle","floor":37,"turns":5},{"damage":46,"enemies":"Sphere and 2 Shapes","floor":38,"turns":4},{"damage":9,"enemies":"3 Darklings","floor":39,"turns":2},{"damage":54,"enemies":"Giant Head","floor":45,"turns":8},{"damage":28,"enemies":"Spire Growth","floor":48,"turns":3},{"damage":62,"enemies":"Donu and Deca","floor":50,"turns":6}],"seed_played":"6429786802465980691","potions_obtained":[{"floor":3.0,"key":"SkillPotion"},{"floor":8.0,"key":"Explosive Potion"},{"floor":11.0,"key":"Dexterity Potion"},{"floor":14.0,"key":"SkillPotion"},{"floor":16,"key":"Explosive Potion"},{"floor":18,"key":"Dexterity Potion"},{"floor":29,"key":"SteroidPotion"},{"floor":30,"key":"SneckoOil"},{"floor":33,"key":"Strength Potion"},{"floor":37,"key":"GamblersBrew"}],"is_trial":false,"path_per_floor":["M","$","M","?","M","R","E","M","T","?","M","R","M","E","R","B",null,"M","?","$","M","M","R","E","R","T","M","?","?","?","?","R","B",null,"M","M","?","M","M","R","?","?","T","$","E","R","?","M","R","B"],"character_chosen":"IRONCLAD","items_purchased":["Red Skull","Kunai","Inflame"],"campfire_rested":1,"item_purchase_floors":[2,20,20],"current_hp_per_floor":[80,80,80,68,68,68,70,66,66,66,64,64,70,48,48,25,80,80,80,80,80,76,76,70,70,70,74,57,60,60,54,54,21,111,104,111,83,50,51,51,102,102,102,102,58,58,58,40,70,21],"gold":99,"neow_bonus":"HUNDRED_GOLD","is_prod":false,"is_daily":false,"chose_seed":false,"campfire_upgraded":8,"win_rate":0,"timestamp":1535255361,"path_taken":["M","$","?","?","M","R","E","?","T","?","M","R","?","E","R","BOSS","M","?","$","M","M","R","E","R","T","M","?","?","?","?","R","BOSS","M","M","?","M","M","R","?","?","T","$","E","R","?","M","R","BOSS"],"build_version":"2018-08-23v2","purchased_purges":1,"victory":true,"max_hp_per_floor":[80,80,80,80,80,80,80,80,80,80,80,80,80,80,80,80,80,80,80,80,80,80,80,83,83,83,86,91,111,111,111,111,111,111,111,111,114,117,117,117,102,102,102,102,102,102,102,102,102,105],"card_choices":[{"not_picked":["Sword Boomerang","Warcry"],"picked":"Infernal Blade","floor":1.0},{"not_picked":["Headbutt","Warcry"],"picked":"Clothesline","floor":3.0},{"not_picked":["Sword Boomerang","Perfected Strike"],"picked":"Pommel Strike","floor":5.0},{"not_picked":["Sword Boomerang","Perfected Strike"],"picked":"Thunderclap","floor":7.0},{"not_picked":["True Grit","Headbutt"],"picked":"Shrug It Off","floor":8.0},{"not_picked":["Combust","Brutality"],"picked":"Infernal Blade","floor":11.0},{"not_picked":["True Grit","Twin Strike"],"picked":"Pommel Strike","floor":13.0},{"not_picked":["Iron Wave","Body Slam","Clash"],"picked":"SKIP","floor":14.0},{"not_picked":["Offering","Reaper"],"picked":"Feed","floor":16},{"not_picked":["Dual Wield+1","Pommel Strike"],"picked":"Flex","floor":18},{"not_picked":["Feel No Pain+1","Wild Strike","Ghostly Armor"],"picked":"SKIP","floor":21},{"not_picked":["Clash","True Grit+1"],"picked":"Blood for Blood","floor":22},{"not_picked":["Sever Soul","Body Slam"],"picked":"Intimidate+1","floor":24},{"not_picked":["Reckless Charge","True Grit"],"picked":"Heavy Blade","floor":27},{"not_picked":["Limit Break","Impervious"],"picked":"Demon Form","floor":33},{"not_picked":[],"picked":"Twin Strike+1","floor":35},{"not_picked":[],"picked":"Heavy Blade","floor":36},{"not_picked":[],"picked":"Cleave+1","floor":37},{"not_picked":["Bloodletting"],"picked":"SKIP","floor":38},{"not_picked":["Sword Boomerang"],"picked":"SKIP","floor":39},{"not_picked":["Power Through"],"picked":"SKIP","floor":45},{"not_picked":["Thunderclap"],"picked":"SKIP","floor":48}],"player_experience":47250,"relics_obtained":[{"floor":7.0,"key":"Lantern"},{"floor":9.0,"key":"MawBank"},{"floor":14.0,"key":"Pen Nib"},{"floor":24,"key":"Mummified Hand"},{"floor":26,"key":"Centennial Puzzle"},{"floor":29,"key":"Mango"},{"floor":29,"key":"Bottled Lightning"},{"floor":37,"key":"Nunchaku"},{"floor":43,"key":"Ancient Tea Set"},{"floor":45,"key":"Happy Flower"}],"event_choices":[{"event_name":"Scrap Ooze","player_choice":"success","floor":4.0,"damage_taken":12.0},{"event_name":"Living Wall","player_choice":"Change","floor":10.0,"damage_taken":0.0},{"event_name":"The Mausoleum","player_choice":"Yes","floor":19,"damage_taken":0},{"event_name":"Forgotten Altar","player_choice":"Shed Blood","floor":28,"damage_taken":0},{"event_name":"Colosseum","player_choice":"Fight","floor":29,"damage_taken":0},{"event_name":"Colosseum","player_choice":"Fought Nobs","floor":29,"damage_taken":0},{"event_name":"The Woman in Blue","player_choice":"Bought 1 Potion","floor":30,"damage_taken":0},{"event_name":"Nest","player_choice":"Joined the Cult","floor":31,"damage_taken":0},{"event_name":"MindBloom","player_choice":"Fight","floor":37,"damage_taken":0},{"event_name":"The Moai Head","player_choice":"Heal","floor":41,"damage_taken":0},{"event_name":"Tomb of Lord Red Mask","player_choice":"Paid","floor":42,"damage_taken":0},{"event_name":"SensoryStone","player_choice":"Memory 1","floor":47,"damage_taken":0}],"is_beta":false,"boss_relics":[{"not_picked":["Orrery","Runic Dome"],"picked":"Black Blood"},{"not_picked":["Fusion Hammer","Eternal Feather"],"picked":"Busted Crown"}],"items_purged_floors":[20],"is_endless":false,"potions_floor_spawned":[3,8,11,14,16,18,29,33,37],"ascension_level":1}