{"gold_per_floor":[19,19,94,6,23,23,43,43,43,63,63,74,102,27,27,128,128,139,64,64,75,8,8,19,19,19,19,19,34,54,78,78,78],"floor_reached":33,"playtime":2665,"items_purged":["Strike_B"],"score":282,"play_id":"78836054-82c5-4e72-ac59-23ee4afd3e1f","local_time":"20180919185015","is_ascension_mode":true,"campfire_choices":[{"data":"Machine Learning","floor":6,"key":"SMITH"},{"data":"Lockon","floor":8,"key":"SMITH"},{"data":"Zap","floor":11,"key":"SMITH"},{"floor":15,"key":"REST"},{"data":"Storm","floor":23,"key":"SMITH"},{"data":"Amplify","floor":25,"key":"SMITH"},{"data":"Tempest","floor":27,"key":"SMITH"},{"data":"Streamline","floor":32,"key":"SMITH"}],"neow_cost":"NO_GOLD","seed_source_timestamp":519731136029171,"circlet_count":0,"master_deck":["Defend_B","Defend_B","Defend_B","Zap+1","Dualcast","Machine Learning+1","Consume","Lockon+1","Streamline+1","Self Repair","Streamline","Amplify+1","Leap","Tempest+1","Reboot","BootSequence","Storm+1","Melter+1","Necronomicurse","Beam Cell+1","Conserve Battery"],"special_seed":0,"relics":["Cracked Core","Lantern","Meat on the Bone","Philosopher\u0027s Stone","Letter Opener","Necronomicon","Oddly Smooth Stone"],"potions_floor_usage":[16,16,16,18,30,33,33],"damage_taken":[{"damage":1,"enemies":"Jaw Worm","floor":1,"turns":4},{"damage":0,"enemies":"2 Louse","floor":5,"turns":2},{"damage":0,"enemies":"Small Slimes","floor":7,"turns":2},{"damage":22,"enemies":"2 Fungi Beasts","floor":10,"turns":3},{"damage":9,"enemies":"Large Slime","floor":12,"turns":4},{"damage":29,"enemies":"Gremlin Nob","floor":13,"turns":4},{"damage":41,"enemies":"Hexaghost","floor":16,"turns":6},{"damage":44,"enemies":"2 Thieves","floor":18,"turns":4},{"damage":17,"enemies":"Spheric Guardian","floor":21,"turns":4},{"damage":21,"enemies":"Cultist and Chosen","floor":24,"turns":5},{"damage":27,"enemies":"Snake Plant","floor":29,"turns":3},{"damage":0,"enemies":"Centurion and Healer","floor":30,"turns":3},{"damage":42,"enemies":"Collector","floor":33,"turns":6}],"seed_played":"2175537587787538871","potions_obtained":[{"floor":1,"key":"SkillPotion"},{"floor":7,"key":"FocusPotion"},{"floor":12,"key":"FocusPotion"},{"floor":16,"key":"Explosive Potion"},{"floor":18,"key":"GamblersBrew"},{"floor":21,"key":"LiquidBronze"},{"floor":29,"key":"Dexterity Potion"}],"is_trial":false,"path_per_floor":["M","?","?","$","M","R","M","R","T","M","R","M","E","$","R","B",null,"M","?","$","M","$","R","M","R","T","R","?","M","M","T","R"],"character_chosen":"DEFECT","items_purchased":["Streamline","Self Repair","Storm"],"campfire_rested":1,"item_purchase_floors":[4,4,22],"current_hp_per_floor":[74,67,56,56,63,63,63,63,63,48,48,53,38,38,60,31,75,50,50,50,59,59,59,52,52,52,52,36,21,40,40,40,0],"gold":78,"neow_bonus":"TRANSFORM_TWO_CARDS","is_prod":false,"is_daily":false,"chose_seed":false,"campfire_upgraded":7,"win_rate":0,"timestamp":1537348815,"path_taken":["M","?","?","$","M","R","M","R","T","?","R","M","E","$","R","BOSS","M","?","$","M","$","R","?","R","T","R","?","M","M","?","R","BOSS"],"build_version":"2018-09-06","purchased_purges":1,"victory":false,"max_hp_per_floor":[75,75,75,75,75,75,75,75,75,75,75,75,75,75,75,75,75,75,75,75,75,75,75,75,75,75,75,75,75,75,75,75,75],"card_choices":[{"not_picked":["Chill","Coolheaded"],"picked":"Lockon","floor":1},{"not_picked":["Coolheaded","Steam"],"picked":"Streamline","floor":5},{"not_picked":["Conserve Battery","Rip and Tear"],"picked":"Amplify","floor":7},{"not_picked":["Self Repair","Compile Driver"],"picked":"Leap","floor":10},{"not_picked":["Stack","Sweeping Beam"],"picked":"Tempest","floor":12},{"not_picked":["Steam","Skim","Consume"],"picked":"SKIP","floor":13},{"not_picked":["Hyperbeam","Seek"],"picked":"Reboot","floor":16},{"not_picked":["Loop","Steam Power"],"picked":"BootSequence","floor":18},{"not_picked":["Consume","Chill","Fusion"],"picked":"SKIP","floor":21},{"not_picked":["Sweeping Beam","Lockon"],"picked":"Melter+1","floor":24},{"not_picked":["Undo","Self Repair+1"],"picked":"Beam Cell+1","floor":29},{"not_picked":["Leap","Steam Power+1"],"picked":"Conserve Battery","floor":30}],"player_experience":188649,"relics_obtained":[{"floor":9,"key":"Lantern"},{"floor":13,"key":"Meat on the Bone"},{"floor":26,"key":"Letter Opener"},{"floor":28,"key":"Necronomicon"},{"floor":31,"key":"Oddly Smooth Stone"}],"event_choices":[{"event_name":"Golden Wing","player_choice":"Card Removal","floor":2,"damage_taken":0},{"event_name":"World of Goop","player_choice":"Gather Gold","floor":3,"damage_taken":0},{"event_name":"Beggar","player_choice":"Gave Gold","floor":19,"damage_taken":0},{"event_name":"Cursed Tome","player_choice":"Obtained Book","floor":28,"damage_taken":0}],"is_beta":false,"boss_relics":[{"not_picked":["White Beast Statue","FrozenCore"],"picked":"Philosopher\u0027s Stone"}],"items_purged_floors":[14],"is_endless":false,"potions_floor_spawned":[1,7,12,16,18,21,29],"killed_by":"Collector","ascension_level":3}