{"gold_per_floor":[112,122,122,72,90,165,177,27,50,50,69,69,69,69,69,168,168,151,151,151,151,162,162,179,179,179,30,44,44,44,55,55,156,156,173,173,192,192,192],"floor_reached":39,"playtime":2071,"items_purged":["Strike_G"],"score":394,"play_id":"2923e21f-95dc-4024-b954-b2c2cd6820cd","local_time":"20180826191928","is_ascension_mode":false,"campfire_choices":[{"data":"Noxious Fumes","floor":13.0,"key":"SMITH"},{"data":"Noxious Fumes","floor":15.0,"key":"SMITH"},{"data":"Bouncing Flask","floor":23.0,"key":"SMITH"},{"floor":29.0,"key":"REST"},{"floor":32.0,"key":"REST"}],"neow_cost":"CURSE","seed_source_timestamp":0,"circlet_count":0,"master_deck":["Defend_G","Defend_G","Strike_G","Strike_G","Survivor","Neutralize","Bouncing Flask+1","Prepared","Noxious Fumes+1","Bane","Bane","Noxious Fumes+1","Deadly Poison","Envenom","Crippling Poison","Discovery","Flying Knee+1","Noxious Fumes","Blur"],"special_seed":0,"relics":["Ring of the Serpent","Boot","Juzu Bracelet","Gambling Chip","MutagenicStrength","Mummified Hand","Blood Vial","Runic Pyramid"],"potions_floor_usage":[],"damage_taken":[{"damage":0.0,"enemies":"Cultist","floor":1.0,"turns":3.0},{"damage":8.0,"enemies":"Jaw Worm","floor":2.0,"turns":3.0},{"damage":0.0,"enemies":"2 Louse","floor":5.0,"turns":3.0},{"damage":0.0,"enemies":"Red Slaver","floor":7.0,"turns":4.0},{"damage":0.0,"enemies":"Looter","floor":11.0,"turns":3.0},{"damage":7.0,"enemies":"Slime Boss","floor":16.0,"turns":8.0},{"damage":19.0,"enemies":"2 Thieves","floor":18.0,"turns":4.0},{"damage":14.0,"enemies":"Chosen","floor":22.0,"turns":5.0},{"damage":15.0,"enemies":"Centurion and Healer","floor":24.0,"turns":7.0},{"damage":6.0,"enemies":"Chosen and Byrds","floor":28.0,"turns":6.0},{"damage":10.0,"enemies":"Shelled Parasite and Fungi","floor":31.0,"turns":5.0},{"damage":21.0,"enemies":"Champ","floor":33.0,"turns":8.0},{"damage":37.0,"enemies":"Flame Bruiser 1 Orb","floor":35.0,"turns":5.0},{"damage":20,"enemies":"3 Darklings","floor":37,"turns":4},{"damage":56,"enemies":"4 Shapes","floor":39,"turns":3}],"seed_played":"-7107286668699006531","potions_obtained":[{"floor":1.0,"key":"FearPotion"},{"floor":16.0,"key":"Fire Potion"},{"floor":31.0,"key":"PowerPotion"}],"is_trial":false,"path_per_floor":["M","M","T","?","M","?","M","$","T","?","M","?","R","?","R","B",null,"M","?","?","?","M","R","M","?","T","$","M","R","$","M","R","B",null,"M","?","M","?"],"character_chosen":"THE_SILENT","items_purchased":["Noxious Fumes","Blood Vial"],"campfire_rested":2,"item_purchase_floors":[8,27],"current_hp_per_floor":[70,62,62,62,62,51,51,51,51,51,51,51,51,44,44,37,70,51,51,37,37,23,23,8,8,8,8,4,25,25,17,38,19,70,33,61,41,41,0],"gold":192,"neow_bonus":"TRANSFORM_TWO_CARDS","is_prod":false,"is_daily":false,"chose_seed":false,"campfire_upgraded":3,"win_rate":0.0,"timestamp":1535276968,"path_taken":["M","M","?","?","M","?","M","$","T","?","M","?","R","?","R","BOSS","M","?","?","?","M","R","M","?","T","$","M","R","$","M","R","BOSS","M","?","M","?","M"],"build_version":"2018-08-23v2","purchased_purges":1,"victory":false,"max_hp_per_floor":[70,70,70,70,70,70,70,70,70,70,70,70,70,70,70,70,70,70,70,70,70,70,70,70,70,70,70,70,70,70,70,70,70,70,70,61,61,61,61],"card_choices":[{"not_picked":["Caltrops","Dagger Spray"],"picked":"Noxious Fumes","floor":1.0},{"not_picked":["Finisher","Deflect"],"picked":"Bane","floor":2.0},{"not_picked":["Cloak And Dagger","Blur"],"picked":"Bane","floor":5.0},{"not_picked":["Cloak And Dagger","Slice","Footwork"],"picked":"SKIP","floor":7.0},{"not_picked":["Quick Slash","Prepared"],"picked":"Deadly Poison","floor":11.0},{"not_picked":["After Image","Night Terror"],"picked":"Envenom","floor":16.0},{"not_picked":["Footwork+1","Bane+1"],"picked":"Crippling Poison","floor":18.0},{"not_picked":["Underhanded Strike","Cloak And Dagger"],"picked":"Flying Knee+1","floor":22.0},{"not_picked":["Predator","Eviscerate+1","Dagger Spray"],"picked":"SKIP","floor":24.0},{"not_picked":["Dagger Throw","Infinite Blades"],"picked":"Noxious Fumes","floor":28.0},{"not_picked":["Prepared","PiercingWail","Acrobatics"],"picked":"SKIP","floor":31.0},{"not_picked":["Sucker Punch+1","Dagger Spray+1","Quick Slash"],"picked":"SKIP","floor":35},{"not_picked":["Dagger Spray+1","Predator+1"],"picked":"Blur","floor":37}],"player_experience":53022,"relics_obtained":[{"floor":3.0,"key":"Boot"},{"floor":9.0,"key":"Juzu Bracelet"},{"floor":26.0,"key":"Mummified Hand"}],"event_choices":[{"event_name":"The Cleric","player_choice":"Card Removal","floor":4.0,"damage_taken":0.0},{"event_name":"World of Goop","player_choice":"Gather Gold","floor":6.0,"damage_taken":0.0},{"event_name":"Accursed Blacksmith","player_choice":"Rummage","floor":10.0,"damage_taken":0.0},{"event_name":"Purifier","player_choice":"One Purge","floor":12.0,"damage_taken":0.0},{"event_name":"Golden Wing","player_choice":"Card Removal","floor":14.0,"damage_taken":0.0},{"event_name":"Drug Dealer","player_choice":"Inject Mutagens","floor":19.0,"damage_taken":0.0},{"event_name":"Knowing Skull","player_choice":"CARD ","floor":20.0,"damage_taken":0.0},{"event_name":"Ghosts","player_choice":"Ignored","floor":21.0,"damage_taken":0.0},{"event_name":"Back to Basics","player_choice":"Elegance","floor":25.0,"damage_taken":0.0},{"event_name":"The Moai Head","player_choice":"Heal","floor":36,"damage_taken":0},{"event_name":"Fountain of Cleansing","player_choice":"Removed Curse","floor":38,"damage_taken":0}],"is_beta":false,"boss_relics":[{"not_picked":["Cursed Key","White Beast Statue"],"picked":"Ring of the Serpent"},{"not_picked":["Orrery","Fusion Hammer"],"picked":"Runic Pyramid"}],"items_purged_floors":[8],"is_endless":false,"potions_floor_spawned":[1,16,31],"killed_by":"4 Shapes","ascension_level":0}