{"gold_per_floor":[114,64,139,153,8,41,41,41,41,87,102,102,137,163,175,187],"floor_reached":16,"playtime":777,"items_purged":[],"score":108,"play_id":"07ea9154-d311-4fe8-a2c7-32c769ff5f2c","local_time":"20190119191626","is_ascension_mode":false,"campfire_choices":[{"data":"Caltrops","floor":7,"key":"SMITH"},{"floor":12,"key":"REST"},{"floor":15,"key":"DIG"}],"neow_cost":"NONE","seed_source_timestamp":45124985386057,"circlet_count":0,"master_deck":["Defend_G+1","Defend_G","Defend_G","Defend_G","Defend_G","Strike_G","Strike_G","Strike_G","Strike_G","Survivor+1","Neutralize","Caltrops+1","Backflip","Cloak And Dagger","Backflip","Cloak And Dagger"],"relics":["Ring of the Snake","Vajra","Ornamental Fan","Shovel","War Paint","MawBank","Tingsha"],"potions_floor_usage":[13,16,16],"damage_taken":[{"damage":0,"enemies":"Small Slimes","floor":1,"turns":5},{"damage":0,"enemies":"2 Louse","floor":4,"turns":3},{"damage":31,"enemies":"3 Sentries","floor":6,"turns":14},{"damage":0,"enemies":"Jaw Worm","floor":11,"turns":3},{"damage":10,"enemies":"Lagavulin","floor":13,"turns":14},{"damage":9,"enemies":"Blue Slaver","floor":14,"turns":4},{"damage":43,"enemies":"Slime Boss","floor":16,"turns":9}],"seed_played":"8998203624744494410","potions_obtained":[{"floor":4,"key":"Energy Potion"},{"floor":13,"key":"Fire Potion"},{"floor":14,"key":"Strength Potion"}],"is_trial":false,"path_per_floor":["M","?","?","M","$","E","R","$","T","T","M","R","E","M","R","B"],"character_chosen":"THE_SILENT","items_purchased":["Vajra"],"campfire_rested":1,"item_purchase_floors":[5],"current_hp_per_floor":[77,77,66,66,66,35,35,35,35,35,35,58,48,39,39,0],"gold":187,"neow_bonus":"TEN_PERCENT_HP_BONUS","is_prod":false,"is_daily":false,"chose_seed":false,"campfire_upgraded":1,"win_rate":0,"timestamp":1547887586,"path_taken":["M","?","?","M","?","E","R","$","T","?","M","R","E","M","R","BOSS"],"build_version":"2019-01-17v2","purchased_purges":0,"victory":false,"max_hp_per_floor":[77,77,77,77,77,77,77,77,77,77,77,77,77,77,77,77],"card_choices":[{"not_picked":["Sucker Punch","Outmaneuver"],"picked":"Caltrops","floor":1},{"not_picked":["Flechettes","Prepared"],"picked":"Backflip","floor":4},{"not_picked":["Skewer","Underhanded Strike"],"picked":"Cloak And Dagger","floor":6},{"not_picked":["Dagger Throw","Tactician"],"picked":"Backflip","floor":11},{"not_picked":["Calculated Gamble","Grand Finale","Prepared"],"picked":"SKIP","floor":13},{"not_picked":["Slice","Bouncing Flask"],"picked":"Cloak And Dagger","floor":14}],"player_experience":434052,"relics_obtained":[{"floor":6,"key":"Ornamental Fan"},{"floor":9,"key":"Shovel"},{"floor":10,"key":"War Paint"},{"floor":13,"key":"MawBank"},{"floor":15,"key":"Tingsha"}],"event_choices":[{"cards_removed":["Strike_G"],"damage_healed":0,"gold_gain":0,"player_choice":"Card Removal","damage_taken":0,"max_hp_gain":0,"max_hp_loss":0,"event_name":"The Cleric","floor":2,"gold_loss":50},{"damage_healed":0,"gold_gain":75,"player_choice":"Gather Gold","damage_taken":11,"max_hp_gain":0,"max_hp_loss":0,"event_name":"World of Goop","floor":3,"gold_loss":0}],"is_beta":false,"boss_relics":[],"items_purged_floors":[],"is_endless":false,"potions_floor_spawned":[4,13,14],"killed_by":"Slime Boss","ascension_level":0}