{"gold_per_floor":[109,59,77,88,36,36,61,81,106,106,31,31,42,42,42,137,137,150,4,4,4,21,21,40,58,58,58,58,72,72,72,72,175,175,186,186,200,219,219,219,233,233,233,133,151,162,195,205,205,205],"floor_reached":51,"playtime":2021,"items_purged":["Defend_R","Decay"],"score":909,"play_id":"54287036-0c6e-4435-8ccf-ba4474206f9d","local_time":"20181012200654","is_ascension_mode":true,"campfire_choices":[{"data":"Perfected Strike","floor":6.0,"key":"SMITH"},{"data":"Double Tap","floor":10.0,"key":"SMITH"},{"data":"Rampage","floor":15.0,"key":"SMITH"},{"data":"Barricade","floor":23.0,"key":"SMITH"},{"data":"Perfected Strike","floor":28.0,"key":"SMITH"},{"data":"Armaments","floor":32.0,"key":"SMITH"},{"data":"Madness","floor":40,"key":"SMITH"},{"data":"Madness","floor":42,"key":"SMITH"},{"data":"Perfected Strike","floor":49,"key":"SMITH"}],"neow_cost":"NONE","seed_source_timestamp":3279983401180,"circlet_count":0,"master_deck":["Strike_R","Strike_R","Strike_R","Strike_R","Strike_R","Defend_R","Defend_R","Defend_R","Perfected Strike+1","Perfected Strike+1","Iron Wave","Double Tap+1","Perfected Strike+1","Rampage+1","Barricade+1","Perfected Strike","Perfected Strike+1","Armaments+1","Ghostly","Ghostly","Ghostly","Ghostly","Ghostly","Reaper","Madness+1","Madness+1","The Bomb","Pommel Strike","Shrug It Off+1"],"special_seed":0,"relics":["Burning Blood","NeowsBlessing","Bag of Marbles","Happy Flower","Orichalcum","Pen Nib","Coffee Dripper","Red Skull","Spirit Poop","Bronze Scales","Cursed Key","Kunai","Blood Vial"],"potions_floor_usage":[47,47,50],"damage_taken":[{"damage":0.0,"enemies":"Small Slimes","floor":1.0,"turns":1.0},{"damage":0.0,"enemies":"Jaw Worm","floor":3.0,"turns":1.0},{"damage":0.0,"enemies":"Cultist","floor":4.0,"turns":1.0},{"damage":30.0,"enemies":"3 Sentries","floor":7.0,"turns":6.0},{"damage":10.0,"enemies":"3 Louse","floor":8.0,"turns":3.0},{"damage":13.0,"enemies":"Lots of Slimes","floor":13.0,"turns":4.0},{"damage":29.0,"enemies":"Hexaghost","floor":16.0,"turns":5.0},{"damage":2.0,"enemies":"Chosen","floor":18.0,"turns":3.0},{"damage":21.0,"enemies":"2 Thieves","floor":22.0,"turns":3.0},{"damage":6.0,"enemies":"Cultist and Chosen","floor":24.0,"turns":3.0},{"damage":14.0,"enemies":"Centurion and Healer","floor":25.0,"turns":3.0},{"damage":1.0,"enemies":"3 Cultists","floor":29.0,"turns":3.0},{"damage":8.0,"enemies":"Collector","floor":33.0,"turns":5.0},{"damage":0.0,"enemies":"Orb Walker","floor":35.0,"turns":1.0},{"damage":0.0,"enemies":"3 Darklings","floor":37.0,"turns":5.0},{"damage":0.0,"enemies":"Sphere and 2 Shapes","floor":38.0,"turns":5.0},{"damage":0,"enemies":"Maw","floor":41,"turns":7},{"damage":0,"enemies":"Spire Growth","floor":45,"turns":1},{"damage":12,"enemies":"Transient","floor":46,"turns":5},{"damage":49,"enemies":"Nemesis","floor":47,"turns":5},{"damage":6,"enemies":"Maw","floor":48,"turns":5},{"damage":0,"enemies":"Donu and Deca","floor":50,"turns":7}],"seed_played":"1456127134777460576","potions_obtained":[{"floor":3.0,"key":"Poison Potion"},{"floor":4.0,"key":"AttackPotion"},{"floor":13.0,"key":"Energy Potion"},{"floor":16.0,"key":"SkillPotion"},{"floor":22.0,"key":"Energy Potion"},{"floor":24.0,"key":"BloodPotion"},{"floor":37.0,"key":"FairyPotion"},{"floor":45,"key":"Poison Potion"},{"floor":46,"key":"PowerPotion"},{"floor":48,"key":"Swift Potion"}],"is_trial":false,"path_per_floor":["M","?","M","M","?","R","E","M","T","R","$","?","M","$","R","B",null,"M","$","?","?","M","R","M","M","T","?","R","M","$","?","R","B",null,"M","?","M","M","?","R","M","R","T","$","M","M","E","M","R","B"],"character_chosen":"IRONCLAD","items_purchased":["Red Skull"],"campfire_rested":0,"item_purchase_floors":[19],"current_hp_per_floor":[80,80,80,80,80,80,56,52,52,52,52,52,45,45,45,22,80,80,80,80,65,50,50,50,50,50,50,50,55,55,42,42,40,42,42,37,42,42,37,37,42,42,42,42,42,36,10,12,12,20],"gold":205,"neow_bonus":"THREE_ENEMY_KILL","is_prod":false,"is_daily":false,"chose_seed":false,"campfire_upgraded":9,"win_rate":0,"timestamp":1539337014,"path_taken":["M","?","M","?","?","R","E","M","T","R","$","?","M","$","R","BOSS","M","$","?","?","?","R","M","M","T","?","R","M","$","?","R","BOSS","M","?","M","?","?","R","M","R","T","$","M","M","E","M","R","BOSS"],"build_version":"2018-10-11","purchased_purges":2,"victory":true,"max_hp_per_floor":[80,80,80,80,80,80,80,80,80,80,80,80,80,80,80,80,80,80,80,80,85,85,85,85,85,85,85,85,85,85,42,42,42,42,42,42,42,42,42,42,42,42,42,42,42,42,42,42,42,42],"card_choices":[{"not_picked":["Clash","Rage"],"picked":"Perfected Strike","floor":1.0},{"not_picked":["Headbutt","Evolve"],"picked":"Perfected Strike","floor":3.0},{"not_picked":["Bloodletting","Dropkick"],"picked":"Iron Wave","floor":4.0},{"not_picked":["Armaments","Headbutt"],"picked":"Double Tap","floor":7.0},{"not_picked":["Body Slam","Power Through"],"picked":"Perfected Strike","floor":8.0},{"not_picked":["Shrug It Off","Wild Strike"],"picked":"Rampage","floor":13.0},{"not_picked":["Limit Break","Bludgeon"],"picked":"Barricade","floor":16.0},{"not_picked":["Sever Soul+1","Shockwave","Sword Boomerang"],"picked":"SKIP","floor":18.0},{"not_picked":["Flex","Pommel Strike","Pummel"],"picked":"SKIP","floor":22.0},{"not_picked":["True Grit","Havoc+1","Feel No Pain"],"picked":"SKIP","floor":24.0},{"not_picked":["Warcry","Pommel Strike"],"picked":"Perfected Strike","floor":25.0},{"not_picked":["Twin Strike+1","Second Wind"],"picked":"Armaments","floor":29.0},{"not_picked":["Exhume","Fiend Fire"],"picked":"Reaper","floor":33.0},{"not_picked":["Thunderclap+1","Warcry+1","Pummel"],"picked":"SKIP","floor":35.0},{"not_picked":["Reckless Charge+1","Heavy Blade","Flex+1"],"picked":"SKIP","floor":37.0},{"not_picked":["Heavy Blade+1","Flex+1","Clothesline"],"picked":"SKIP","floor":38},{"not_picked":["Sadistic Nature","Impatience"],"picked":"The Bomb","floor":39},{"not_picked":["Thunderclap","Uppercut"],"picked":"Pommel Strike","floor":41},{"not_picked":["Heavy Blade","True Grit","Flex+1"],"picked":"SKIP","floor":45},{"not_picked":["Armaments+1","True Grit"],"picked":"Shrug It Off+1","floor":46},{"not_picked":["Sword Boomerang+1","Warcry","Clothesline"],"picked":"SKIP","floor":47},{"not_picked":["Sword Boomerang","Warcry+1","Combust+1"],"picked":"SKIP","floor":48}],"player_experience":286125,"relics_obtained":[{"floor":7.0,"key":"Happy Flower"},{"floor":9.0,"key":"Orichalcum"},{"floor":26.0,"key":"Bronze Scales"},{"floor":43,"key":"Kunai"},{"floor":47,"key":"Blood Vial"}],"event_choices":[{"event_name":"The Cleric","player_choice":"Card Removal","floor":2.0,"damage_taken":0.0},{"event_name":"WeMeetAgain","player_choice":"Gold","floor":5.0,"damage_taken":0.0},{"event_name":"Big Fish","player_choice":"Box","floor":12.0,"damage_taken":0.0},{"event_name":"Bonfire Elementals","player_choice":"CURSE","floor":20.0,"damage_taken":0.0},{"event_name":"Forgotten Altar","player_choice":"Shed Blood","floor":21.0,"damage_taken":0.0},{"event_name":"Duplicator","player_choice":"One dupe","floor":27.0,"damage_taken":0.0},{"event_name":"Ghosts","player_choice":"Became a Ghost","floor":31.0,"damage_taken":0.0},{"event_name":"Winding Halls","player_choice":"Embrace Madness","floor":36.0,"damage_taken":0.0},{"event_name":"SensoryStone","player_choice":"Memory 2","floor":39,"damage_taken":0}],"is_beta":false,"boss_relics":[{"not_picked":["Ectoplasm","Calling Bell"],"picked":"Coffee Dripper"},{"not_picked":["Fusion Hammer","Snecko Eye"],"picked":"Cursed Key"}],"items_purged_floors":[11,44],"is_endless":false,"potions_floor_spawned":[3,4,13,16,22,24,37,45,46,48],"ascension_level":3}