{"gold_per_floor":[117,42,42,42,54,54,89,89,113,148,148,73,106,117,117,193,193,207,107,107,118,118,118,148,148,148,148,23,54,78,103,103,175,175,186,202,114,114,114,145,145,145,169,169,0,31,31,31,31,31],"floor_reached":50,"playtime":1364,"items_purged":["Strike_R","Defend_R","Defend_R"],"score":1203,"play_id":"07c04723-e829-4cec-adbf-eaedb6d55dc2","local_time":"20181215021609","is_ascension_mode":true,"campfire_choices":[{"data":"Pommel Strike","floor":6,"key":"SMITH"},{"data":"Bash","floor":8,"key":"SMITH"},{"data":"Inflame","floor":11,"key":"SMITH"},{"data":"Uppercut","floor":15,"key":"SMITH"},{"data":"Shockwave","floor":23,"key":"SMITH"},{"floor":25,"key":"REST"},{"data":"True Grit","floor":27,"key":"SMITH"},{"floor":32,"key":"REST"},{"data":"Inflame","floor":41,"key":"SMITH"},{"floor":44,"key":"REST"},{"floor":49,"key":"RECALL"}],"neow_cost":"NONE","seed_source_timestamp":114647021437729,"circlet_count":0,"master_deck":["AscendersBane","Strike_R","Strike_R","Strike_R","Defend_R","Bash+1","Battle Trance","Pommel Strike+1","Shrug It Off","Inflame+1","Shockwave+1","Uppercut+1","Power Through","Battle Trance","True Grit+1","Pummel","Twin Strike","Fiend Fire","Inflame+1","Twin Strike+1","Whirlwind","Iron Wave+1","Injury","Double Tap","Writhe","Panacea"],"relics":["Burning Blood","NeowsBlessing","Paper Frog","Red Skull","Juzu Bracelet","Lantern","Kunai","Sozu","Letter Opener","WingedGreaves","Sundial","Bronze Scales","Turnip","Cursed Key","Blue Candle","Red Mask","Vajra"],"potions_floor_usage":[10,10,31],"damage_taken":[{"damage":0,"enemies":"Small Slimes","floor":1,"turns":1},{"damage":0,"enemies":"Jaw Worm","floor":5,"turns":1},{"damage":0,"enemies":"3 Sentries","floor":7,"turns":1},{"damage":37,"enemies":"Gremlin Nob","floor":10,"turns":4},{"damage":19,"enemies":"Lagavulin","floor":13,"turns":6},{"damage":0,"enemies":"Cultist","floor":14,"turns":2},{"damage":24,"enemies":"Slime Boss","floor":16,"turns":6},{"damage":9,"enemies":"Chosen","floor":18,"turns":3},{"damage":12,"enemies":"3 Byrds","floor":21,"turns":5},{"damage":25,"enemies":"Slavers","floor":24,"turns":7},{"damage":13,"enemies":"Gremlin Leader","floor":29,"turns":6},{"damage":17,"enemies":"Book of Stabbing","floor":31,"turns":3},{"damage":33,"enemies":"Champ","floor":33,"turns":7},{"damage":9,"enemies":"Orb Walker","floor":35,"turns":3},{"damage":14,"enemies":"3 Darklings","floor":36,"turns":4},{"damage":27,"enemies":"Nemesis","floor":40,"turns":3},{"damage":13,"enemies":"Reptomancer","floor":46,"turns":4},{"damage":72,"enemies":"Awakened One","floor":50,"turns":8}],"seed_played":"-4944614772860262375","potions_obtained":[{"floor":1,"key":"PowerPotion"},{"floor":5,"key":"SkillPotion"},{"floor":16,"key":"Dexterity Potion"}],"is_trial":false,"path_per_floor":["M","?","?","T","M","R","E","R","T","E","R","$","E","M","R","B",null,"M","$","?","M","?","R","E","R","T","R","$","E","T","E","R","B",null,"M","M","$","?","?","E","R","?","T","R","?","E","?","?","R","B"],"character_chosen":"IRONCLAD","items_purchased":["Whirlwind"],"campfire_rested":3,"item_purchase_floors":[37],"current_hp_per_floor":[74,74,74,74,75,75,75,75,75,44,44,44,31,37,37,19,61,58,58,37,31,31,31,12,36,36,36,36,29,29,18,42,15,64,61,53,53,53,53,32,32,32,32,56,56,49,65,65,65,0],"gold":31,"neow_bonus":"THREE_ENEMY_KILL","is_prod":false,"is_daily":false,"chose_seed":false,"campfire_upgraded":7,"win_rate":0,"timestamp":1544807769,"path_taken":["M","?","?","?","?","R","E","R","T","E","R","?","E","M","R","BOSS","M","$","?","M","?","R","E","R","T","R","?","E","?","E","R","BOSS","M","M","$","?","?","E","R","?","T","R","?","E","?","?","R","BOSS"],"build_version":"2018-12-13","purchased_purges":3,"victory":false,"max_hp_per_floor":[75,75,75,75,75,75,75,75,75,75,75,75,75,75,75,75,75,75,75,80,80,80,80,80,80,80,80,80,80,80,80,80,80,80,80,80,80,80,80,80,80,80,80,80,80,80,80,80,80,80],"card_choices":[{"not_picked":["Seeing Red","Heavy Blade"],"picked":"Battle Trance","floor":1},{"not_picked":["Cleave","Hemokinesis"],"picked":"Pommel Strike","floor":5},{"not_picked":["Infernal Blade","Iron Wave"],"picked":"Shrug It Off","floor":7},{"not_picked":["Shrug It Off","Pummel"],"picked":"Inflame","floor":10},{"not_picked":["Pummel","Feel No Pain"],"picked":"Shockwave","floor":13},{"not_picked":["Anger","Headbutt"],"picked":"Uppercut","floor":14},{"not_picked":["Bludgeon","Fiend Fire"],"picked":"Brutality","floor":16},{"not_picked":["Infernal Blade+1","Pommel Strike"],"picked":"Power Through","floor":18},{"not_picked":["Clothesline","True Grit"],"picked":"Battle Trance","floor":21},{"not_picked":["Brutality","Body Slam"],"picked":"True Grit","floor":24},{"not_picked":["Anger","Havoc"],"picked":"Pummel","floor":29},{"not_picked":["Metallicize","Juggernaut"],"picked":"Twin Strike","floor":31},{"not_picked":["Juggernaut","Dark Embrace"],"picked":"Fiend Fire","floor":33},{"not_picked":["Hemokinesis+1","Battle Trance"],"picked":"Inflame","floor":35},{"not_picked":["Pommel Strike","Flame Barrier"],"picked":"Twin Strike+1","floor":36},{"not_picked":["Wild Strike","Clash+1"],"picked":"Iron Wave+1","floor":40},{"not_picked":["Rampage+1","Anger"],"picked":"Double Tap","floor":46},{"not_picked":["HandOfGreed","Enlightenment"],"picked":"Panacea","floor":48}],"player_experience":791377,"relics_obtained":[{"floor":4,"key":"Paper Frog"},{"floor":7,"key":"Red Skull"},{"floor":9,"key":"Juzu Bracelet"},{"floor":10,"key":"Lantern"},{"floor":13,"key":"Kunai"},{"floor":24,"key":"Letter Opener"},{"floor":26,"key":"WingedGreaves"},{"floor":29,"key":"Sundial"},{"floor":30,"key":"Bronze Scales"},{"floor":31,"key":"Turnip"},{"floor":40,"key":"Blue Candle"},{"floor":46,"key":"Vajra"}],"event_choices":[{"cards_removed":["Defend_R"],"damage_healed":0,"gold_gain":0,"player_choice":"Card Removal","damage_taken":0,"max_hp_gain":0,"max_hp_loss":0,"event_name":"The Cleric","floor":2,"gold_loss":75},{"damage_healed":0,"gold_gain":0,"player_choice":"Ignored","damage_taken":0,"max_hp_gain":0,"max_hp_loss":0,"event_name":"Golden Idol","floor":3,"gold_loss":0},{"damage_healed":0,"gold_gain":0,"player_choice":"Shed Blood","damage_taken":26,"max_hp_gain":5,"max_hp_loss":0,"event_name":"Forgotten Altar","floor":20,"gold_loss":0},{"cards_removed":["Strike_R"],"damage_healed":0,"gold_gain":0,"player_choice":"Elegance","damage_taken":0,"max_hp_gain":0,"max_hp_loss":0,"event_name":"Back to Basics","floor":22,"gold_loss":0},{"cards_removed":["Brutality"],"damage_healed":0,"gold_gain":0,"player_choice":"Removed Power","damage_taken":0,"max_hp_gain":0,"max_hp_loss":0,"event_name":"Falling","floor":38,"gold_loss":0},{"damage_healed":0,"gold_gain":0,"player_choice":"Ignored","damage_taken":0,"max_hp_gain":0,"max_hp_loss":0,"event_name":"Mysterious Sphere","floor":39,"gold_loss":0},{"damage_healed":0,"gold_gain":0,"player_choice":"Got Potions","damage_taken":0,"max_hp_gain":0,"max_hp_loss":0,"event_name":"Lab","floor":42,"gold_loss":0},{"damage_healed":0,"gold_gain":0,"player_choice":"Paid","damage_taken":0,"relics_obtained":["Red Mask"],"max_hp_gain":0,"max_hp_loss":0,"event_name":"Tomb of Lord Red Mask","floor":45,"gold_loss":169},{"damage_healed":16,"gold_gain":0,"player_choice":"Writhe","damage_taken":0,"max_hp_gain":0,"max_hp_loss":0,"event_name":"Winding Halls","floor":47,"gold_loss":0,"cards_obtained":["Writhe"]},{"damage_healed":0,"gold_gain":0,"player_choice":"Memory 1","damage_taken":0,"max_hp_gain":0,"max_hp_loss":0,"event_name":"SensoryStone","floor":48,"gold_loss":0}],"is_beta":false,"boss_relics":[{"not_picked":["Eternal Feather","Black Star"],"picked":"Sozu"},{"not_picked":["Orrery","Philosopher\u0027s Stone"],"picked":"Cursed Key"}],"items_purged_floors":[12,19,28],"is_endless":false,"potions_floor_spawned":[1,5,7,16,24,31,35],"killed_by":"Awakened One","ascension_level":20}