{"gold_per_floor":[369,387,11,21,96,96,114,128,181,181,27,42,42,68,68,171,171,191,191,40,52,52,52,65,65,65,65,95,111,111],"floor_reached":30,"playtime":1604,"items_purged":["Strike_R"],"score":313,"play_id":"8377aa77-9141-4c9d-93a7-6aba7e3476b6","local_time":"20181104191523","is_ascension_mode":true,"campfire_choices":[{"data":"Armaments","floor":6.0,"key":"SMITH"},{"data":"Discovery","floor":10.0,"key":"SMITH"},{"data":"Inflame","floor":13.0,"key":"SMITH"},{"data":"Armaments","floor":15.0,"key":"SMITH"},{"floor":23.0,"key":"REST"},{"data":"Demon Form","floor":25.0,"key":"SMITH"}],"neow_cost":"TEN_PERCENT_HP_LOSS","seed_source_timestamp":0,"circlet_count":0,"master_deck":["Strike_R","Strike_R","Strike_R","Strike_R","Defend_R","Defend_R","Defend_R","Defend_R","Bash","Spot Weakness","Armaments+1","Discovery+1","Inflame+1","Cleave","Armaments+1","Demon Form+1","Whirlwind","Bludgeon","Infernal Blade+1","Shame","Thunderclap","Writhe"],"special_seed":0,"relics":["Burning Blood","Anchor","Blood Vial","Lantern","Shuriken","Cursed Key","Bag of Marbles","Girya","Calipers"],"potions_floor_usage":[28,29,30],"damage_taken":[{"damage":6.0,"enemies":"Cultist","floor":1.0,"turns":3.0},{"damage":15.0,"enemies":"Small Slimes","floor":2.0,"turns":3.0},{"damage":0.0,"enemies":"Jaw Worm","floor":4.0,"turns":3.0},{"damage":0.0,"enemies":"Large Slime","floor":7.0,"turns":3.0},{"damage":4.0,"enemies":"Exordium Wildlife","floor":8.0,"turns":5.0},{"damage":27.0,"enemies":"Gremlin Gang","floor":12.0,"turns":5.0},{"damage":22.0,"enemies":"Lagavulin","floor":14.0,"turns":6.0},{"damage":41.0,"enemies":"Slime Boss","floor":16.0,"turns":10.0},{"damage":30.0,"enemies":"3 Byrds","floor":18.0,"turns":4.0},{"damage":13.0,"enemies":"Colosseum Slavers","floor":19.0,"turns":5.0},{"damage":23.0,"enemies":"Shell Parasite","floor":21.0,"turns":5.0},{"damage":16.0,"enemies":"Chosen and Byrds","floor":24.0,"turns":7.0},{"damage":6,"enemies":"Slavers","floor":28,"turns":2},{"damage":33,"enemies":"Sentry and Sphere","floor":29,"turns":5},{"damage":22,"enemies":"Shelled Parasite and Fungi","floor":30,"turns":2}],"seed_played":"-6981048455385402414","potions_obtained":[{"floor":1.0,"key":"Regen Potion"},{"floor":14.0,"key":"Regen Potion"},{"floor":16.0,"key":"Strength Potion"},{"floor":18.0,"key":"Block Potion"},{"floor":21.0,"key":"SkillPotion"}],"is_trial":false,"path_per_floor":["M","M","$","M","?","R","M","M","T","R","$","M","R","E","R","B",null,"M","?","$","M","?","R","M","R","T","$","E","M","M"],"character_chosen":"IRONCLAD","items_purchased":["Discovery","Anchor","Inflame","Lantern","Bludgeon"],"campfire_rested":1,"item_purchase_floors":[3,3,3,11,20],"current_hp_per_floor":[72,63,63,69,58,58,64,66,66,66,66,47,47,33,33,54,68,46,41,41,26,26,47,39,39,39,39,41,16,0],"gold":111,"neow_bonus":"TWO_FIFTY_GOLD","is_prod":false,"is_daily":false,"chose_seed":false,"campfire_upgraded":5,"win_rate":0,"timestamp":1541321123,"path_taken":["M","?","$","M","?","R","M","M","T","R","$","M","R","E","R","BOSS","M","?","$","M","?","R","M","R","T","?","E","M","?"],"build_version":"2018-11-01","purchased_purges":1,"victory":false,"max_hp_per_floor":[72,72,72,72,72,72,72,72,72,72,72,72,72,72,72,72,72,72,72,72,72,72,72,72,72,72,72,72,72,72],"card_choices":[{"not_picked":["Sever Soul","Pommel Strike"],"picked":"Spot Weakness","floor":1.0},{"not_picked":["Wild Strike","Havoc"],"picked":"Armaments","floor":2.0},{"not_picked":["True Grit","Hemokinesis","Anger"],"picked":"SKIP","floor":4.0},{"not_picked":["Bloodletting","Evolve","Blood for Blood"],"picked":"SKIP","floor":7.0},{"not_picked":["Ghostly Armor","Rage","Body Slam"],"picked":"SKIP","floor":8.0},{"not_picked":["Feed","Flex"],"picked":"Cleave","floor":12.0},{"not_picked":["Warcry","Corruption"],"picked":"Armaments","floor":14.0},{"not_picked":["Offering","Impervious"],"picked":"Demon Form","floor":16.0},{"not_picked":["Havoc","Perfected Strike"],"picked":"Whirlwind","floor":18.0},{"not_picked":["Ghostly Armor","Dropkick"],"picked":"Infernal Blade+1","floor":21.0},{"not_picked":["Armaments","Dropkick+1"],"picked":"Thunderclap","floor":24.0},{"not_picked":["Body Slam","Feed","Shockwave+1"],"picked":"SKIP","floor":28},{"not_picked":["Dual Wield","Dropkick","Shrug It Off"],"picked":"SKIP","floor":29}],"player_experience":372731,"relics_obtained":[{"floor":9.0,"key":"Blood Vial"},{"floor":14.0,"key":"Shuriken"},{"floor":26,"key":"Girya"},{"floor":28,"key":"Calipers"}],"event_choices":[{"damage_healed":0.0,"max_hp_gain":0.0,"max_hp_loss":0.0,"gold_gain":75.0,"event_name":"World of Goop","player_choice":"Gather Gold","floor":5.0,"gold_loss":0.0,"damage_taken":11.0},{"damage_healed":0.0,"max_hp_gain":0.0,"max_hp_loss":0.0,"gold_gain":0.0,"event_name":"Colosseum","player_choice":"Fight","floor":19.0,"gold_loss":0.0,"damage_taken":0.0},{"damage_healed":0.0,"max_hp_gain":0.0,"max_hp_loss":0.0,"gold_gain":0.0,"event_name":"Colosseum","player_choice":"Fled From Nobs","floor":19.0,"gold_loss":0.0,"damage_taken":0.0},{"damage_healed":0.0,"max_hp_gain":0.0,"max_hp_loss":0.0,"gold_gain":0.0,"event_name":"Addict","player_choice":"Stole Relic","floor":22.0,"gold_loss":0.0,"damage_taken":0.0,"relics_obtained":["Bag of Marbles"],"cards_obtained":["Shame"]}],"is_beta":false,"boss_relics":[{"not_picked":["Runic Pyramid","Ectoplasm"],"picked":"Cursed Key"}],"items_purged_floors":[3],"is_endless":false,"potions_floor_spawned":[1,14,16,18,19,21],"killed_by":"Shelled Parasite and Fungi","ascension_level":5}