{"gold_per_floor":[118,118,218,218,12,37,37,37,84,84,84,110,128,147,147,250,250,261,273,273,287,28,28],"floor_reached":23,"playtime":1224,"items_purged":["Strike_B"],"score":227,"play_id":"5e1a9152-965d-4176-a4c5-13d4523bbf74","local_time":"20180913193901","is_ascension_mode":true,"campfire_choices":[{"data":"Zap","floor":8,"key":"SMITH"},{"data":"Dualcast","floor":11,"key":"SMITH"},{"floor":15,"key":"REST"}],"neow_cost":"CURSE","seed_source_timestamp":5732137343564,"circlet_count":0,"master_deck":["Strike_B","Strike_B","Defend_B","Defend_B","Defend_B","Zap+1","Dualcast+1","Thunder Strike","Conserve Battery","All For One","Footwork","Inflame","Demon Form","Hello World+1","Backflip+1","Pain","Heavy Blade","Panache"],"relics":["Cracked Core","PrismaticShard","Singing Bowl","Bag of Preparation","Pantograph","Pocketwatch","Empty Cage","WarpedTongs"],"potions_floor_usage":[6,16,16,16,23,23],"damage_taken":[{"damage":0,"enemies":"Small Slimes","floor":1,"turns":3},{"damage":24,"enemies":"Gremlin Nob","floor":6,"turns":4},{"damage":22,"enemies":"3 Sentries","floor":12,"turns":6},{"damage":2,"enemies":"Cultist","floor":13,"turns":3},{"damage":0,"enemies":"2 Louse","floor":14,"turns":2},{"damage":33,"enemies":"Hexaghost","floor":16,"turns":10},{"damage":5,"enemies":"Chosen","floor":18,"turns":4},{"damage":27,"enemies":"Shell Parasite","floor":19,"turns":6},{"damage":18,"enemies":"3 Cultists","floor":21,"turns":7},{"damage":27,"enemies":"Book of Stabbing","floor":23,"turns":3}],"seed_played":"-3644481159079401259","potions_obtained":[{"floor":1,"key":"EntropicBrew"},{"floor":12,"key":"Block Potion"},{"floor":13,"key":"EssenceOfSteel"},{"floor":18,"key":"Strength Potion"},{"floor":19,"key":"Poison Potion"}],"is_trial":false,"path_per_floor":["M","?","?","?","$","E","?","R","T","?","R","E","M","M","R","B",null,"M","M","?","M","$"],"character_chosen":"DEFECT","items_purchased":["PrismaticShard","Panache"],"campfire_rested":1,"item_purchase_floors":[5,22],"current_hp_per_floor":[75,75,75,75,75,51,44,44,44,44,44,22,20,22,45,37,77,72,45,45,27,27,0],"gold":28,"neow_bonus":"THREE_RARE_CARDS","is_prod":false,"is_daily":false,"chose_seed":false,"campfire_upgraded":2,"win_rate":0,"timestamp":1536833341,"path_taken":["M","?","?","?","$","E","?","R","T","?","R","E","M","M","R","BOSS","M","M","?","?","$","E"],"build_version":"2018-09-06","purchased_purges":1,"victory":false,"max_hp_per_floor":[75,75,75,75,75,75,75,75,75,75,75,75,75,77,77,77,77,77,77,77,77,77,77],"card_choices":[{"not_picked":["Amplify","Seek"],"picked":"Thunder Strike","floor":0},{"not_picked":["Redo","Hologram"],"picked":"Conserve Battery","floor":1},{"not_picked":["True Grit","Envenom"],"picked":"All For One","floor":6},{"not_picked":["Cloak And Dagger","Stack"],"picked":"Footwork","floor":12},{"not_picked":["Deflect","Thunderclap"],"picked":"Inflame","floor":13},{"not_picked":["Beam Cell","Backflip","Enlightenment"],"picked":"Singing Bowl","floor":14},{"not_picked":["Fiend Fire","Violence"],"picked":"Demon Form","floor":16},{"not_picked":["Anger+1","Jack Of All Trades"],"picked":"Hello World+1","floor":18},{"not_picked":["Cloak And Dagger","Twin Strike+1"],"picked":"Backflip+1","floor":19},{"not_picked":["Ghostly Armor","Twin Strike"],"picked":"Heavy Blade","floor":21}],"player_experience":176066,"relics_obtained":[{"floor":6,"key":"Singing Bowl"},{"floor":9,"key":"Bag of Preparation"},{"floor":12,"key":"Pocketwatch"}],"event_choices":[{"event_name":"Liars Game","player_choice":"disagreed","floor":2,"damage_taken":0},{"event_name":"Golden Shrine","player_choice":"Pray","floor":3,"damage_taken":0},{"event_name":"Fountain of Cleansing","player_choice":"Removed Curse","floor":4,"damage_taken":0},{"event_name":"Golden Wing","player_choice":"Card Removal","floor":7,"damage_taken":0},{"event_name":"Big Fish","player_choice":"Box","floor":10,"damage_taken":0},{"event_name":"Accursed Blacksmith","player_choice":"Rummage","floor":20,"damage_taken":0}],"is_beta":false,"boss_relics":[{"not_picked":["Tiny House","Coffee Dripper"],"picked":"Empty Cage"}],"items_purged_floors":[22],"is_endless":false,"potions_floor_spawned":[1,12,13,18,19],"killed_by":"Book of Stabbing","ascension_level":3}