{"gold_per_floor":[118,118,43,43,43,75,75,87,87,99,99,99],"floor_reached":12,"playtime":472,"items_purged":["Strike_R"],"score":118,"play_id":"e928c9a0-048c-4d48-9a16-a0b930f3f1d6","local_time":"20190215175646","is_ascension_mode":true,"campfire_choices":[{"floor":7,"key":"REST"}],"neow_cost":"NONE","seed_source_timestamp":21101937170719,"circlet_count":0,"master_deck":["AscendersBane","Strike_R","Strike_R","Strike_R","Strike_R","Defend_R","Defend_R","Defend_R","Defend_R","Bash+1","Corruption"],"relics":["Burning Blood","Juzu Bracelet","GremlinMask","Question Card","Omamori"],"potions_floor_usage":[10],"damage_taken":[{"damage":9,"enemies":"2 Louse","floor":1,"turns":4},{"damage":66,"enemies":"Lagavulin","floor":6,"turns":8},{"damage":6,"enemies":"Cultist","floor":8,"turns":4},{"damage":7,"enemies":"Jaw Worm","floor":10,"turns":6},{"damage":33,"enemies":"Red Slaver","floor":12,"turns":4}],"seed_played":"6993332428629025217","potions_obtained":[{"floor":6,"key":"PowerPotion"},{"floor":10,"key":"Dexterity Potion"}],"is_trial":false,"path_per_floor":["M","?","$","?","$","E","R","M","T","M","?","M"],"character_chosen":"IRONCLAD","items_purchased":[],"campfire_rested":1,"item_purchase_floors":[],"current_hp_per_floor":[69,69,69,69,69,9,33,33,33,32,32,0],"gold":99,"neow_bonus":"RANDOM_COMMON_RELIC","is_prod":false,"is_daily":false,"chose_seed":false,"campfire_upgraded":0,"win_rate":0,"timestamp":1550275006,"path_taken":["M","?","?","?","$","E","R","M","T","M","?","M"],"build_version":"2019-01-23","purchased_purges":1,"victory":false,"max_hp_per_floor":[80,80,80,80,80,80,80,80,80,80,80,80],"card_choices":[{"not_picked":["True Grit","Headbutt","Heavy Blade"],"picked":"SKIP","floor":1},{"not_picked":["Thunderclap","Twin Strike"],"picked":"Corruption","floor":6},{"not_picked":["True Grit","Sever Soul","Hemokinesis","Heavy Blade"],"picked":"SKIP","floor":8},{"not_picked":["Clothesline","Havoc","Thunderclap","Sever Soul"],"picked":"SKIP","floor":10}],"player_experience":346477,"relics_obtained":[{"floor":6,"key":"Question Card"},{"floor":9,"key":"Omamori"}],"event_choices":[{"damage_healed":0,"gold_gain":0,"player_choice":"Trade","damage_taken":0,"relics_obtained":["GremlinMask"],"max_hp_gain":0,"max_hp_loss":0,"event_name":"FaceTrader","floor":2,"gold_loss":0},{"damage_healed":0,"gold_gain":0,"player_choice":"Upgraded","damage_taken":0,"max_hp_gain":0,"max_hp_loss":0,"event_name":"Upgrade Shrine","floor":4,"gold_loss":0,"cards_upgraded":["Bash"]},{"damage_healed":0,"gold_gain":0,"player_choice":"Searched \u00270\u0027 times","damage_taken":0,"max_hp_gain":0,"max_hp_loss":0,"event_name":"Dead Adventurer","floor":11,"gold_loss":0}],"is_beta":false,"boss_relics":[],"items_purged_floors":[3],"is_endless":false,"potions_floor_spawned":[6,10],"killed_by":"Red Slaver","ascension_level":11}