{"gold_per_floor":[116,116,116,116,131,464,464,464,464,496,509,51,79,93,93,172,172,186,86,86,56,76,102,116,116,141,141,155,155,167,9,9,83,83,102,120,120,135,147,193,193,205,205,205,34,59,76,92,92,92],"floor_reached":50,"playtime":1578,"items_purged":["Pain","Strike_R"],"score":1124,"play_id":"f5d839ca-49f7-42bd-a6f6-ee0d4b3e8eb8","local_time":"20190216212904","is_ascension_mode":true,"campfire_choices":[{"data":"Brutality","floor":7.0,"key":"SMITH"},{"floor":15.0,"key":"REST"},{"data":"Uppercut","floor":25.0,"key":"SMITH"},{"data":"Inflame","floor":27.0,"key":"SMITH"},{"floor":32.0,"key":"REST"},{"data":"Disarm","floor":41,"key":"SMITH"},{"floor":44,"key":"RECALL"},{"floor":49,"key":"REST"}],"neow_cost":"NONE","seed_source_timestamp":0,"circlet_count":0,"master_deck":["AscendersBane","Strike_R","Strike_R","Defend_R","Defend_R","Bash+1","Flex+1","Second Wind","Brutality+1","Thunderclap","Uppercut+1","Ghostly Armor","Feed","Double Tap+1","Rampage+1","Bloodletting+1","Shrug It Off","Inflame+1","Power Through+1","Fiend Fire+1","Disarm+1","Warcry+1","Seeing Red+1","Shrug It Off+1","Ghostly Armor+1","Rupture+1"],"special_seed":0,"relics":["Burning Blood","NeowsBlessing","WarpedTongs","Old Coin","Centennial Puzzle","Red Skull","ClockworkSouvenir","Strawberry","Shuriken","Astrolabe","Orichalcum","Vajra","Pen Nib","Velvet Choker","Darkstone Periapt","Oddly Smooth Stone","Juzu Bracelet"],"potions_floor_usage":[42,48,50],"damage_taken":[{"damage":0.0,"enemies":"Jaw Worm","floor":1.0,"turns":1.0},{"damage":0.0,"enemies":"Small Slimes","floor":5.0,"turns":1.0},{"damage":0.0,"enemies":"Lagavulin","floor":6.0,"turns":1.0},{"damage":33.0,"enemies":"3 Sentries","floor":10.0,"turns":10.0},{"damage":7.0,"enemies":"Cultist","floor":11.0,"turns":3.0},{"damage":18.0,"enemies":"Lagavulin","floor":13.0,"turns":4.0},{"damage":0.0,"enemies":"Blue Slaver","floor":14.0,"turns":1.0},{"damage":15.0,"enemies":"The Guardian","floor":16.0,"turns":10.0},{"damage":16.0,"enemies":"Spheric Guardian","floor":18.0,"turns":3.0},{"damage":9.0,"enemies":"3 Byrds","floor":22.0,"turns":4.0},{"damage":31.0,"enemies":"Slavers","floor":23.0,"turns":5.0},{"damage":20.0,"enemies":"Shelled Parasite and Fungi","floor":24.0,"turns":3.0},{"damage":1.0,"enemies":"Snake Plant","floor":28.0,"turns":2.0},{"damage":10.0,"enemies":"Centurion and Healer","floor":30.0,"turns":3.0},{"damage":42.0,"enemies":"Champ","floor":33.0,"turns":9.0},{"damage":1,"enemies":"Orb Walker","floor":35,"turns":2},{"damage":14,"enemies":"3 Darklings","floor":36,"turns":3},{"damage":15,"enemies":"Transient","floor":38,"turns":6},{"damage":15,"enemies":"4 Shapes","floor":39,"turns":5},{"damage":12,"enemies":"Sphere and 2 Shapes","floor":42,"turns":3},{"damage":65,"enemies":"Nemesis","floor":46,"turns":9},{"damage":0,"enemies":"3 Darklings","floor":47,"turns":4},{"damage":9,"enemies":"Spire Growth","floor":48,"turns":3},{"damage":74,"enemies":"Donu and Deca","floor":50,"turns":5}],"seed_played":"-8096107740289815881","potions_obtained":[{"floor":5.0,"key":"Energy Potion"},{"floor":6.0,"key":"Ancient Potion"},{"floor":10.0,"key":"Energy Potion"},{"floor":21.0,"key":"Block Potion"},{"floor":21.0,"key":"Fruit Juice"},{"floor":23.0,"key":"Fire Potion"},{"floor":24.0,"key":"Energy Potion"},{"floor":30.0,"key":"FearPotion"},{"floor":35,"key":"Energy Potion"},{"floor":39,"key":"BloodPotion"},{"floor":46,"key":"Fire Potion"},{"floor":48,"key":"PowerPotion"}],"is_trial":false,"path_per_floor":["M","?","?","?","M","E","R","?","T","E","M","$","E","M","R","B",null,"M","$","?","?","M","E","M","R","T","R","M","?","M","$","R","B",null,"M","M","?","M","M","T","R","M","T","R","$","E","M","M","R","B"],"character_chosen":"IRONCLAD","items_purchased":["ClockworkSouvenir","Strawberry","Pen Nib","Oddly Smooth Stone"],"campfire_rested":3,"item_purchase_floors":[12,12,31,45],"current_hp_per_floor":[74,67,44,44,50,56,56,56,56,29,28,35,23,29,53,44,73,63,63,63,68,68,47,36,36,36,36,41,41,41,41,71,35,85,90,85,85,76,70,70,70,79,79,79,79,20,26,27,61,0],"gold":92,"neow_bonus":"THREE_ENEMY_KILL","is_prod":false,"is_daily":false,"chose_seed":false,"campfire_upgraded":4,"win_rate":0,"timestamp":1550320144,"path_taken":["M","?","?","?","?","E","R","?","T","E","M","$","E","M","R","BOSS","M","$","?","?","?","E","M","R","T","R","M","?","M","$","R","BOSS","M","M","?","?","M","?","R","?","T","R","$","E","M","M","R","BOSS"],"build_version":"2019-01-23","purchased_purges":2,"victory":false,"max_hp_per_floor":[75,75,75,75,75,75,75,75,75,75,75,82,82,82,82,82,82,82,82,82,87,90,94,97,97,97,97,97,97,101,101,101,101,101,101,104,104,104,107,107,107,111,111,111,111,111,111,115,115,115],"card_choices":[{"not_picked":["Thunderclap","Sword Boomerang"],"picked":"Flex","floor":1.0},{"not_picked":["Dropkick","Flex"],"picked":"Second Wind","floor":5.0},{"not_picked":["Anger","Twin Strike"],"picked":"Brutality","floor":6.0},{"not_picked":["Dropkick","Wild Strike"],"picked":"Thunderclap","floor":10.0},{"not_picked":["Clash","Heavy Blade"],"picked":"Uppercut","floor":11.0},{"not_picked":["Hemokinesis","Bludgeon","Metallicize"],"picked":"SKIP","floor":13.0},{"not_picked":["Whirlwind","Burning Pact"],"picked":"Ghostly Armor","floor":14.0},{"not_picked":["Impervious","Juggernaut"],"picked":"Feed","floor":16.0},{"not_picked":["Heavy Blade","Clash","Anger"],"picked":"SKIP","floor":18.0},{"not_picked":["Havoc","Warcry","True Grit"],"picked":"SKIP","floor":22.0},{"not_picked":["Pommel Strike","Dropkick"],"picked":"Inflame","floor":23.0},{"not_picked":["Second Wind","Searing Blow","Burning Pact"],"picked":"SKIP","floor":24.0},{"not_picked":["Cleave","Flex"],"picked":"Power Through+1","floor":28.0},{"not_picked":["Havoc","True Grit","Headbutt+1"],"picked":"SKIP","floor":30.0},{"not_picked":["Dark Embrace","Double Tap"],"picked":"Fiend Fire","floor":33.0},{"not_picked":["Sever Soul","Wild Strike"],"picked":"Disarm","floor":35},{"not_picked":["Havoc","Corruption","Seeing Red"],"picked":"SKIP","floor":36},{"not_picked":["Perfected Strike","Metallicize+1","Barricade"],"picked":"SKIP","floor":38},{"not_picked":["Seeing Red","Whirlwind"],"picked":"Warcry+1","floor":39},{"not_picked":["Warcry","Seeing Red+1","Rage"],"picked":"SKIP","floor":42},{"not_picked":["Warcry","Rage"],"picked":"Seeing Red+1","floor":42},{"not_picked":["Twin Strike","Havoc"],"picked":"Shrug It Off+1","floor":46},{"not_picked":["Armaments+1","Perfected Strike"],"picked":"Ghostly Armor+1","floor":47},{"not_picked":["Sword Boomerang","Infernal Blade"],"picked":"Rupture+1","floor":48}],"player_experience":910507,"relics_obtained":[{"floor":6.0,"key":"Old Coin"},{"floor":9.0,"key":"Centennial Puzzle"},{"floor":10.0,"key":"Red Skull"},{"floor":13.0,"key":"Shuriken"},{"floor":23.0,"key":"Orichalcum"},{"floor":26.0,"key":"Vajra"},{"floor":43,"key":"Darkstone Periapt"},{"floor":46,"key":"Juzu Bracelet"}],"event_choices":[{"cards_removed":["Strike_R"],"damage_healed":0.0,"max_hp_gain":0.0,"max_hp_loss":0.0,"gold_gain":0.0,"event_name":"Golden Wing","player_choice":"Card Removal","floor":2.0,"gold_loss":0.0,"damage_taken":7.0},{"damage_healed":0.0,"max_hp_gain":0.0,"max_hp_loss":0.0,"gold_gain":0.0,"event_name":"Shining Light","player_choice":"Entered Light","floor":3.0,"gold_loss":0.0,"damage_taken":23.0,"cards_upgraded":["Flex","Bash"]},{"damage_healed":0.0,"max_hp_gain":0.0,"max_hp_loss":0.0,"gold_gain":0.0,"event_name":"Accursed Blacksmith","player_choice":"Rummage","floor":4.0,"gold_loss":0.0,"damage_taken":0.0,"relics_obtained":["WarpedTongs"],"cards_obtained":["Pain"]},{"damage_healed":0.0,"max_hp_gain":0.0,"max_hp_loss":0.0,"gold_gain":0.0,"event_name":"Liars Game","player_choice":"Ignored","floor":8.0,"gold_loss":0.0,"damage_taken":0.0},{"damage_healed":0.0,"max_hp_gain":0.0,"max_hp_loss":0.0,"gold_gain":0.0,"event_name":"The Library","player_choice":"Read","floor":20.0,"gold_loss":0.0,"damage_taken":0.0,"cards_obtained":["Shrug It Off"]},{"damage_healed":0.0,"max_hp_gain":0.0,"max_hp_loss":0.0,"gold_gain":0.0,"event_name":"The Woman in Blue","player_choice":"Bought 2 Potions","floor":21.0,"gold_loss":0.0,"damage_taken":0.0},{"damage_healed":0.0,"max_hp_gain":0.0,"max_hp_loss":0.0,"gold_gain":0.0,"event_name":"Ghosts","player_choice":"Ignored","floor":29.0,"gold_loss":0.0,"damage_taken":0.0},{"damage_healed":0,"gold_gain":0,"player_choice":"Upgraded","damage_taken":0,"max_hp_gain":0,"max_hp_loss":0,"event_name":"Upgrade Shrine","floor":37,"gold_loss":0,"cards_upgraded":["Fiend Fire"]}],"is_beta":false,"boss_relics":[{"not_picked":["Ectoplasm","Orrery"],"picked":"Astrolabe"},{"not_picked":["Cursed Key","Black Star"],"picked":"Velvet Choker"}],"items_purged_floors":[12,19],"is_endless":false,"potions_floor_spawned":[5,6,10,11,23,24,30,35,39,46,48],"killed_by":"Donu and Deca","ascension_level":20}