{"gold_per_floor":[111,63,63,3,13,13,32,45,45,57,57,5,5,35,35,135,135,145,159,84,84,95,95,95],"floor_reached":24,"playtime":1246,"items_purged":["Strike_B"],"score":216,"play_id":"e094d573-f095-4f38-bb56-aafcc503254a","local_time":"20180908124746","is_ascension_mode":true,"campfire_choices":[{"data":"Leap","floor":6,"key":"SMITH"},{"data":"Streamline","floor":11,"key":"SMITH"},{"data":"All For One","floor":15,"key":"SMITH"},{"floor":23,"key":"REST"}],"neow_cost":"NONE","seed_source_timestamp":969005300369696,"circlet_count":0,"master_deck":["Strike_B","Strike_B","Strike_B","Defend_B","Defend_B","Defend_B","Defend_B","Zap","Dualcast","Gash","Streamline+1","Regret","Leap+1","Static Discharge","Ball Lightning","Gash","All For One+1","Electrodynamics","Genetic Algorithm+1","Streamline","Redo+1"],"special_seed":0,"relics":["Cracked Core","Bronze Scales","Darkstone Periapt","Art of War","Blood Vial","Gambling Chip","Nuclear Battery"],"potions_floor_usage":[8,14,16],"damage_taken":[{"damage":3,"enemies":"2 Louse","floor":1,"turns":2},{"damage":2,"enemies":"Jaw Worm","floor":5,"turns":4},{"damage":1,"enemies":"Cultist","floor":7,"turns":3},{"damage":16,"enemies":"Exordium Wildlife","floor":8,"turns":5},{"damage":12,"enemies":"Exordium Thugs","floor":10,"turns":4},{"damage":13,"enemies":"Gremlin Nob","floor":14,"turns":3},{"damage":35,"enemies":"Slime Boss","floor":16,"turns":6},{"damage":8,"enemies":"Spheric Guardian","floor":18,"turns":3},{"damage":18,"enemies":"Shell Parasite","floor":19,"turns":3},{"damage":53,"enemies":"Shelled Parasite and Fungi","floor":22,"turns":6},{"damage":34,"enemies":"Slavers","floor":24,"turns":1}],"seed_played":"9122417552100376779","potions_obtained":[{"floor":5,"key":"Regen Potion"},{"floor":7,"key":"Regen Potion"},{"floor":10,"key":"Explosive Potion"}],"is_trial":false,"path_per_floor":["M","$","?","?","M","R","M","M","T","M","R","$","?","E","R","B",null,"M","M","$","?","M","R"],"character_chosen":"DEFECT","items_purchased":["Streamline","Gash"],"campfire_rested":1,"item_purchase_floors":[2,12],"current_hp_per_floor":[72,72,78,78,76,76,75,73,73,63,63,63,63,61,61,28,81,73,57,57,57,6,30,0],"gold":95,"neow_bonus":"RANDOM_COMMON_RELIC","is_prod":false,"is_daily":false,"chose_seed":false,"campfire_upgraded":3,"win_rate":0,"timestamp":1536376666,"path_taken":["M","$","?","?","M","R","M","?","T","M","R","$","?","E","R","BOSS","M","?","$","?","M","R","E"],"build_version":"2018-09-06","purchased_purges":1,"victory":false,"max_hp_per_floor":[75,75,81,81,81,81,81,81,81,81,81,81,81,81,81,81,81,81,81,81,81,81,81,81],"card_choices":[{"not_picked":["Rebound","Melter"],"picked":"Gash","floor":1},{"not_picked":["Ball Lightning","Hologram"],"picked":"Leap","floor":5},{"not_picked":["Sweeping Beam","Capacitor"],"picked":"Static Discharge","floor":7},{"not_picked":["Go for the Eyes","Turbo"],"picked":"Ball Lightning","floor":8},{"not_picked":["Undo","Amplify","Chaos"],"picked":"SKIP","floor":10},{"not_picked":["Undo","Tempest"],"picked":"All For One","floor":14},{"not_picked":["Multi-Cast","Machine Learning"],"picked":"Electrodynamics","floor":16},{"not_picked":["Reinforced Body","Beam Cell+1","Hologram"],"picked":"SKIP","floor":18},{"not_picked":["Glacier+1","Blizzard"],"picked":"Genetic Algorithm+1","floor":19},{"not_picked":["Tempest","Sunder"],"picked":"Redo+1","floor":22}],"player_experience":148773,"relics_obtained":[{"floor":9,"key":"Blood Vial"},{"floor":14,"key":"Gambling Chip"}],"event_choices":[{"event_name":"Big Fish","player_choice":"Box","floor":3,"damage_taken":0},{"event_name":"WeMeetAgain","player_choice":"Gold","floor":4,"damage_taken":0},{"event_name":"The Cleric","player_choice":"Leave","floor":13,"damage_taken":0},{"event_name":"The Library","player_choice":"Read","floor":21,"damage_taken":0}],"is_beta":false,"boss_relics":[{"not_picked":["Busted Crown","Black Star"],"picked":"Nuclear Battery"}],"items_purged_floors":[20],"is_endless":false,"potions_floor_spawned":[5,7,10],"killed_by":"Slavers","ascension_level":2}