{"gold_per_floor":[115,76,76,95,107,139,139,165,165,199,149,149,149,162,162,260,260,275,9,9,21,39,68,68,68,68,111,33,59,71,106,118,227,239,264,276,288,320,332,379,391,403,464,496,535,561,573,596,608,620],"floor_reached":51,"playtime":2660,"items_purged":["Strike_R"],"score":875,"play_id":"c3eaa49f-739b-4e73-b237-838b99338667","local_time":"20181109185928","is_ascension_mode":true,"campfire_choices":[{"data":"Metallicize","floor":7.0,"key":"SMITH"},{"data":"Body Slam","floor":13.0,"key":"SMITH"},{"data":"Body Slam","floor":15.0,"key":"SMITH"},{"data":"Entrench","floor":25.0,"key":"SMITH"},{"data":"Defend_R","floor":30.0,"key":"SMITH"},{"floor":32.0,"key":"REST"},{"data":"The Bomb","floor":47.0,"key":"SMITH"},{"data":"Madness","floor":49.0,"key":"SMITH"}],"neow_cost":"NONE","seed_source_timestamp":0,"circlet_count":0,"master_deck":["Strike_R","Defend_R+1","Defend_R","Defend_R","Defend_R","Bash+1","Barricade+1","Headbutt","Metallicize+1","Body Slam+1","Cleave","Iron Wave","Thunderclap","Body Slam+1","Metallicize+1","RitualDagger","Ghostly Armor","Entrench+1","Entrench+1","Dramatic Entrance","The Bomb+1","Madness+1","Madness","Parasite","Shrug It Off"],"special_seed":0,"relics":["Burning Blood","Bottled Tornado","Kunai","Pantograph","Juzu Bracelet","Self Forming Clay","Sozu","DollysMirror","Blue Candle","MawBank","Centennial Puzzle","Art of War","Runic Pyramid","Bag of Marbles","Smiling Mask","Frozen Egg 2"],"potions_floor_usage":[],"damage_taken":[{"damage":9.0,"enemies":"2 Louse","floor":1.0,"turns":3.0},{"damage":0.0,"enemies":"Cultist","floor":4.0,"turns":6.0},{"damage":11.0,"enemies":"Small Slimes","floor":5.0,"turns":5.0},{"damage":9.0,"enemies":"Lagavulin","floor":6.0,"turns":11.0},{"damage":27.0,"enemies":"Gremlin Nob","floor":8.0,"turns":6.0},{"damage":18.0,"enemies":"3 Sentries","floor":10.0,"turns":8.0},{"damage":13.0,"enemies":"3 Louse","floor":14.0,"turns":3.0},{"damage":16.0,"enemies":"Slime Boss","floor":16.0,"turns":11.0},{"damage":6.0,"enemies":"3 Byrds","floor":18.0,"turns":5.0},{"damage":11.0,"enemies":"Spheric Guardian","floor":21.0,"turns":6.0},{"damage":15.0,"enemies":"Chosen and Byrds","floor":22.0,"turns":6.0},{"damage":36.0,"enemies":"Slavers","floor":23.0,"turns":9.0},{"damage":13.0,"enemies":"Book of Stabbing","floor":27.0,"turns":7.0},{"damage":0.0,"enemies":"Sentry and Sphere","floor":29.0,"turns":6.0},{"damage":0.0,"enemies":"Collector","floor":33.0,"turns":8.0},{"damage":15.0,"enemies":"3 Shapes","floor":35.0,"turns":3.0},{"damage":5.0,"enemies":"Orb Walker","floor":38.0,"turns":4.0},{"damage":23.0,"enemies":"Nemesis","floor":40.0,"turns":7.0},{"damage":12.0,"enemies":"4 Shapes","floor":44.0,"turns":6.0},{"damage":19.0,"enemies":"Reptomancer","floor":45.0,"turns":6.0},{"damage":0.0,"enemies":"Writhing Mass","floor":46.0,"turns":4.0},{"damage":4.0,"enemies":"3 Darklings","floor":48.0,"turns":5.0},{"damage":22.0,"enemies":"Awakened One","floor":50.0,"turns":10.0}],"seed_played":"-1324233888828391061","potions_obtained":[{"floor":4.0,"key":"Regen Potion"},{"floor":5.0,"key":"Ancient Potion"},{"floor":8.0,"key":"SteroidPotion"},{"floor":10.0,"key":"Dexterity Potion"},{"floor":16.0,"key":"Poison Potion"}],"is_trial":false,"path_per_floor":["M","$","?","M","M","E","R","E","T","E","?","?","R","M","R","B",null,"M","$","?","M","M","E","?","R","T","E","?","M","R","T","R","B",null,"M","?","?","M","?","E","?","?","T","M","E","M","R","M","R","B",null],"character_chosen":"IRONCLAD","items_purchased":["Metallicize","DollysMirror"],"campfire_rested":1,"item_purchase_floors":[2,19],"current_hp_per_floor":[77,77,77,80,75,72,72,51,51,39,39,21,21,23,23,38,80,80,80,74,69,60,30,30,30,30,23,23,29,29,29,53,80,80,71,71,71,72,62,45,35,70,70,64,51,57,57,59,59,54],"gold":632,"neow_bonus":"ONE_RANDOM_RARE_CARD","is_prod":false,"is_daily":false,"chose_seed":false,"campfire_upgraded":7,"win_rate":0,"timestamp":1541752168,"path_taken":["M","$","?","?","M","E","R","E","T","E","?","?","R","M","R","BOSS","M","$","?","M","M","E","?","R","T","E","?","M","R","?","R","BOSS","M","?","?","M","?","E","?","?","T","M","E","M","R","M","R","BOSS"],"build_version":"2018-11-08","purchased_purges":1,"victory":true,"max_hp_per_floor":[80,80,80,80,80,80,80,80,80,80,80,80,80,80,80,80,80,80,80,80,80,80,80,80,80,80,80,80,80,80,80,80,80,80,80,80,80,80,80,80,80,70,70,70,70,70,70,70,70,70],"card_choices":[{"not_picked":["True Grit","Perfected Strike"],"picked":"Headbutt","floor":1.0},{"not_picked":["Power Through","Armaments"],"picked":"Body Slam","floor":4.0},{"not_picked":["Searing Blow","Sever Soul"],"picked":"Cleave","floor":5.0},{"not_picked":["Dark Embrace","Pommel Strike","Headbutt"],"picked":"SKIP","floor":6.0},{"not_picked":["True Grit","Burning Pact"],"picked":"Iron Wave","floor":8.0},{"not_picked":["Havoc","Warcry"],"picked":"Thunderclap","floor":10.0},{"not_picked":["Clothesline","Infernal Blade"],"picked":"Body Slam","floor":14.0},{"not_picked":["Havoc","Sword Boomerang+1","Seeing Red"],"picked":"SKIP","floor":18.0},{"not_picked":["Pummel","Second Wind+1"],"picked":"Ghostly Armor","floor":21.0},{"not_picked":["Havoc","True Grit"],"picked":"Entrench","floor":22.0},{"not_picked":["Bloodletting","Wild Strike","Clash"],"picked":"SKIP","floor":23.0},{"not_picked":["Power Through","Heavy Blade","Inflame"],"picked":"SKIP","floor":27.0},{"not_picked":["Perfected Strike","Searing Blow","Twin Strike"],"picked":"SKIP","floor":29.0},{"not_picked":["Thunderclap+1","Sentinel+1"],"picked":"Entrench+1","floor":35.0},{"not_picked":["Twin Strike","Bloodletting+1","Ghostly Armor"],"picked":"SKIP","floor":38.0},{"not_picked":["Swift Strike","PanicButton"],"picked":"Dramatic Entrance","floor":39.0},{"not_picked":["Enlightenment","Deep Breath"],"picked":"The Bomb","floor":39.0},{"not_picked":["Heavy Blade+1","Dual Wield+1","Wild Strike"],"picked":"SKIP","floor":40.0},{"not_picked":["Cleave+1","Clash","Evolve"],"picked":"SKIP","floor":44.0},{"not_picked":["Anger+1","Clash","Thunderclap"],"picked":"SKIP","floor":45.0},{"not_picked":["Perfected Strike+1","Heavy Blade","Clash+1"],"picked":"SKIP","floor":46.0},{"not_picked":["Perfected Strike+1","Heavy Blade","Clash+1"],"picked":"SKIP","floor":46.0},{"not_picked":["Hemokinesis+1","Headbutt+1"],"picked":"Shrug It Off","floor":48.0}],"player_experience":380623,"relics_obtained":[{"floor":6.0,"key":"Bottled Tornado"},{"floor":8.0,"key":"Kunai"},{"floor":9.0,"key":"Pantograph"},{"floor":10.0,"key":"Juzu Bracelet"},{"floor":23.0,"key":"Blue Candle"},{"floor":26.0,"key":"MawBank"},{"floor":27.0,"key":"Centennial Puzzle"},{"floor":31.0,"key":"Art of War"},{"floor":40.0,"key":"Bag of Marbles"},{"floor":43.0,"key":"Smiling Mask"},{"floor":45.0,"key":"Frozen Egg 2"}],"event_choices":[{"damage_healed":0.0,"max_hp_gain":0.0,"max_hp_loss":0.0,"gold_gain":0.0,"event_name":"Accursed Blacksmith","player_choice":"Forge","floor":3.0,"gold_loss":0.0,"damage_taken":0.0,"cards_upgraded":["Barricade"]},{"cards_removed":["Strike_R"],"damage_healed":0.0,"max_hp_gain":0.0,"max_hp_loss":0.0,"gold_gain":0.0,"event_name":"The Cleric","player_choice":"Card Removal","floor":11.0,"gold_loss":50.0,"damage_taken":0.0},{"damage_healed":0.0,"max_hp_gain":0.0,"max_hp_loss":0.0,"gold_gain":0.0,"event_name":"Scrap Ooze","player_choice":"Success","floor":12.0,"gold_loss":0.0,"damage_taken":18.0,"relics_obtained":["Self Forming Clay"]},{"damage_healed":0.0,"max_hp_gain":0.0,"max_hp_loss":0.0,"gold_gain":0.0,"event_name":"Nest","player_choice":"Joined the Cult","floor":20.0,"gold_loss":0.0,"damage_taken":6.0,"cards_obtained":["RitualDagger"]},{"damage_healed":0.0,"max_hp_gain":0.0,"max_hp_loss":0.0,"gold_gain":0.0,"event_name":"Match and Keep!","player_choice":"0 cards matched","floor":24.0,"gold_loss":0.0,"damage_taken":0.0,"cards_obtained":[]},{"cards_removed":["Strike_R"],"damage_healed":0.0,"max_hp_gain":0.0,"max_hp_loss":0.0,"gold_gain":0.0,"event_name":"Designer","player_choice":"Upgrade and Remove","floor":28.0,"gold_loss":90.0,"damage_taken":0.0,"cards_upgraded":["Bash"]},{"damage_healed":0.0,"max_hp_gain":0.0,"max_hp_loss":0.0,"gold_gain":0.0,"event_name":"Tomb of Lord Red Mask","player_choice":"Ignored","floor":36.0,"gold_loss":0.0,"damage_taken":0.0},{"cards_removed":["Strike_R"],"damage_healed":0.0,"max_hp_gain":0.0,"max_hp_loss":0.0,"gold_gain":0.0,"event_name":"Purifier","player_choice":"Purged","floor":37.0,"gold_loss":0.0,"damage_taken":0.0},{"damage_healed":0.0,"max_hp_gain":0.0,"max_hp_loss":0.0,"gold_gain":0.0,"event_name":"SensoryStone","player_choice":"Memory 3","floor":39.0,"gold_loss":0.0,"damage_taken":10.0},{"damage_healed":0.0,"max_hp_gain":0.0,"max_hp_loss":0.0,"gold_gain":0.0,"event_name":"Winding Halls","player_choice":"Embrace Madness","floor":41.0,"gold_loss":0.0,"damage_taken":10.0,"cards_obtained":["Madness","Madness"]},{"damage_healed":70.0,"max_hp_gain":0.0,"max_hp_loss":10.0,"gold_gain":0.0,"event_name":"The Moai Head","player_choice":"Heal","floor":42.0,"gold_loss":0.0,"damage_taken":0.0}],"is_beta":false,"boss_relics":[{"not_picked":["Coffee Dripper","Cursed Key"],"picked":"Sozu"},{"not_picked":["Black Blood","Snecko Eye"],"picked":"Runic Pyramid"}],"items_purged_floors":[19],"is_endless":false,"potions_floor_spawned":[4,5,8,10,16,22,23,33,44,45],"ascension_level":1}