{"gold_per_floor":[20,39,39,58,137,137,164,89,160,160,115,127,147,178,178,178],"floor_reached":16,"playtime":461,"items_purged":["Strike_R"],"score":116,"play_id":"4ee94b35-77f3-4ca5-a1d6-f9de69ab6eb6","local_time":"20181002000908","is_ascension_mode":true,"campfire_choices":[{"data":"Intimidate","floor":6,"key":"SMITH"},{"data":"Inflame","floor":10,"key":"SMITH"},{"floor":15,"key":"REST"}],"neow_cost":"NO_GOLD","seed_source_timestamp":1211577688409652,"circlet_count":0,"master_deck":["Strike_R","Strike_R","Strike_R","Strike_R","Defend_R","Defend_R","Defend_R","Defend_R","Bash","Immolate","Warcry","Headbutt","Intimidate+1","Inflame+1","Flex","Pummel","Iron Wave"],"relics":["Burning Blood","Gremlin Horn","Vajra","Sundial","Unceasing Top"],"potions_floor_usage":[16,16],"damage_taken":[{"damage":5,"enemies":"Cultist","floor":1,"turns":4},{"damage":6,"enemies":"Jaw Worm","floor":2,"turns":2},{"damage":0,"enemies":"Small Slimes","floor":4,"turns":1},{"damage":27,"enemies":"Gremlin Nob","floor":7,"turns":4},{"damage":0,"enemies":"3 Louse","floor":12,"turns":3},{"damage":22,"enemies":"Exordium Thugs","floor":13,"turns":3},{"damage":21,"enemies":"Lagavulin","floor":14,"turns":4},{"damage":62,"enemies":"The Guardian","floor":16,"turns":10}],"seed_played":"833705391294849008","potions_obtained":[{"floor":12,"key":"Dexterity Potion"},{"floor":13,"key":"Ancient Potion"},{"floor":14,"key":"SpeedPotion"}],"is_trial":false,"path_per_floor":["M","M","T","M","?","R","E","$","T","R","$","M","M","E","R"],"character_chosen":"IRONCLAD","items_purchased":["Flex"],"campfire_rested":1,"item_purchase_floors":[11],"current_hp_per_floor":[80,80,80,80,80,80,59,59,59,59,59,65,49,34,58,0],"gold":178,"neow_bonus":"THREE_RARE_CARDS","is_prod":false,"is_daily":false,"chose_seed":false,"campfire_upgraded":2,"win_rate":0,"timestamp":1538406548,"path_taken":["M","M","?","?","?","R","E","?","T","R","$","M","M","E","R","BOSS"],"build_version":"2018-09-27","purchased_purges":1,"victory":false,"max_hp_per_floor":[80,80,80,80,80,80,80,80,80,80,80,80,80,80,80,80],"card_choices":[{"not_picked":["Limit Break","Reaper"],"picked":"Immolate","floor":0},{"not_picked":["Anger","Sword Boomerang"],"picked":"Warcry","floor":1},{"not_picked":["Wild Strike","Sword Boomerang"],"picked":"Headbutt","floor":2},{"not_picked":["Havoc","Heavy Blade"],"picked":"Intimidate","floor":4},{"not_picked":["Pummel","Corruption"],"picked":"Inflame","floor":7},{"not_picked":["Inflame","Havoc","Sentinel"],"picked":"SKIP","floor":12},{"not_picked":["Cleave","Clash"],"picked":"Pummel","floor":13},{"not_picked":["Fire Breathing","Barricade"],"picked":"Iron Wave","floor":14}],"player_experience":81274,"relics_obtained":[{"floor":3,"key":"Gremlin Horn"},{"floor":7,"key":"Vajra"},{"floor":9,"key":"Sundial"},{"floor":14,"key":"Unceasing Top"}],"event_choices":[{"event_name":"Golden Wing","player_choice":"Gained Gold","floor":5,"damage_taken":0}],"is_beta":false,"boss_relics":[],"items_purged_floors":[8],"is_endless":false,"potions_floor_spawned":[12,13,14],"killed_by":"The Guardian","ascension_level":1}