{"gold_per_floor":[115,132,150,161,161,161,4,4,29,44,17,17,51,66,66,168,168,184,0,0,13,29,29,29,39,39,39,39,39,56,68,68,68],"floor_reached":33,"playtime":1506,"items_purged":["Strike_B"],"score":361,"play_id":"cb470ffb-288c-40e4-a479-8296453a6e54","local_time":"20190211112538","is_ascension_mode":true,"campfire_choices":[{"data":"Defragment","floor":6,"key":"SMITH"},{"data":"Capacitor","floor":8,"key":"SMITH"},{"data":"Ball Lightning","floor":12,"key":"SMITH"},{"data":"Recycle","floor":15,"key":"SMITH"},{"floor":23,"key":"REST"},{"floor":28,"key":"REST"},{"floor":32,"key":"REST"}],"neow_cost":"NONE","seed_source_timestamp":329282331274068,"circlet_count":0,"master_deck":["Strike_B","Strike_B","Strike_B","Defend_B","Defend_B","Defend_B","Defend_B","Zap+1","Dualcast","Defragment+1","Cold Snap","Ball Lightning+1","FTL","Capacitor+1","Ball Lightning","Ball Lightning","Rainbow","Recycle+1","Echo Form","Fusion","Double Energy+1","Cold Snap","Hologram","Sweeping Beam","Go for the Eyes","Go for the Eyes+1"],"relics":["Cracked Core","Dream Catcher","Art of War","Busted Crown","Lantern","Ornamental Fan"],"potions_floor_usage":[14,16,25,33,33],"damage_taken":[{"damage":1,"enemies":"Cultist","floor":1,"turns":3},{"damage":0,"enemies":"2 Louse","floor":2,"turns":2},{"damage":0,"enemies":"Small Slimes","floor":3,"turns":3},{"damage":12,"enemies":"Looter","floor":4,"turns":3},{"damage":8,"enemies":"Blue Slaver","floor":10,"turns":3},{"damage":11,"enemies":"3 Sentries","floor":13,"turns":4},{"damage":13,"enemies":"3 Louse","floor":14,"turns":2},{"damage":13,"enemies":"Hexaghost","floor":16,"turns":8},{"damage":34,"enemies":"2 Thieves","floor":18,"turns":3},{"damage":3,"enemies":"Chosen","floor":21,"turns":3},{"damage":22,"enemies":"Snake Plant","floor":22,"turns":3},{"damage":43,"enemies":"Shelled Parasite and Fungi","floor":25,"turns":4},{"damage":21,"enemies":"Snecko","floor":30,"turns":5},{"damage":25,"enemies":"Snake Plant","floor":31,"turns":3},{"damage":31,"enemies":"Champ","floor":33,"turns":3}],"seed_played":"-5053248429623318616","potions_obtained":[{"floor":10,"key":"EssenceOfSteel"},{"floor":14,"key":"SkillPotion"},{"floor":16,"key":"SteroidPotion"},{"floor":21,"key":"Energy Potion"},{"floor":22,"key":"Regen Potion"},{"floor":30,"key":"FairyPotion"}],"is_trial":false,"path_per_floor":["M","M","M","M","?","R","$","R","T","M","$","R","E","M","R","B",null,"M","?","?","M","M","R","?","M","T","$","R","$","M","M","R","B"],"character_chosen":"DEFECT","items_purchased":["Capacitor","Ball Lightning"],"campfire_rested":3,"item_purchase_floors":[7,11],"current_hp_per_floor":[67,67,67,55,75,75,75,75,75,67,67,67,56,43,43,30,64,30,30,30,27,5,27,52,21,21,21,43,43,22,4,26,0],"gold":68,"neow_bonus":"UPGRADE_CARD","is_prod":false,"is_daily":false,"chose_seed":false,"campfire_upgraded":4,"win_rate":0,"timestamp":1549905938,"path_taken":["M","?","M","M","?","R","$","R","T","M","$","R","E","M","R","BOSS","M","?","?","M","M","R","?","M","T","?","R","?","M","M","R","BOSS"],"build_version":"2019-01-23","purchased_purges":1,"victory":false,"max_hp_per_floor":[75,75,75,75,75,75,75,75,75,75,75,75,75,75,75,75,75,75,75,75,75,75,75,75,75,75,75,75,75,75,75,75,75],"card_choices":[{"not_picked":["Steam","Coolheaded"],"picked":"Defragment","floor":1},{"not_picked":["Stack","Steam"],"picked":"Cold Snap","floor":2},{"not_picked":["Leap","Gash"],"picked":"Ball Lightning","floor":3},{"not_picked":["Consume","Beam Cell"],"picked":"FTL","floor":4},{"not_picked":["Compile Driver","Cold Snap"],"picked":"Ball Lightning","floor":10},{"not_picked":["Cold Snap","Turbo"],"picked":"Rainbow","floor":13},{"not_picked":["Barrage","Turbo"],"picked":"Recycle","floor":14},{"not_picked":["Reboot","Multi-Cast"],"picked":"Echo Form","floor":16},{"not_picked":[],"picked":"Fusion","floor":18},{"not_picked":[],"picked":"Double Energy+1","floor":21},{"not_picked":["Ball Lightning"],"picked":"SKIP","floor":22},{"not_picked":[],"picked":"Cold Snap","floor":23},{"not_picked":[],"picked":"Hologram","floor":25},{"not_picked":[],"picked":"Sweeping Beam","floor":28},{"not_picked":[],"picked":"Go for the Eyes","floor":30},{"not_picked":[],"picked":"Go for the Eyes+1","floor":31}],"player_experience":272719,"relics_obtained":[{"floor":9,"key":"Dream Catcher"},{"floor":13,"key":"Art of War"},{"floor":26,"key":"Ornamental Fan"}],"event_choices":[{"damage_healed":25,"gold_gain":0,"player_choice":"Banana","damage_taken":0,"max_hp_gain":0,"max_hp_loss":0,"event_name":"Big Fish","floor":5,"gold_loss":0},{"damage_healed":0,"gold_gain":0,"player_choice":"Paid Fearfully","damage_taken":0,"max_hp_gain":0,"max_hp_loss":0,"event_name":"Masked Bandits","floor":19,"gold_loss":184},{"damage_healed":0,"gold_gain":0,"player_choice":"Opened","damage_taken":0,"relics_obtained":["Lantern"],"max_hp_gain":0,"max_hp_loss":0,"event_name":"The Mausoleum","floor":20,"gold_loss":0},{"damage_healed":25,"gold_gain":0,"player_choice":"Heal","damage_taken":0,"max_hp_gain":0,"max_hp_loss":0,"event_name":"The Library","floor":24,"gold_loss":0}],"is_beta":false,"boss_relics":[{"not_picked":["Philosopher\u0027s Stone","Astrolabe"],"picked":"Busted Crown"}],"items_purged_floors":[7],"is_endless":false,"potions_floor_spawned":[10,14,16,21,22,30],"killed_by":"Champ","ascension_level":9}