{"gold_per_floor":[110,128,147,162,162,196,196,222,222,239,250,250,250,262,262,363,363,380,131,146,146,146,171,171,202,202,212,212],"floor_reached":28,"playtime":996,"items_purged":[],"score":284,"play_id":"0144d803-f132-441f-a0ec-e88f82fe304a","local_time":"20181001184926","is_ascension_mode":true,"campfire_choices":[{"floor":7,"key":"REST"},{"floor":12,"key":"REST"},{"floor":15,"key":"REST"},{"floor":24,"key":"REST"}],"neow_cost":"NONE","seed_source_timestamp":1191858706324915,"circlet_count":0,"master_deck":["Strike_R","Strike_R","Strike_R+1","Strike_R","Strike_R+1","Defend_R","Defend_R","Defend_R","Defend_R","Bash","Shrug It Off","Spot Weakness","Cleave","Spot Weakness","Demon Form+1","Double Tap","Sever Soul","RitualDagger","Shrug It Off+1"],"relics":["Fusion Hammer","Magic Flower","Ancient Tea Set","Letter Opener","Bag of Marbles","Mark of Pain","Shuriken","MutagenicStrength","Bottled Lightning","The Courier","Whetstone"],"potions_floor_usage":[27,28,28],"damage_taken":[{"damage":0,"enemies":"Cultist","floor":1,"turns":3},{"damage":1,"enemies":"2 Louse","floor":2,"turns":3},{"damage":1,"enemies":"Jaw Worm","floor":3,"turns":3},{"damage":7,"enemies":"Looter","floor":4,"turns":3},{"damage":28,"enemies":"Gremlin Nob","floor":6,"turns":4},{"damage":19,"enemies":"3 Sentries","floor":8,"turns":6},{"damage":9,"enemies":"Blue Slaver","floor":10,"turns":3},{"damage":14,"enemies":"Large Slime","floor":11,"turns":5},{"damage":5,"enemies":"Looter","floor":14,"turns":3},{"damage":22,"enemies":"Slime Boss","floor":16,"turns":7},{"damage":7,"enemies":"3 Byrds","floor":18,"turns":5},{"damage":2,"enemies":"Chosen","floor":20,"turns":4},{"damage":35,"enemies":"Slavers","floor":23,"turns":4},{"damage":48,"enemies":"Book of Stabbing","floor":25,"turns":5},{"damage":4,"enemies":"3 Cultists","floor":27,"turns":5},{"damage":6,"enemies":"Snake Plant","floor":28,"turns":2}],"seed_played":"-354442507222325626","potions_obtained":[{"floor":1,"key":"Poison Potion"},{"floor":2,"key":"PowerPotion"},{"floor":3,"key":"Block Potion"},{"floor":27,"key":"GamblersBrew"}],"is_trial":false,"path_per_floor":["M","M","M","M","?","E","R","E","T","M","M","R","?","M","R","B",null,"M","$","M","?","?","E","R","E","T","M"],"character_chosen":"IRONCLAD","items_purchased":["Shuriken"],"campfire_rested":4,"item_purchase_floors":[19],"current_hp_per_floor":[80,79,78,71,68,40,64,45,45,36,22,46,46,41,65,43,80,73,73,71,71,65,30,54,6,6,2,0],"gold":212,"neow_bonus":"BOSS_RELIC","is_prod":false,"is_daily":false,"chose_seed":false,"campfire_upgraded":0,"win_rate":0,"timestamp":1538387366,"path_taken":["M","?","M","M","?","E","R","E","T","M","M","R","?","M","R","BOSS","M","$","M","?","?","E","R","E","T","M","?"],"build_version":"2018-09-27","purchased_purges":0,"victory":false,"max_hp_per_floor":[80,80,80,80,80,80,80,80,80,80,80,80,80,80,80,80,80,80,80,80,80,80,80,80,80,80,80,80],"card_choices":[{"not_picked":["Burning Pact","Bloodletting"],"picked":"Shrug It Off","floor":1},{"not_picked":["Sword Boomerang","Clash"],"picked":"Spot Weakness","floor":2},{"not_picked":["Body Slam","Sentinel"],"picked":"Cleave","floor":3},{"not_picked":["Perfected Strike","Thunderclap"],"picked":"Spot Weakness","floor":4},{"not_picked":["Clash","Sword Boomerang"],"picked":"Demon Form","floor":6},{"not_picked":["Body Slam","Iron Wave","Thunderclap"],"picked":"SKIP","floor":8},{"not_picked":["Warcry","Hemokinesis","Metallicize"],"picked":"SKIP","floor":10},{"not_picked":["Inflame","Burning Pact","Hemokinesis"],"picked":"SKIP","floor":11},{"not_picked":["Perfected Strike","Clash","Second Wind"],"picked":"SKIP","floor":14},{"not_picked":["Feed","Immolate"],"picked":"Double Tap","floor":16},{"not_picked":["Clothesline+1","Perfected Strike","Combust"],"picked":"SKIP","floor":18},{"not_picked":["Searing Blow","Entrench"],"picked":"Sever Soul","floor":20},{"not_picked":["Wild Strike","Demon Form","Body Slam"],"picked":"SKIP","floor":23},{"not_picked":["Feel No Pain","Sever Soul"],"picked":"Shrug It Off+1","floor":25},{"not_picked":["Cleave","Clash","Carnage"],"picked":"SKIP","floor":27}],"player_experience":77736,"relics_obtained":[{"floor":6,"key":"Ancient Tea Set"},{"floor":8,"key":"Letter Opener"},{"floor":9,"key":"Bag of Marbles"},{"floor":23,"key":"Bottled Lightning"},{"floor":25,"key":"The Courier"},{"floor":26,"key":"Whetstone"}],"event_choices":[{"event_name":"Scrap Ooze","player_choice":"success","floor":5,"damage_taken":3},{"event_name":"Living Wall","player_choice":"Grow","floor":13,"damage_taken":0},{"event_name":"Drug Dealer","player_choice":"Inject Mutagens","floor":21,"damage_taken":0},{"event_name":"Nest","player_choice":"Joined the Cult","floor":22,"damage_taken":0}],"is_beta":false,"boss_relics":[{"not_picked":["Tiny House","Astrolabe"],"picked":"Mark of Pain"}],"items_purged_floors":[],"is_endless":false,"potions_floor_spawned":[1,2,3,11,14,27],"killed_by":"Snake Plant","ascension_level":1}