{"gold_per_floor":[114,39,39,50,10,41,60,60,60,60,60,60,73,87,87,160,160,177,452,52,69,87,87,112,112,112,122,122,140,157,184,184,184],"floor_reached":33,"playtime":880,"items_purged":["Strike_G","Regret"],"score":657,"play_id":"82e049ba-7d84-4502-8c8e-caacaf53f626","local_time":"20190204020423","is_ascension_mode":true,"campfire_choices":[{"data":"Dagger Spray","floor":10,"key":"SMITH"},{"data":"Crippling Poison","floor":12,"key":"SMITH"},{"data":"Bane","floor":15,"key":"SMITH"},{"floor":23,"key":"REST"},{"floor":25,"key":"REST"},{"floor":32,"key":"REST"}],"neow_cost":"NONE","seed_source_timestamp":1849712642518560,"circlet_count":0,"master_deck":["AscendersBane","Defend_G","Defend_G","Defend_G","Defend_G","Strike_G","Strike_G","Strike_G","Survivor","Neutralize","Poisoned Stab","Dagger Throw","Escape Plan","Dagger Spray+1","Crippling Poison+1","Cloak And Dagger","Poisoned Stab","Bane+1","Acrobatics","Poisoned Stab","Die Die Die","Dagger Throw","Leg Sweep","Noxious Fumes","Caltrops+1","Terror+1","Heel Hook+1","Malaise","Writhe","Bouncing Flask","Underhanded Strike+1","Bouncing Flask","Accuracy+1","Bullet Time"],"relics":["Ring of the Snake","NeowsBlessing","Prayer Wheel","Pear","Cursed Key","TwistedFunnel","Unceasing Top","Lantern","Bottled Flame"],"potions_floor_usage":[16,16,22,33],"damage_taken":[{"damage":0,"enemies":"Cultist","floor":1,"turns":1},{"damage":0,"enemies":"Small Slimes","floor":4,"turns":1},{"damage":0,"enemies":"Lagavulin","floor":6,"turns":1},{"damage":7,"enemies":"Jaw Worm","floor":7,"turns":3},{"damage":8,"enemies":"Gremlin Gang","floor":13,"turns":2},{"damage":9,"enemies":"Large Slime","floor":14,"turns":4},{"damage":36,"enemies":"Hexaghost","floor":16,"turns":9},{"damage":25,"enemies":"Spheric Guardian","floor":18,"turns":4},{"damage":10,"enemies":"Chosen","floor":21,"turns":4},{"damage":18,"enemies":"3 Cultists","floor":22,"turns":4},{"damage":31,"enemies":"Slavers","floor":24,"turns":5},{"damage":3,"enemies":"Snake Plant","floor":27,"turns":5},{"damage":11,"enemies":"Chosen and Byrds","floor":29,"turns":5},{"damage":0,"enemies":"3 Cultists","floor":30,"turns":3},{"damage":0,"enemies":"Gremlin Leader","floor":31,"turns":6},{"damage":43,"enemies":"Collector","floor":33,"turns":3}],"seed_played":"-5911832315675987262","potions_obtained":[{"floor":1,"key":"Weak Potion"},{"floor":4,"key":"PowerPotion"},{"floor":18,"key":"SteroidPotion"},{"floor":27,"key":"FearPotion"},{"floor":30,"key":"EssenceOfSteel"}],"is_trial":false,"path_per_floor":["M","$","?","M","$","E","M","?","T","R","?","R","M","M","R","B",null,"M","?","$","M","M","R","E","R","T","M","?","M","M","E","R","B"],"character_chosen":"THE_SILENT","items_purchased":["Escape Plan","TwistedFunnel","Noxious Fumes"],"campfire_rested":3,"item_purchase_floors":[5,20,20],"current_hp_per_floor":[59,59,64,64,64,64,57,50,60,60,60,60,52,43,43,7,63,38,38,38,28,10,34,3,27,27,24,24,13,13,13,37,0],"gold":184,"neow_bonus":"THREE_ENEMY_KILL","is_prod":false,"is_daily":false,"chose_seed":false,"campfire_upgraded":3,"win_rate":0,"timestamp":1549213463,"path_taken":["M","$","?","M","$","E","M","?","T","R","?","R","M","M","R","BOSS","M","?","$","?","M","R","E","R","T","M","?","M","M","E","R","BOSS"],"build_version":"2019-01-23","purchased_purges":2,"victory":false,"max_hp_per_floor":[66,66,71,71,71,71,71,71,81,81,81,81,81,81,81,81,81,81,81,81,81,81,81,81,81,81,81,81,81,81,81,81,81],"card_choices":[{"not_picked":["Dagger Throw","Setup"],"picked":"Poisoned Stab","floor":1},{"not_picked":["Flying Knee","Underhanded Strike"],"picked":"Dagger Throw","floor":4},{"not_picked":["Flechettes","A Thousand Cuts"],"picked":"Dagger Spray","floor":6},{"not_picked":["Sucker Punch","Dagger Spray"],"picked":"Crippling Poison","floor":7},{"not_picked":["Dagger Throw","Outmaneuver"],"picked":"Cloak And Dagger","floor":7},{"not_picked":["Grand Finale","Cloak And Dagger"],"picked":"Poisoned Stab","floor":13},{"not_picked":["Underhanded Strike","Finisher"],"picked":"Bane","floor":13},{"not_picked":["Blade Dance","Sucker Punch"],"picked":"Acrobatics","floor":14},{"not_picked":["Deflect","Sucker Punch"],"picked":"Poisoned Stab","floor":14},{"not_picked":["Bullet Time","Tools of the Trade"],"picked":"Die Die Die","floor":16},{"not_picked":["Prepared","Dodge and Roll"],"picked":"Dagger Throw","floor":18},{"not_picked":["Dagger Throw","Flechettes"],"picked":"Leg Sweep","floor":18},{"not_picked":["Finisher","Underhanded Strike"],"picked":"Caltrops+1","floor":21},{"not_picked":["Sucker Punch","Poisoned Stab"],"picked":"Terror+1","floor":21},{"not_picked":["All Out Attack","Dagger Throw"],"picked":"Heel Hook+1","floor":22},{"not_picked":["Dagger Spray","Dagger Throw","Expertise"],"picked":"SKIP","floor":22},{"not_picked":["PiercingWail","Blur"],"picked":"Malaise","floor":24},{"not_picked":["Slice","Leg Sweep"],"picked":"Bouncing Flask","floor":27},{"not_picked":["Dash","Heel Hook","Reflex"],"picked":"SKIP","floor":27},{"not_picked":["Cloak And Dagger","Slice"],"picked":"Underhanded Strike+1","floor":29},{"not_picked":["Sucker Punch","Dodge and Roll","Poisoned Stab"],"picked":"SKIP","floor":29},{"not_picked":["Quick Slash","Predator"],"picked":"Bouncing Flask","floor":30},{"not_picked":["Infinite Blades","Sucker Punch"],"picked":"Accuracy+1","floor":30},{"not_picked":["Terror","Accuracy"],"picked":"Bullet Time","floor":31}],"player_experience":847364,"relics_obtained":[{"floor":6,"key":"Prayer Wheel"},{"floor":9,"key":"Pear"},{"floor":24,"key":"Unceasing Top"},{"floor":26,"key":"Lantern"},{"floor":31,"key":"Bottled Flame"}],"event_choices":[{"damage_healed":0,"gold_gain":0,"player_choice":"Donut","damage_taken":0,"max_hp_gain":5,"max_hp_loss":0,"event_name":"Big Fish","floor":3,"gold_loss":0},{"cards_removed":["Defend_G"],"damage_healed":0,"gold_gain":0,"player_choice":"Card Removal","damage_taken":7,"max_hp_gain":0,"max_hp_loss":0,"event_name":"Golden Wing","floor":8,"gold_loss":0},{"cards_removed":["Strike_G"],"damage_healed":0,"gold_gain":0,"player_choice":"Offered Basic","damage_taken":0,"max_hp_gain":0,"max_hp_loss":0,"event_name":"Bonfire Elementals","floor":11,"gold_loss":0},{"damage_healed":0,"gold_gain":275,"player_choice":"Desecrate","damage_taken":0,"max_hp_gain":0,"max_hp_loss":0,"event_name":"Golden Shrine","floor":19,"gold_loss":0,"cards_obtained":["Regret"]},{"damage_healed":0,"gold_gain":0,"player_choice":"0 cards matched","damage_taken":0,"max_hp_gain":0,"max_hp_loss":0,"event_name":"Match and Keep!","floor":28,"gold_loss":0,"cards_obtained":[]}],"is_beta":false,"boss_relics":[{"not_picked":["Runic Pyramid","Pandora\u0027s Box"],"picked":"Cursed Key"}],"items_purged_floors":[2,20],"is_endless":false,"potions_floor_spawned":[1,4,13,14,18,27,30,31],"killed_by":"Collector","ascension_level":19}