{"gold_per_floor":[148,5,30,105,121,156,168,168,191,210,225,241,256,269,269,367,367,378,38,38,55,67,67],"floor_reached":23,"playtime":1081,"items_purged":[],"score":227,"play_id":"22891744-f519-4cad-ab0c-2a5593985597","local_time":"20180927203458","is_ascension_mode":true,"campfire_choices":[{"data":"Limit Break","floor":15.0,"key":"SMITH"}],"neow_cost":"NONE","seed_source_timestamp":1218832672941116,"circlet_count":0,"master_deck":["Strike_R","Strike_R","Strike_R","Strike_R","Strike_R","Defend_R","Defend_R","Defend_R","Defend_R","Bash","Intimidate","Flame Barrier","Inflame","Headbutt","Inflame","Cleave","Limit Break+1","Bludgeon","Iron Wave","Apotheosis","J.A.X.","Metallicize","Dual Wield+1"],"special_seed":0,"relics":["Burning Blood","Tiny Chest","Blood Vial","Ancient Tea Set","Smiling Mask","Centennial Puzzle","Sozu","Happy Flower"],"potions_floor_usage":[16,23],"damage_taken":[{"damage":1.0,"enemies":"Cultist","floor":1.0,"turns":4.0},{"damage":5.0,"enemies":"Small Slimes","floor":5.0,"turns":3.0},{"damage":47.0,"enemies":"Lagavulin","floor":6.0,"turns":8.0},{"damage":0.0,"enemies":"Jaw Worm","floor":7.0,"turns":3.0},{"damage":11.0,"enemies":"Looter","floor":10.0,"turns":3.0},{"damage":11.0,"enemies":"Gremlin Gang","floor":11.0,"turns":8.0},{"damage":4.0,"enemies":"Large Slime","floor":12.0,"turns":5.0},{"damage":10.0,"enemies":"2 Fungi Beasts","floor":13.0,"turns":3.0},{"damage":12.0,"enemies":"3 Louse","floor":14.0,"turns":3.0},{"damage":12,"enemies":"Slime Boss","floor":16,"turns":5},{"damage":34,"enemies":"2 Thieves","floor":18,"turns":4},{"damage":3,"enemies":"3 Byrds","floor":21,"turns":3},{"damage":24,"enemies":"Cultist and Chosen","floor":22,"turns":5},{"damage":46,"enemies":"Book of Stabbing","floor":23,"turns":4}],"seed_played":"-7419478074518185770","potions_obtained":[{"floor":5.0,"key":"SteroidPotion"},{"floor":10.0,"key":"AttackPotion"},{"floor":11.0,"key":"Poison Potion"},{"floor":12.0,"key":"Fire Potion"},{"floor":13.0,"key":"Regen Potion"}],"is_trial":false,"path_per_floor":["M","$","T","?","M","E","M","?","T","M","M","M","M","M","R","B",null,"M","$","?","M","M"],"character_chosen":"IRONCLAD","items_purchased":["Blood Vial","Apotheosis","Happy Flower"],"campfire_rested":0,"item_purchase_floors":[2,19,19],"current_hp_per_floor":[80,80,80,69,72,33,41,34,34,31,28,32,30,38,38,34,80,52,52,52,57,41,0],"gold":67,"neow_bonus":"RANDOM_COMMON_RELIC","is_prod":false,"is_daily":false,"chose_seed":false,"campfire_upgraded":1,"win_rate":0,"timestamp":1538046298,"path_taken":["M","$","?","?","M","E","?","?","T","?","M","M","M","M","R","BOSS","M","$","?","?","M","E"],"build_version":"2018-09-20","purchased_purges":0,"victory":false,"max_hp_per_floor":[80,80,80,80,80,80,80,80,80,80,80,80,80,80,80,80,80,80,80,80,80,80,80],"card_choices":[{"not_picked":["True Grit","Headbutt"],"picked":"Infernal Blade","floor":1.0},{"not_picked":["True Grit","Hemokinesis"],"picked":"Intimidate","floor":5.0},{"not_picked":["Pommel Strike","Body Slam"],"picked":"Flame Barrier","floor":6.0},{"not_picked":["Flex","Power Through"],"picked":"Inflame","floor":7.0},{"not_picked":["Wild Strike","Intimidate"],"picked":"Headbutt","floor":10.0},{"not_picked":["Battle Trance","Clash","Hemokinesis"],"picked":"SKIP","floor":11.0},{"not_picked":["Iron Wave","Bloodletting"],"picked":"Inflame","floor":12.0},{"not_picked":["Pommel Strike","Sword Boomerang"],"picked":"Cleave","floor":13.0},{"not_picked":["Rupture","Armaments"],"picked":"Limit Break","floor":14.0},{"not_picked":["Brutality","Berserk"],"picked":"Bludgeon","floor":16},{"not_picked":["Power Through","Wild Strike+1"],"picked":"Iron Wave","floor":18},{"not_picked":["Whirlwind","Armaments"],"picked":"Metallicize","floor":21},{"not_picked":["Shockwave","True Grit"],"picked":"Dual Wield+1","floor":22}],"player_experience":226151,"relics_obtained":[{"floor":3.0,"key":"Ancient Tea Set"},{"floor":6.0,"key":"Smiling Mask"},{"floor":9.0,"key":"Centennial Puzzle"}],"event_choices":[{"event_name":"World of Goop","player_choice":"Gather Gold","floor":4.0,"damage_taken":0.0},{"event_name":"Golden Wing","player_choice":"Card Removal","floor":8.0,"damage_taken":0.0},{"event_name":"Drug Dealer","player_choice":"Got JAX","floor":20,"damage_taken":0}],"is_beta":false,"boss_relics":[{"not_picked":["Fusion Hammer","Empty Cage"],"picked":"Sozu"}],"items_purged_floors":[],"is_endless":false,"potions_floor_spawned":[5,10,11,12,13,18,22],"killed_by":"Book of Stabbing","ascension_level":3}