{"gold_per_floor":[17,17,30,30,40,73,73,73,73,73,92,109,123,148,148,247,247,258,273,273,288,96,96,124,124,124,124,138,171,184,184,184,282,282,297,315,330,1329,372,389,402,44,44,44,44,44,60,60,60,60],"floor_reached":51,"playtime":5814,"items_purged":[],"score":729,"play_id":"2b348a64-6b3b-4ac8-a97f-d45d427e6dcc","local_time":"20180715001908","is_ascension_mode":false,"campfire_choices":[{"floor":7,"key":"REST"},{"data":"Neutralize","floor":10,"key":"SMITH"},{"floor":15,"key":"REST"},{"data":"Terror","floor":23,"key":"SMITH"},{"floor":27,"key":"REST"},{"floor":32,"key":"REST"},{"floor":44,"key":"REST"},{"data":"Infinite Blades","floor":46,"key":"SMITH"},{"floor":49,"key":"REST"}],"neow_cost":"NO_GOLD","seed_source_timestamp":2504977892156600,"circlet_count":0,"master_deck":["Defend_G","Defend_G","Strike_G","Strike_G","Strike_G","Survivor","Neutralize+1","Backstab","Infinite Blades+1","Terror+1","Quick Slash","Footwork","Finisher","PiercingWail","PiercingWail+1","Adrenaline+1","Footwork","Cloak And Dagger+1","Dagger Throw","Acrobatics+1","Deflect+1","Backstab","Backflip+1","Dagger Spray","Prepared+1","Reflex+1","Dodge and Roll+1","Quick Slash","Predator","Dodge and Roll+1","Swift Strike","Adrenaline+1","Riddle With Holes+1","Noxious Fumes+1","Riddle With Holes+1","Predator+1","Prepared+1","Flash of Steel","Deflect+1","Blade Dance+1","Cloak And Dagger+1","All Out Attack+1","Apotheosis+1","Blur+1","Decay","Cloak And Dagger+1","Madness+1","Madness+1"],"relics":["Ring of the Snake","Paper Crane","Regal Pillow","Toxic Egg 2","Orrery","Oddly Smooth Stone","Omamori","The Courier","Red Mask","Astrolabe","Pear","Mercury Hourglass","Mummified Hand","Bronze Scales","TheAbacus","Gremlin Horn"],"potions_floor_usage":[6,6,14,16,24,29,33,33,41,50],"damage_taken":[{"damage":0,"enemies":"Small Slimes","floor":1,"turns":5},{"damage":0,"enemies":"Jaw Worm","floor":3,"turns":3},{"damage":0,"enemies":"Cultist","floor":5,"turns":2},{"damage":27,"enemies":"Lagavulin","floor":6,"turns":6},{"damage":0,"enemies":"Exordium Wildlife","floor":11,"turns":4},{"damage":3,"enemies":"Gremlin Gang","floor":12,"turns":4},{"damage":3,"enemies":"Looter","floor":13,"turns":3},{"damage":12,"enemies":"Gremlin Nob","floor":14,"turns":4},{"damage":17,"enemies":"Slime Boss","floor":16,"turns":8},{"damage":4,"enemies":"Shell Parasite","floor":18,"turns":4},{"damage":9,"enemies":"2 Thieves","floor":19,"turns":5},{"damage":4,"enemies":"Slaver and Parasite","floor":21,"turns":7},{"damage":32,"enemies":"Gremlin Leader","floor":24,"turns":12},{"damage":0,"enemies":"3 Cultists","floor":28,"turns":5},{"damage":0,"floor":29,"turns":6},{"damage":12,"enemies":"Sentry and Sphere","floor":30,"turns":7},{"damage":51,"enemies":"Collector","floor":33,"turns":11},{"damage":0,"enemies":"3 Shapes","floor":35,"turns":3},{"damage":9,"enemies":"Orb Walker","floor":36,"turns":3},{"damage":33,"enemies":"Transient","floor":37,"turns":5},{"damage":12,"enemies":"Spire Growth","floor":40,"turns":4},{"damage":20,"enemies":"3 Darklings","floor":41,"turns":5},{"damage":1,"enemies":"4 Shapes","floor":47,"turns":4},{"damage":22,"enemies":"Awakened One","floor":50,"turns":15}],"seed_played":"-8675892021523449640","potions_obtained":[{"floor":1,"key":"PowerPotion"},{"floor":5,"key":"SkillPotion"},{"floor":6,"key":"AttackPotion"},{"floor":11,"key":"Ancient Potion"},{"floor":16,"key":"SpeedPotion"},{"floor":24,"key":"SpeedPotion"},{"floor":28,"key":"Ancient Potion"},{"floor":30,"key":"Poison Potion"},{"floor":37,"key":"Regen Potion"},{"floor":41,"key":"SpeedPotion"}],"is_trial":false,"path_per_floor":["M","?","M","?","M","E","R","?","T","R","M","M","M","E","R","B",null,"M","M","?","M","$","R","E","?","T","R","M","?","M","?","R","B",null,"M","M","M","?","$","M","M","$","T","R","?","R","M","?","R","B"],"character_chosen":"THE_SILENT","items_purchased":["Oddly Smooth Stone","Prepared+1","Pear","Mercury Hourglass","Flash of Steel","Deflect+1","Blade Dance+1","Mummified Hand","Bronze Scales","Apotheosis+1","Blur+1","TheAbacus"],"campfire_rested":6,"item_purchase_floors":[22,22,39,39,39,39,39,39,39,42,42,42],"current_hp_per_floor":[70,75,75,75,75,48,70,70,70,70,70,67,64,52,75,58,75,71,62,62,58,58,58,26,12,12,51,51,51,39,39,78,27,80,80,71,38,38,48,36,28,28,28,70,70,70,69,58,90,68],"gold":60,"neow_bonus":"REMOVE_TWO","is_prod":false,"is_daily":false,"chose_seed":false,"campfire_upgraded":3,"win_rate":0,"timestamp":1531639148,"path_taken":["M","?","?","?","?","E","R","?","T","R","M","?","M","E","R","BOSS","M","M","?","?","$","R","E","?","T","R","?","?","?","?","R","BOSS","M","?","M","?","$","M","M","$","T","R","?","R","M","?","R","BOSS"],"build_version":"2018-07-12","purchased_purges":0,"victory":true,"max_hp_per_floor":[70,75,75,75,75,75,75,75,75,75,75,75,75,75,75,75,75,75,75,75,75,75,75,75,80,80,80,80,80,80,80,80,80,80,80,80,80,80,90,90,90,90,90,90,90,90,90,90,90,90],"card_choices":[{"not_picked":["Skewer","Flechettes"],"picked":"Backstab","floor":1},{"not_picked":["Dagger Throw","Caltrops"],"picked":"Infinite Blades","floor":3},{"not_picked":["Underhanded Strike","Acrobatics"],"picked":"Terror","floor":5},{"not_picked":["Night Terror","Outmaneuver"],"picked":"Quick Slash","floor":6},{"not_picked":["PiercingWail","Deflect"],"picked":"Footwork","floor":11},{"not_picked":["Dagger Throw","Catalyst"],"picked":"Finisher","floor":12},{"not_picked":["Slice","Dash"],"picked":"PiercingWail","floor":13},{"not_picked":["Well Laid Plans","A Thousand Cuts"],"picked":"PiercingWail","floor":14},{"not_picked":["A Thousand Cuts","Die Die Die"],"picked":"Adrenaline+1","floor":16},{"not_picked":["Noxious Fumes","Slice"],"picked":"Footwork","floor":17},{"not_picked":["PiercingWail+1","Dagger Spray"],"picked":"Cloak And Dagger+1","floor":17},{"not_picked":["Infinite Blades","Underhanded Strike"],"picked":"Dagger Throw","floor":17},{"not_picked":["Caltrops","Noxious Fumes"],"picked":"Acrobatics+1","floor":17},{"not_picked":["Underhanded Strike","Caltrops"],"picked":"Deflect+1","floor":17},{"not_picked":["Dagger Throw","Underhanded Strike"],"picked":"Backstab","floor":18},{"not_picked":["Underhanded Strike","Bullet Time+1"],"picked":"Backflip+1","floor":19},{"not_picked":["Slice","Bane"],"picked":"Dagger Spray","floor":21},{"not_picked":["Backflip+1","Calculated Gamble+1"],"picked":"Reflex+1","floor":24},{"not_picked":["Slice","Heel Hook+1"],"picked":"Dodge and Roll+1","floor":28},{"not_picked":["Deadly Poison+1","Endless Agony"],"picked":"Quick Slash","floor":29},{"not_picked":["Flechettes","Tools of the Trade"],"picked":"Predator","floor":30},{"not_picked":["Bullet Time+1","Tactician+1"],"picked":"Adrenaline+1","floor":33},{"not_picked":["Well Laid Plans","Underhanded Strike"],"picked":"Predator+1","floor":35},{"not_picked":["Dagger Throw","Caltrops","Skewer"],"picked":"SKIP","floor":36},{"not_picked":["Skewer+1","Bane+1"],"picked":"Prepared+1","floor":37},{"not_picked":["Catalyst+1","Bane+1"],"picked":"Cloak And Dagger+1","floor":40},{"not_picked":["Dagger Throw","Acrobatics+1"],"picked":"All Out Attack+1","floor":41},{"not_picked":["Dagger Throw+1","Crippling Poison+1"],"picked":"Cloak And Dagger+1","floor":47}],"player_experience":79751,"relics_obtained":[{"floor":6,"key":"Paper Crane"},{"floor":9,"key":"Regal Pillow"},{"floor":14,"key":"Toxic Egg 2"},{"floor":24,"key":"Omamori"},{"floor":26,"key":"The Courier"},{"floor":29,"key":"Red Mask"},{"floor":43,"key":"Gremlin Horn"}],"event_choices":[{"event_name":"Big Fish","player_choice":"Donut","floor":2,"damage_taken":0},{"event_name":"Wheel of Change","player_choice":"Full Heal","floor":4,"damage_taken":0},{"event_name":"Bonfire Elementals","player_choice":"BASIC","floor":8,"damage_taken":0},{"event_name":"Ghosts","player_choice":"Ignored","floor":20,"damage_taken":0},{"event_name":"Forgotten Altar","player_choice":"Shed Blood","floor":25,"damage_taken":0},{"event_name":"Masked Bandits","player_choice":"Fought over 138 gold","floor":29,"damage_taken":0},{"event_name":"Match and Keep!","player_choice":"3 cards matched","floor":31,"damage_taken":0},{"event_name":"MindBloom","player_choice":"Gold","floor":38,"damage_taken":0},{"event_name":"Wheel of Change","player_choice":"Curse","floor":45,"damage_taken":0},{"event_name":"Winding Halls","player_choice":"Embrace Madness","floor":48,"damage_taken":0}],"boss_relics":[{"not_picked":["Calling Bell","Philosopher\u0027s Stone"],"picked":"Orrery"},{"not_picked":["Lizard Tail","Runic Pyramid"],"picked":"Astrolabe"}],"items_purged_floors":[],"is_endless":false,"potions_floor_spawned":[1,5,6,11,16,24,28,30,37,41],"ascension_level":0}