{"gold_per_floor":[126,138,75,87,114,159,171,212,224,254,266,312,324,351,363,448,460,484,520,548,573,585,597],"floor_reached":23,"playtime":627,"items_purged":[],"score":401,"play_id":"54c356ad-25f4-43ed-a1a4-143c1f919dc4","local_time":"20180822010236","is_ascension_mode":true,"campfire_choices":[{"data":"Thunderclap","floor":7,"key":"SMITH"},{"data":"Clash","floor":15,"key":"SMITH"}],"neow_cost":"NONE","seed_source_timestamp":396115831751972,"circlet_count":0,"master_deck":["Strike_R","Strike_R","Strike_R","Strike_R","Defend_R","Defend_R","Bash","AscendersBane","Battle Trance","Shrug It Off+1","Thunderclap+1","Clash+1","Dual Wield+1","Clash","Seeing Red","Limit Break","Clash","Clash","Shockwave"],"relics":["Burning Blood","MawBank","Shuriken","Bag of Marbles","Frozen Egg 2","War Paint","Black Star","Boot"],"potions_floor_usage":[6,12,16,20,21,23],"damage_taken":[{"damage":10,"enemies":"Jaw Worm","floor":1,"turns":5},{"damage":2,"enemies":"2 Louse","floor":5,"turns":3},{"damage":27,"enemies":"Lagavulin","floor":6,"turns":6},{"damage":24,"enemies":"3 Sentries","floor":8,"turns":7},{"damage":0,"enemies":"Small Slimes","floor":10,"turns":3},{"damage":4,"enemies":"Lagavulin","floor":12,"turns":4},{"damage":6,"enemies":"Looter","floor":14,"turns":2},{"damage":10,"enemies":"Hexaghost","floor":16,"turns":6},{"damage":17,"enemies":"2 Thieves","floor":18,"turns":3},{"damage":11,"enemies":"Spheric Guardian","floor":20,"turns":3},{"damage":22,"enemies":"Centurion and Healer","floor":21,"turns":4},{"damage":44,"enemies":"Book of Stabbing","floor":23,"turns":4}],"seed_played":"-3317369095851056263","potions_obtained":[{"floor":1,"key":"Strength Potion"},{"floor":10,"key":"PowerPotion"},{"floor":14,"key":"EssenceOfSteel"},{"floor":18,"key":"Energy Potion"},{"floor":20,"key":"Fire Potion"},{"floor":21,"key":"Dexterity Potion"}],"is_trial":false,"path_per_floor":["M","?","?","?","M","E","R","E","T","M","?","E","$","M","R","B",null,"M","T","M","M","?"],"character_chosen":"IRONCLAD","items_purchased":[],"campfire_rested":0,"item_purchase_floors":[],"current_hp_per_floor":[64,69,69,69,73,52,52,34,34,40,33,35,35,35,35,31,68,57,57,52,36,36,0],"gold":597,"neow_bonus":"RANDOM_COMMON_RELIC","is_prod":false,"is_daily":false,"chose_seed":false,"campfire_upgraded":2,"win_rate":0,"timestamp":1534867356,"path_taken":["M","?","?","?","M","E","R","E","T","M","?","E","$","M","R","BOSS","M","?","M","M","?","E"],"build_version":"2018-08-16","purchased_purges":0,"victory":false,"max_hp_per_floor":[75,80,80,80,80,80,80,80,80,80,80,80,80,80,80,80,80,80,80,80,80,80,80],"card_choices":[{"not_picked":["Havoc","Anger"],"picked":"Battle Trance","floor":1},{"not_picked":["Battle Trance","Body Slam"],"picked":"Shrug It Off","floor":5},{"not_picked":["Shrug It Off","Clothesline"],"picked":"Thunderclap","floor":6},{"not_picked":["Flex","Berserk"],"picked":"Clash","floor":8},{"not_picked":["Warcry","Wild Strike","Dual Wield"],"picked":"SKIP","floor":10},{"not_picked":["Warcry","Wild Strike"],"picked":"Dual Wield","floor":10},{"not_picked":["Body Slam","Intimidate"],"picked":"Clash","floor":12},{"not_picked":["Pommel Strike","Armaments"],"picked":"Seeing Red","floor":14},{"not_picked":["Dark Embrace+1","Brutality+1"],"picked":"Limit Break","floor":16},{"not_picked":["Feel No Pain+1","Body Slam"],"picked":"Clash","floor":18},{"not_picked":["Power Through+1","Perfected Strike"],"picked":"Clash","floor":20},{"not_picked":["True Grit","Armaments"],"picked":"Shockwave","floor":21}],"player_experience":479931,"relics_obtained":[{"floor":6,"key":"Shuriken"},{"floor":8,"key":"Bag of Marbles"},{"floor":9,"key":"Frozen Egg 2"},{"floor":12,"key":"War Paint"},{"floor":19,"key":"Boot"}],"event_choices":[{"event_name":"Big Fish","player_choice":"Donut","floor":2,"damage_taken":0},{"event_name":"The Cleric","player_choice":"Card Removal","floor":3,"damage_taken":0},{"event_name":"Bonfire Elementals","player_choice":"BASIC","floor":4,"damage_taken":0},{"event_name":"Golden Wing","player_choice":"Card Removal","floor":11,"damage_taken":0},{"event_name":"The Mausoleum","player_choice":"No","floor":22,"damage_taken":0}],"is_beta":false,"boss_relics":[{"not_picked":["Tiny House","Mark of Pain"],"picked":"Black Star"}],"items_purged_floors":[],"is_endless":false,"potions_floor_spawned":[1,10,14,18,20,21],"killed_by":"Book of Stabbing","ascension_level":16}