{"gold_per_floor":[117,117,42,61,75,75,75,106,131,146,146,146,189,208,208,301,301,321,301,316,336,351,392,410,410,433,433,446,105,5,25,25,121,121,136,469,117,136,156,156,156,156,156,156,98,115,115,0,0,0],"floor_reached":50,"playtime":1037,"items_purged":["Defend_R","Strike_R"],"score":1024,"play_id":"5b9202af-e224-43a5-beaf-f7b9fa9df9bf","local_time":"20180829054848","is_ascension_mode":true,"campfire_choices":[{"data":"Uppercut","floor":6,"key":"SMITH"},{"data":"Flex","floor":11,"key":"SMITH"},{"data":"Shockwave","floor":15,"key":"SMITH"},{"floor":25,"key":"REST"},{"floor":27,"key":"REST"},{"floor":32,"key":"REST"},{"floor":40,"key":"REST"},{"data":"Double Tap","floor":42,"key":"SMITH"},{"data":"Offering","floor":44,"key":"SMITH"},{"floor":49,"key":"REST"}],"neow_cost":"NONE","seed_source_timestamp":1017701250985137,"circlet_count":0,"master_deck":["Strike_R","Strike_R","Strike_R","Strike_R","Defend_R","Defend_R","Bash","AscendersBane","Clash","Shockwave+1","Uppercut+1","Flex+1","Clash","Carnage","Ghostly Armor","Pommel Strike","Double Tap+1","Pommel Strike","Spot Weakness+1","Flex+1","Havoc+1","Clash+1","Offering+1","Perfected Strike+1","Iron Wave+1"],"relics":["Burning Blood","NeowsBlessing","Odd Mushroom","Bag of Marbles","Vajra","Busted Crown","Charon\u0027s Ashes","War Paint","Pen Nib","Bag of Preparation","HandDrill","Bottled Lightning","Red Mask"],"potions_floor_usage":[13,16,16,22,22,23,31,37,50],"damage_taken":[{"damage":0,"enemies":"Cultist","floor":1,"turns":1},{"damage":0,"enemies":"Jaw Worm","floor":4,"turns":1},{"damage":0,"enemies":"2 Louse","floor":5,"turns":1},{"damage":27,"enemies":"The Mushroom Lair","floor":8,"turns":6},{"damage":4,"enemies":"Lots of Slimes","floor":10,"turns":4},{"damage":0,"enemies":"Gremlin Nob","floor":13,"turns":2},{"damage":0,"enemies":"Blue Slaver","floor":14,"turns":2},{"damage":27,"enemies":"The Guardian","floor":16,"turns":7},{"damage":12,"enemies":"2 Thieves","floor":18,"turns":3},{"damage":17,"enemies":"3 Byrds","floor":20,"turns":5},{"damage":18,"enemies":"Cultist and Chosen","floor":21,"turns":5},{"damage":18,"enemies":"Shelled Parasite and Fungi","floor":22,"turns":3},{"damage":14,"enemies":"Book of Stabbing","floor":23,"turns":3},{"damage":9,"enemies":"Centurion and Healer","floor":24,"turns":4},{"damage":18,"enemies":"3 Cultists","floor":28,"turns":4},{"damage":13,"enemies":"Snake Plant","floor":31,"turns":2},{"damage":48,"enemies":"Automaton","floor":33,"turns":8},{"damage":6,"enemies":"Flame Bruiser 1 Orb","floor":35,"turns":2},{"damage":17,"enemies":"3 Darklings","floor":38,"turns":3},{"damage":29,"enemies":"Transient","floor":39,"turns":6},{"damage":6,"enemies":"Sphere and 2 Shapes","floor":46,"turns":1},{"damage":109,"enemies":"Donu and Deca","floor":50,"turns":5}],"seed_played":"1493656652636364918","potions_obtained":[{"floor":8,"key":"Fire Potion"},{"floor":13,"key":"Ancient Potion"},{"floor":14,"key":"Strength Potion"},{"floor":16,"key":"Weak Potion"},{"floor":19,"key":"FearPotion"},{"floor":22,"key":"PowerPotion"},{"floor":28,"key":"Weak Potion"},{"floor":33,"key":"Dexterity Potion"},{"floor":35,"key":"Regen Potion"}],"is_trial":false,"path_per_floor":["M","?","$","M","M","R","$","?","T","M","R","?","E","M","R","B",null,"M","?","M","M","M","E","M","R","T","R","M","$","$","M","R","B",null,"M","?","$","M","M","R","?","R","T","R","$","M","$","?","R"],"character_chosen":"IRONCLAD","items_purchased":["Pen Nib","Bag of Preparation","Fruit Juice","HandDrill","Strength Potion"],"campfire_rested":5,"item_purchase_floors":[29,29,37,37,45],"current_hp_per_floor":[74,48,48,54,60,60,60,39,39,41,41,41,47,53,53,32,64,58,58,47,35,23,15,12,34,34,56,44,44,44,37,59,17,61,61,61,66,55,32,56,56,56,56,56,56,56,56,56,80,0],"gold":0,"neow_bonus":"THREE_ENEMY_KILL","is_prod":false,"is_daily":false,"chose_seed":false,"campfire_upgraded":5,"win_rate":0,"timestamp":1535489328,"path_taken":["M","?","$","M","?","R","?","?","T","?","R","?","E","M","R","BOSS","M","?","M","M","?","E","?","R","T","R","M","?","$","M","R","BOSS","M","?","$","M","?","R","?","R","T","R","?","M","?","?","R","BOSS"],"build_version":"2018-08-23v2","purchased_purges":2,"victory":false,"max_hp_per_floor":[75,75,75,75,75,75,75,75,75,75,75,75,75,75,75,75,75,75,75,75,75,75,75,75,75,75,75,75,75,75,75,75,75,75,75,75,80,80,80,80,80,80,80,80,80,80,80,80,80,80],"card_choices":[{"not_picked":["Havoc","Inflame"],"picked":"Clash","floor":1},{"not_picked":["Iron Wave","Sentinel"],"picked":"Shockwave","floor":4},{"not_picked":["Anger","Seeing Red"],"picked":"Uppercut","floor":5},{"not_picked":["Second Wind","Wild Strike"],"picked":"Flex","floor":8},{"not_picked":["Headbutt","Body Slam"],"picked":"Clash","floor":10},{"not_picked":["Thunderclap","Headbutt"],"picked":"Ghostly Armor","floor":13},{"not_picked":["Clothesline","Rage"],"picked":"Pommel Strike","floor":14},{"not_picked":["Demon Form","Berserk"],"picked":"Double Tap","floor":16},{"not_picked":[],"picked":"Pommel Strike","floor":18},{"not_picked":[],"picked":"Spot Weakness","floor":20},{"not_picked":["Anger"],"picked":"SKIP","floor":21},{"not_picked":[],"picked":"Flex","floor":22},{"not_picked":[],"picked":"Havoc+1","floor":23},{"not_picked":["Rupture"],"picked":"SKIP","floor":24},{"not_picked":["Evolve"],"picked":"SKIP","floor":28},{"not_picked":[],"picked":"Clash+1","floor":31},{"not_picked":[],"picked":"Offering","floor":33},{"not_picked":[],"picked":"Perfected Strike+1","floor":35},{"not_picked":[],"picked":"Iron Wave+1","floor":38},{"not_picked":["Intimidate"],"picked":"SKIP","floor":39},{"not_picked":["Infernal Blade"],"picked":"SKIP","floor":46}],"player_experience":532780,"relics_obtained":[{"floor":8,"key":"Odd Mushroom"},{"floor":9,"key":"Bag of Marbles"},{"floor":13,"key":"Vajra"},{"floor":23,"key":"Charon\u0027s Ashes"},{"floor":26,"key":"War Paint"},{"floor":43,"key":"Bottled Lightning"}],"event_choices":[{"event_name":"Golden Idol","player_choice":"Take Damage","floor":2,"damage_taken":0},{"event_name":"Mushrooms","player_choice":"Fought Mushrooms","floor":8,"damage_taken":0},{"event_name":"Transmorgrifier","player_choice":"Transform","floor":12,"damage_taken":0},{"event_name":"The Woman in Blue","player_choice":"Bought 1 Potion","floor":19,"damage_taken":0},{"event_name":"The Moai Head","player_choice":"Gave Idol","floor":36,"damage_taken":0},{"event_name":"Mysterious Sphere","player_choice":"Ignore","floor":41,"damage_taken":0},{"event_name":"Tomb of Lord Red Mask","player_choice":"Paid","floor":48,"damage_taken":0}],"is_beta":false,"boss_relics":[{"not_picked":["Black Blood","Eternal Feather"],"picked":"Busted Crown"},{"not_picked":["Calling Bell","Snecko Eye","Velvet Choker"]}],"items_purged_floors":[3,30],"is_endless":false,"potions_floor_spawned":[8,13,14,16,20,22,28,33,35],"killed_by":"Donu and Deca","ascension_level":20}