{"gold_per_floor":[118,118,135,210,233,263,263,297,324,353,368,385,401,419,419,419],"floor_reached":16,"playtime":332,"items_purged":[],"score":244,"play_id":"c7f798f9-4da2-42af-a069-a071c7e577c4","local_time":"20181220012156","is_ascension_mode":true,"campfire_choices":[{"data":"Body Slam","floor":7,"key":"SMITH"},{"data":"Intimidate","floor":15,"key":"SMITH"}],"neow_cost":"NONE","seed_source_timestamp":544424752067320,"circlet_count":0,"master_deck":["AscendersBane","Strike_R","Strike_R","Strike_R","Strike_R+1","Strike_R+1","Defend_R","Defend_R","Defend_R+1","Defend_R","Bash+1","Bludgeon","Second Wind","True Grit","Body Slam+1","Intimidate+1","Flex","Limit Break","Shrug It Off","Thunderclap"],"relics":["Burning Blood","Whetstone","Bag of Marbles","Oddly Smooth Stone","Strawberry","Happy Flower"],"potions_floor_usage":[6,8],"damage_taken":[{"damage":4,"enemies":"Small Slimes","floor":1,"turns":3},{"damage":7,"enemies":"Jaw Worm","floor":3,"turns":4},{"damage":16,"enemies":"3 Sentries","floor":6,"turns":9},{"damage":6,"enemies":"Gremlin Nob","floor":8,"turns":3},{"damage":16,"enemies":"Lagavulin","floor":10,"turns":6},{"damage":0,"enemies":"Cultist","floor":11,"turns":2},{"damage":2,"enemies":"Red Slaver","floor":12,"turns":2},{"damage":5,"enemies":"Looter","floor":13,"turns":2},{"damage":8,"enemies":"Exordium Thugs","floor":14,"turns":3},{"damage":33,"enemies":"Slime Boss","floor":16,"turns":5}],"seed_played":"-4366429967297708172","potions_obtained":[{"floor":1,"key":"EssenceOfSteel"},{"floor":6,"key":"SkillPotion"},{"floor":13,"key":"Dexterity Potion"}],"is_trial":false,"path_per_floor":["M","?","M","?","T","E","R","E","T","E","M","M","M","M","R","B"],"character_chosen":"IRONCLAD","items_purchased":[],"campfire_rested":0,"item_purchase_floors":[],"current_hp_per_floor":[70,47,46,35,35,25,25,25,32,22,28,32,33,31,31,0],"gold":419,"neow_bonus":"ONE_RANDOM_RARE_CARD","is_prod":false,"is_daily":false,"chose_seed":false,"campfire_upgraded":2,"win_rate":0,"timestamp":1545236516,"path_taken":["M","?","M","?","?","E","R","E","T","E","M","M","M","M","R","BOSS"],"build_version":"2018-12-13","purchased_purges":0,"victory":false,"max_hp_per_floor":[75,75,75,75,75,75,75,75,82,82,82,82,82,82,82,82],"card_choices":[{"not_picked":["Iron Wave","Heavy Blade"],"picked":"Second Wind","floor":1},{"not_picked":["Wild Strike","Infernal Blade"],"picked":"True Grit","floor":3},{"not_picked":["Pummel","Second Wind"],"picked":"Body Slam","floor":6},{"not_picked":["Body Slam","Clothesline","Flex"],"picked":"SKIP","floor":8},{"not_picked":["Blood for Blood","Entrench"],"picked":"Intimidate","floor":10},{"not_picked":["Feel No Pain","Perfected Strike"],"picked":"Flex","floor":11},{"not_picked":["Intimidate","Clash"],"picked":"Limit Break","floor":12},{"not_picked":["Body Slam","Burning Pact"],"picked":"Shrug It Off","floor":13},{"not_picked":["Infernal Blade","Headbutt"],"picked":"Thunderclap","floor":14}],"player_experience":824980,"relics_obtained":[{"floor":5,"key":"Whetstone"},{"floor":6,"key":"Bag of Marbles"},{"floor":8,"key":"Oddly Smooth Stone"},{"floor":9,"key":"Strawberry"},{"floor":10,"key":"Happy Flower"}],"event_choices":[{"damage_healed":0,"gold_gain":0,"player_choice":"Entered Light","damage_taken":23,"max_hp_gain":0,"max_hp_loss":0,"event_name":"Shining Light","floor":2,"gold_loss":0,"cards_upgraded":["Strike_R","Defend_R"]},{"damage_healed":0,"gold_gain":75,"player_choice":"Gather Gold","damage_taken":11,"max_hp_gain":0,"max_hp_loss":0,"event_name":"World of Goop","floor":4,"gold_loss":0}],"is_beta":false,"boss_relics":[],"items_purged_floors":[],"is_endless":false,"potions_floor_spawned":[1,6,13],"killed_by":"Slime Boss","ascension_level":20}