{"gold_per_floor":[366,441,461,30,105,105,137,137,162,172,172,191,225,240,240,339,339,339,193,193,68,68,68,68,68,68,68,68,18,18,18,18,18,18,18,18,18,18,0,0,0,0,0,0,0,0],"floor_reached":47,"playtime":3506,"items_purged":["Clumsy","Defend_R","Defend_R+1"],"score":699,"play_id":"facc6807-f041-4a9a-ba01-bc26f25eb8d2","local_time":"20181015202307","is_ascension_mode":false,"campfire_choices":[{"data":"Perfected Strike","floor":6,"key":"SMITH"},{"data":"Heavy Blade","floor":8,"key":"SMITH"},{"data":"Bash","floor":11,"key":"SMITH"},{"data":"Pommel Strike","floor":15,"key":"SMITH"},{"data":"RitualDagger","floor":23,"key":"SMITH"},{"data":"Heavy Blade","floor":25,"key":"SMITH"},{"data":"Shrug It Off","floor":32,"key":"SMITH"},{"data":"Perfected Strike","floor":42,"key":"SMITH"}],"neow_cost":"CURSE","seed_source_timestamp":25639728201783,"circlet_count":0,"master_deck":["Strike_R+1","Strike_R+1","Strike_R+1","Strike_R+1","Strike_R+1","Defend_R+1","Defend_R+1","Bash+1","Cleave","Perfected Strike+1","Heavy Blade+1","Pommel Strike+1","Twin Strike","Shrug It Off+1","RitualDagger+1","Heavy Blade+1","Wild Strike","Warcry+1","Heavy Blade+1","Perfected Strike+1"],"relics":["Burning Blood","Pen Nib","Brimstone","Dream Catcher","Ancient Tea Set","Bottled Flame","Ectoplasm","Red Skull","Bronze Scales","Toxic Egg 2","Snecko Eye","Red Mask","Smiling Mask"],"potions_floor_usage":[24,28,33,46,46,46],"damage_taken":[{"damage":6,"enemies":"Cultist","floor":1,"turns":4},{"damage":5,"enemies":"2 Louse","floor":3,"turns":2},{"damage":8,"enemies":"Gremlin Nob","floor":7,"turns":3},{"damage":6,"enemies":"Small Slimes","floor":10,"turns":2},{"damage":0,"enemies":"2 Fungi Beasts","floor":12,"turns":2},{"damage":10,"enemies":"3 Sentries","floor":13,"turns":3},{"damage":12,"enemies":"Gremlin Gang","floor":14,"turns":3},{"damage":27,"enemies":"The Guardian","floor":16,"turns":5},{"damage":14,"enemies":"Shell Parasite","floor":18,"turns":2},{"damage":13,"enemies":"Slavers","floor":24,"turns":2},{"damage":0,"enemies":"Chosen","floor":28,"turns":1},{"damage":0,"enemies":"Centurion and Healer","floor":31,"turns":3},{"damage":28,"enemies":"Automaton","floor":33,"turns":4},{"damage":11,"enemies":"3 Darklings","floor":35,"turns":3},{"damage":16,"enemies":"Orb Walker","floor":36,"turns":2},{"damage":0,"enemies":"3 Darklings","floor":40,"turns":2},{"damage":0,"enemies":"Sphere and 2 Shapes","floor":41,"turns":1},{"damage":58,"enemies":"Awakened One","floor":46,"turns":3}],"seed_played":"-1437920120372642781","potions_obtained":[{"floor":7,"key":"FearPotion"},{"floor":10,"key":"Energy Potion"},{"floor":18,"key":"PowerPotion"},{"floor":36,"key":"BloodPotion"},{"floor":38,"key":"Block Potion"},{"floor":38,"key":"SteroidPotion"},{"floor":41,"key":"SteroidPotion"}],"is_trial":false,"path_per_floor":["M","?","M","$","?","R","E","R","T","M","R","M","E","M","R","B",null,"M","$","?","$","?","R","E","R","T","?","M","$","?","M","R","B",null,"M","M","$","?","?","M","M","R","T","?","?","B"],"character_chosen":"IRONCLAD","items_purchased":["Pen Nib","Brimstone","Shrug It Off","Strength Potion"],"campfire_rested":0,"item_purchase_floors":[4,4,19,29],"current_hp_per_floor":[80,69,70,70,62,62,60,60,60,60,60,66,62,56,56,35,80,72,72,72,72,66,66,59,59,59,59,65,65,65,71,71,49,80,75,65,65,65,65,71,77,77,77,77,77,25],"gold":0,"neow_bonus":"TWO_FIFTY_GOLD","is_prod":false,"is_daily":false,"chose_seed":false,"campfire_upgraded":8,"win_rate":0,"timestamp":1539624187,"path_taken":["M","?","M","$","?","R","E","R","T","M","R","M","E","M","R","BOSS","M","$","?","$","?","R","E","R","T","?","?","?","?","M","R","BOSS","M","M","$","?","?","M","?","R","T","?","?","BOSS"],"build_version":"2018-10-11","purchased_purges":3,"victory":true,"max_hp_per_floor":[80,80,80,80,80,80,80,80,80,80,80,80,80,80,80,80,80,80,80,80,80,80,80,80,80,80,80,80,80,80,80,80,80,80,80,80,80,80,80,80,80,80,80,80,80,80],"card_choices":[{"not_picked":["Clothesline","Heavy Blade"],"picked":"Cleave","floor":1},{"not_picked":["Rage","Heavy Blade"],"picked":"Perfected Strike","floor":3},{"not_picked":["Headbutt","Dark Embrace"],"picked":"Heavy Blade","floor":7},{"not_picked":["Combust","Feel No Pain","Anger"],"picked":"SKIP","floor":10},{"not_picked":["Flex","Havoc"],"picked":"Pommel Strike","floor":12},{"not_picked":["Flame Barrier","Inflame"],"picked":"Twin Strike","floor":13},{"not_picked":["True Grit","Cleave","Armaments"],"picked":"SKIP","floor":14},{"not_picked":["Ghostly Armor","Dual Wield","Rampage"],"picked":"SKIP","floor":18},{"not_picked":["Bloodletting","Blood for Blood+1"],"picked":"Heavy Blade","floor":24},{"not_picked":["Body Slam","Rage+1","Cleave"],"picked":"SKIP","floor":28},{"not_picked":["Headbutt","Fire Breathing+1"],"picked":"Wild Strike","floor":31},{"not_picked":["Spot Weakness+1","True Grit+1"],"picked":"Warcry+1","floor":35},{"not_picked":["Entrench+1","Carnage"],"picked":"Heavy Blade+1","floor":36},{"not_picked":["Havoc+1","Clothesline+1","Battle Trance+1"],"picked":"SKIP","floor":40},{"not_picked":["Iron Wave","Fire Breathing+1"],"picked":"Perfected Strike","floor":41}],"player_experience":805524,"relics_obtained":[{"floor":7,"key":"Dream Catcher"},{"floor":9,"key":"Ancient Tea Set"},{"floor":13,"key":"Bottled Flame"},{"floor":24,"key":"Red Skull"},{"floor":26,"key":"Bronze Scales"},{"floor":43,"key":"Smiling Mask"}],"event_choices":[{"event_name":"World of Goop","player_choice":"Gather Gold","floor":2,"damage_taken":0},{"event_name":"FaceTrader","player_choice":"Touch","floor":5,"damage_taken":0},{"event_name":"Back to Basics","player_choice":"Simplicity","floor":20,"damage_taken":0},{"event_name":"Nest","player_choice":"Joined the Cult","floor":22,"damage_taken":0},{"event_name":"The Mausoleum","player_choice":"Yes","floor":27,"damage_taken":0},{"event_name":"Purifier","player_choice":"One Purge","floor":30,"damage_taken":0},{"event_name":"The Lab","player_choice":"Got Potions","floor":38,"damage_taken":0},{"event_name":"Tomb of Lord Red Mask","player_choice":"Paid","floor":39,"damage_taken":0},{"event_name":"SensoryStone","player_choice":"Memory 1","floor":44,"damage_taken":0},{"event_name":"SecretPortal","player_choice":"Took Portal.","floor":45,"damage_taken":0}],"is_beta":false,"boss_relics":[{"not_picked":["Fusion Hammer","White Beast Statue"],"picked":"Ectoplasm"},{"not_picked":["Coffee Dripper","Empty Cage"],"picked":"Snecko Eye"}],"items_purged_floors":[4,19,21],"is_endless":false,"potions_floor_spawned":[7,10,18,36,41],"ascension_level":0}