{"gold_per_floor":[112,112,112,126,126,157,171,183,183,183,212,212,230,230,230,334,334,354,366,380,196,296,326,326,326,326,241,241,256,256,268,268,370,370,381,656,672,685,785,785,276,276,326,356,356,356,368,368,368,368,368,368,16,47,47],"floor_reached":55,"playtime":3820,"items_purged":["Strike_R","Regret"],"score":698,"play_id":"e67d0484-32fb-4d52-b195-c6c857d71597","local_time":"20190205164507","is_ascension_mode":false,"campfire_choices":[{"data":"True Grit","floor":10,"key":"SMITH"},{"data":"Searing Blow","floor":12,"key":"SMITH"},{"data":"Searing Blow+1","floor":15,"key":"SMITH"},{"data":"Searing Blow+2","floor":24,"key":"SMITH"},{"data":"Searing Blow+3","floor":28,"key":"SMITH"},{"data":"Searing Blow+4","floor":30,"key":"SMITH"},{"data":"Searing Blow+5","floor":32,"key":"SMITH"},{"data":"Searing Blow+6","floor":40,"key":"SMITH"},{"floor":45,"key":"REST"},{"floor":49,"key":"RECALL"},{"data":"Searing Blow+7","floor":52,"key":"SMITH"}],"neow_cost":"TEN_PERCENT_HP_LOSS","seed_source_timestamp":1171458743641346,"circlet_count":0,"master_deck":["Strike_R","Strike_R","Strike_R+1","Strike_R","Defend_R","Defend_R","Defend_R+1","Defend_R","Bash","Immolate+1","Pommel Strike+1","Inflame","Reaper","Feel No Pain","True Grit+1","Searing Blow+8","Double Tap","Offering","Flame Barrier","Battle Trance","Clothesline","Corruption","Uppercut","Pummel+1","Warcry+1","True Grit+1","Shrug It Off+1","Feel No Pain","Sentinel","Madness","Madness","Spot Weakness","Headbutt","Battle Trance"],"relics":["Burning Blood","Oddly Smooth Stone","Bottled Flame","Bird Faced Urn","Bag of Preparation","Sozu","Calipers","Matryoshka","Pear","MutagenicStrength","Potion Belt","Juzu Bracelet","Black Star","Ice Cream","Bottled Tornado","Smiling Mask","Whetstone","Shuriken","Paper Frog","Bronze Scales","Red Skull","Mercury Hourglass","Ornamental Fan"],"potions_floor_usage":[54,55,55],"damage_taken":[{"damage":0,"enemies":"2 Louse","floor":1,"turns":1},{"damage":1,"enemies":"Cultist","floor":4,"turns":3},{"damage":14,"enemies":"Gremlin Nob","floor":6,"turns":3},{"damage":5,"enemies":"Jaw Worm","floor":7,"turns":3},{"damage":0,"enemies":"Lots of Slimes","floor":8,"turns":1},{"damage":12,"enemies":"3 Sentries","floor":11,"turns":4},{"damage":0,"enemies":"3 Louse","floor":13,"turns":1},{"damage":46,"enemies":"The Guardian","floor":16,"turns":10},{"damage":4,"enemies":"Chosen","floor":18,"turns":4},{"damage":7,"enemies":"Spheric Guardian","floor":19,"turns":3},{"damage":24,"enemies":"Shelled Parasite and Fungi","floor":20,"turns":2},{"damage":12,"enemies":"Colosseum Slavers","floor":22,"turns":3},{"damage":20,"enemies":"Colosseum Nobs","floor":22,"turns":4},{"damage":15,"enemies":"Slavers","floor":23,"turns":4},{"damage":10,"enemies":"Snake Plant","floor":29,"turns":3},{"damage":1,"enemies":"Centurion and Healer","floor":31,"turns":5},{"damage":60,"enemies":"Automaton","floor":33,"turns":9},{"damage":23,"enemies":"3 Darklings","floor":35,"turns":5},{"damage":0,"enemies":"Orb Walker","floor":37,"turns":2},{"damage":6,"enemies":"Sphere and 2 Shapes","floor":38,"turns":4},{"damage":22,"enemies":"Mind Bloom Boss Battle","floor":39,"turns":7},{"damage":56,"enemies":"Reptomancer","floor":44,"turns":9},{"damage":8,"enemies":"3 Darklings","floor":47,"turns":4},{"damage":37,"enemies":"Donu and Deca","floor":50,"turns":8},{"damage":91,"enemies":"Shield and Spear","floor":54,"turns":5},{"damage":73,"enemies":"The Heart","floor":55,"turns":3}],"seed_played":"8269520586258969897","potions_obtained":[{"floor":11,"key":"Regen Potion"},{"floor":13,"key":"Poison Potion"},{"floor":16,"key":"BloodPotion"}],"is_trial":false,"path_per_floor":["M","?","?","M","?","E","M","M","T","R","E","R","M","T","R","B",null,"M","M","M","$","?","E","R","?","T","?","R","M","R","M","R","B",null,"M","?","M","M","?","R","$","?","T","E","R","?","M","?","R","B",null,"R","$","E","B"],"character_chosen":"IRONCLAD","items_purchased":["Corruption","Uppercut","Bottled Tornado","Feel No Pain","Sentinel","Bronze Scales","Headbutt","Red Skull"],"campfire_rested":1,"item_purchase_floors":[21,21,41,41,41,53,53,53],"current_hp_per_floor":[72,58,63,68,68,60,67,73,73,73,77,77,77,77,77,39,77,77,77,64,64,65,70,70,70,70,70,70,69,69,86,86,35,87,86,86,87,87,85,85,85,74,74,30,56,56,79,79,79,66,87,87,87,34,0],"gold":47,"neow_bonus":"THREE_RARE_CARDS","is_prod":false,"is_daily":false,"chose_seed":false,"campfire_upgraded":9,"win_rate":0,"timestamp":1549413907,"path_taken":["M","?","?","M","?","E","?","M","T","R","E","R","M","?","R","BOSS","M","?","M","$","?","E","R","?","T","?","R","M","R","M","R","BOSS","M","?","M","M","?","R","$","?","T","E","R","?","M","?","R","BOSS","R","$","E","BOSS"],"build_version":"2019-01-23","purchased_purges":2,"victory":false,"max_hp_per_floor":[72,72,77,77,77,77,77,77,77,77,77,77,77,77,77,77,77,77,77,77,77,77,87,87,87,87,87,87,87,87,87,87,87,87,87,87,87,87,87,87,87,87,87,87,87,87,87,87,87,87,87,87,87,87,87],"card_choices":[{"not_picked":["Double Tap","Exhume"],"picked":"Immolate","floor":0},{"not_picked":["Wild Strike","Perfected Strike"],"picked":"Pommel Strike","floor":1},{"not_picked":["Twin Strike","Sword Boomerang"],"picked":"Inflame","floor":4},{"not_picked":["True Grit","Iron Wave"],"picked":"Reaper","floor":6},{"not_picked":["Havoc","Body Slam"],"picked":"Feel No Pain","floor":7},{"not_picked":["Warcry","Body Slam"],"picked":"True Grit","floor":8},{"not_picked":["Uppercut","Heavy Blade"],"picked":"Searing Blow","floor":11},{"not_picked":["Warcry","Perfected Strike"],"picked":"Double Tap","floor":13},{"not_picked":["Bludgeon","Berserk"],"picked":"Offering","floor":16},{"not_picked":["Heavy Blade","Iron Wave"],"picked":"Flame Barrier","floor":18},{"not_picked":["Fire Breathing+1","Body Slam"],"picked":"Battle Trance","floor":19},{"not_picked":["Metallicize","Carnage"],"picked":"Clothesline","floor":20},{"not_picked":["Whirlwind","Thunderclap"],"picked":"Pummel","floor":22},{"not_picked":["Metallicize","Second Wind","Twin Strike"],"picked":"SKIP","floor":23},{"not_picked":["Thunderclap","Iron Wave"],"picked":"Warcry+1","floor":29},{"not_picked":["Iron Wave","Pommel Strike"],"picked":"True Grit+1","floor":31},{"not_picked":["Second Wind+1","Fire Breathing","Body Slam+1"],"picked":"SKIP","floor":35},{"not_picked":["Cleave","Clothesline","Reckless Charge"],"picked":"SKIP","floor":37},{"not_picked":["Rupture+1","Heavy Blade","Havoc+1"],"picked":"SKIP","floor":38},{"not_picked":["Heavy Blade+1","Infernal Blade+1"],"picked":"Shrug It Off+1","floor":39},{"not_picked":["Pommel Strike+1","Infernal Blade"],"picked":"Spot Weakness","floor":44},{"not_picked":["True Grit+1","Combust+1","Shrug It Off"],"picked":"SKIP","floor":47},{"not_picked":["Sword Boomerang+1","Offering"],"picked":"Battle Trance","floor":54}],"player_experience":931175,"relics_obtained":[{"floor":6,"key":"Oddly Smooth Stone"},{"floor":9,"key":"Bottled Flame"},{"floor":11,"key":"Bird Faced Urn"},{"floor":14,"key":"Bag of Preparation"},{"floor":22,"key":"Calipers"},{"floor":22,"key":"Matryoshka"},{"floor":23,"key":"Pear"},{"floor":26,"key":"Potion Belt"},{"floor":39,"key":"Ice Cream"},{"floor":43,"key":"Smiling Mask"},{"floor":43,"key":"Whetstone"},{"floor":44,"key":"Shuriken"},{"floor":44,"key":"Paper Frog"},{"floor":54,"key":"Mercury Hourglass"},{"floor":54,"key":"Ornamental Fan"}],"event_choices":[{"damage_healed":0,"gold_gain":0,"player_choice":"Entered Light","damage_taken":14,"max_hp_gain":0,"max_hp_loss":0,"event_name":"Shining Light","floor":2,"gold_loss":0,"cards_upgraded":["Pommel Strike","Defend_R"]},{"damage_healed":0,"gold_gain":0,"player_choice":"Donut","damage_taken":0,"max_hp_gain":5,"max_hp_loss":0,"event_name":"Big Fish","floor":3,"gold_loss":0},{"damage_healed":0,"gold_gain":0,"player_choice":"Upgraded","damage_taken":0,"max_hp_gain":0,"max_hp_loss":0,"event_name":"Upgrade Shrine","floor":5,"gold_loss":0,"cards_upgraded":["Immolate"]},{"damage_healed":0,"gold_gain":0,"player_choice":"Fight","damage_taken":0,"max_hp_gain":0,"max_hp_loss":0,"event_name":"Colosseum","floor":22,"gold_loss":0},{"damage_healed":0,"gold_gain":0,"player_choice":"Fought Nobs","damage_taken":0,"max_hp_gain":0,"max_hp_loss":0,"event_name":"Colosseum","floor":22,"gold_loss":0},{"damage_healed":0,"gold_gain":0,"player_choice":"Inject Mutagens","damage_taken":0,"relics_obtained":["MutagenicStrength"],"max_hp_gain":0,"max_hp_loss":0,"event_name":"Drug Dealer","floor":25,"gold_loss":0},{"damage_healed":0,"gold_gain":0,"player_choice":"Obtained Relic","damage_taken":0,"relics_obtained":["Juzu Bracelet"],"max_hp_gain":0,"max_hp_loss":0,"event_name":"Addict","floor":27,"gold_loss":85},{"damage_healed":0,"gold_gain":275,"player_choice":"Desecrate","damage_taken":0,"max_hp_gain":0,"max_hp_loss":0,"event_name":"Golden Shrine","floor":36,"gold_loss":0,"cards_obtained":["Regret"]},{"damage_healed":0,"gold_gain":0,"player_choice":"Fight","damage_taken":0,"max_hp_gain":0,"max_hp_loss":0,"event_name":"MindBloom","floor":39,"gold_loss":0},{"damage_healed":0,"gold_gain":0,"player_choice":"Embrace Madness","damage_taken":11,"max_hp_gain":0,"max_hp_loss":0,"event_name":"Winding Halls","floor":42,"gold_loss":0,"cards_obtained":["Madness","Madness"]},{"damage_healed":0,"gold_gain":0,"player_choice":"Ignored","damage_taken":0,"max_hp_gain":0,"max_hp_loss":0,"event_name":"Tomb of Lord Red Mask","floor":46,"gold_loss":0},{"damage_healed":0,"gold_gain":0,"player_choice":"Ignored","damage_taken":0,"max_hp_gain":0,"max_hp_loss":0,"event_name":"Mysterious Sphere","floor":48,"gold_loss":0}],"is_beta":false,"boss_relics":[{"not_picked":["Empty Cage","Fusion Hammer"],"picked":"Sozu"},{"not_picked":["Velvet Choker","Runic Dome"],"picked":"Black Star"}],"items_purged_floors":[21,41],"is_endless":false,"potions_floor_spawned":[11,13,16,19,22,22,29,39,47],"killed_by":"The Heart","ascension_level":0}