{"gold_per_floor":[109,109,125,50,62,90,90,90,90,119,131,156,183,213,225,333,345,371,383,395,423,223,223,248,248,272,292,312,312,346,356,356,456,456,476,32,254,264,264,264,296,296,323,342,362,380,406,406,406,406],"floor_reached":51,"playtime":3071,"items_purged":["Strike_B"],"score":779,"play_id":"cd6769e7-2b90-4228-9988-7dc688d9ff16","local_time":"20180729003819","is_ascension_mode":false,"campfire_choices":[{"floor":7,"key":"REST"},{"data":"Coolheaded","floor":15,"key":"SMITH"},{"data":"Buffer","floor":23,"key":"SMITH"},{"floor":25,"key":"REST"},{"data":"Barrage","floor":29,"key":"SMITH"},{"floor":32,"key":"REST"},{"data":"Defragment","floor":40,"key":"SMITH"},{"data":"Heatsinks","floor":42,"key":"SMITH"},{"floor":49,"key":"REST"}],"neow_cost":"NONE","seed_source_timestamp":45873266314174,"circlet_count":0,"master_deck":["Strike_B","Strike_B+1","Defend_B+1","Defend_B","Defend_B","Zap","Dualcast","Echo Form","Chill","Coolheaded+1","White Noise","Glacier","Self Repair","Rip and Tear","Sweeping Beam","Ball Lightning","Buffer+1","Enlightenment","Redo+1","Barrage+1","Double Energy","Ball Lightning","Heatsinks+1","Amplify","Chill","Double Energy+1","Defragment+1","FTL","Sweeping Beam","Blizzard","Compile Driver+1","Double Energy+1"],"relics":["Cracked Core","StoneCalendar","Matryoshka","Letter Opener","MawBank","Inserter","Lantern","Red Mask","Mummified Hand","Art of War","Smiling Mask","Nuclear Battery","Incense Burner","Happy Flower","Strawberry","Juzu Bracelet","Dream Catcher"],"potions_floor_usage":[33,41,50,50,50],"damage_taken":[{"damage":5,"enemies":"Small Slimes","floor":1,"turns":3},{"damage":1,"enemies":"Jaw Worm","floor":3,"turns":2},{"damage":0,"enemies":"2 Louse","floor":5,"turns":2},{"damage":45,"enemies":"Gremlin Nob","floor":6,"turns":5},{"damage":4,"enemies":"Looter","floor":10,"turns":4},{"damage":6,"enemies":"Blue Slaver","floor":12,"turns":5},{"damage":0,"enemies":"3 Louse","floor":13,"turns":4},{"damage":2,"enemies":"Exordium Thugs","floor":14,"turns":5},{"damage":16,"enemies":"The Guardian","floor":16,"turns":8},{"damage":12,"enemies":"Shell Parasite","floor":18,"turns":9},{"damage":11,"enemies":"Spheric Guardian","floor":21,"turns":4},{"damage":45,"floor":24,"turns":6},{"damage":0,"enemies":"Cultist and Chosen","floor":27,"turns":7},{"damage":8,"enemies":"Snecko","floor":28,"turns":6},{"damage":31,"enemies":"Gremlin Leader","floor":30,"turns":7},{"damage":6,"enemies":"3 Cultists","floor":31,"turns":5},{"damage":0,"enemies":"Collector","floor":33,"turns":8},{"damage":4,"enemies":"3 Darklings","floor":35,"turns":6},{"damage":0,"enemies":"3 Shapes","floor":38,"turns":7},{"damage":9,"enemies":"2 Orb Walkers","floor":41,"turns":6},{"damage":3,"enemies":"3 Darklings","floor":44,"turns":4},{"damage":0,"enemies":"Transient","floor":45,"turns":5},{"damage":0,"enemies":"Maw","floor":46,"turns":7},{"damage":65,"enemies":"Giant Head","floor":47,"turns":10},{"damage":57,"enemies":"Awakened One","floor":50,"turns":12}],"seed_played":"1358633291376043866","potions_obtained":[{"floor":1,"key":"Poison Potion"},{"floor":10,"key":"AttackPotion"},{"floor":13,"key":"Regen Potion"},{"floor":16,"key":"LiquidBronze"},{"floor":35,"key":"Swift Potion"},{"floor":44,"key":"SkillPotion"},{"floor":45,"key":"Energy Potion"},{"floor":46,"key":"Strength Potion"}],"is_trial":false,"path_per_floor":["M","?","M","$","M","E","R","?","T","M","?","M","M","M","R","B",null,"M","?","?","M","$","R","?","R","T","M","M","R","E","M","R","B",null,"M","$","?","M","?","R","E","R","T","M","M","M","E","?","R","B"],"character_chosen":"DEFECT","items_purchased":["Enlightenment","Incense Burner","Happy Flower"],"campfire_rested":4,"item_purchase_floors":[22,36,36],"current_hp_per_floor":[70,55,54,54,54,9,31,19,19,15,40,48,55,60,60,44,75,63,63,63,59,59,59,28,50,50,57,56,56,32,33,55,62,75,75,75,75,75,75,75,80,80,80,82,82,82,38,38,62,20],"gold":406,"neow_bonus":"TRANSFORM_CARD","is_prod":false,"is_daily":false,"chose_seed":false,"campfire_upgraded":5,"win_rate":0,"timestamp":1532792299,"path_taken":["M","?","M","$","M","E","R","?","T","M","?","M","M","M","R","BOSS","M","?","?","?","$","R","?","R","T","M","M","R","E","M","R","BOSS","M","$","?","M","?","R","E","R","T","M","M","M","E","?","R","BOSS"],"build_version":"2018-07-26","purchased_purges":1,"victory":true,"max_hp_per_floor":[75,75,75,75,75,75,75,75,75,75,75,75,75,75,75,75,75,75,75,75,75,75,75,75,75,75,75,75,75,75,75,75,75,75,75,75,75,75,75,75,82,82,82,82,82,82,82,82,82,82],"card_choices":[{"not_picked":["Reprogram","Reinforced Body"],"picked":"Chill","floor":1},{"not_picked":["Steam Power","Glacier"],"picked":"Coolheaded","floor":3},{"not_picked":["Compile Driver","Steam"],"picked":"White Noise","floor":5},{"not_picked":["Hologram","Stack"],"picked":"Glacier","floor":6},{"not_picked":["Redo","Stack"],"picked":"Self Repair","floor":10},{"not_picked":["Electrodynamics","White Noise"],"picked":"Rip and Tear","floor":12},{"not_picked":["Hologram","Storm"],"picked":"Sweeping Beam","floor":13},{"not_picked":["Coolheaded","Hologram"],"picked":"Ball Lightning","floor":14},{"not_picked":["Echo Form","All For One"],"picked":"Buffer","floor":16},{"not_picked":["Steam Power","Go for the Eyes+1","Gash"],"picked":"SKIP","floor":18},{"not_picked":["Stack+1","Hologram","Compile Driver"],"picked":"SKIP","floor":21},{"not_picked":["Conserve Battery","Force Field"],"picked":"Redo+1","floor":24},{"not_picked":["Stack+1","Cold Snap"],"picked":"Barrage","floor":27},{"not_picked":["Leap","BootSequence"],"picked":"Double Energy","floor":28},{"not_picked":["All For One","Force Field"],"picked":"Ball Lightning","floor":30},{"not_picked":["Leap+1","Streamline"],"picked":"Heatsinks","floor":31},{"not_picked":["Buffer","Biased Cognition"],"picked":"Amplify","floor":33},{"not_picked":["Scrape+1","Steam Power"],"picked":"Chill","floor":35},{"not_picked":["Fusion+1","Conserve Battery+1"],"picked":"Double Energy+1","floor":38},{"not_picked":["Turbo+1","Conserve Battery+1"],"picked":"FTL","floor":41},{"not_picked":["Darkness+1","Self Repair+1"],"picked":"Sweeping Beam","floor":44},{"not_picked":["Rebound+1","Streamline+1","Heatsinks"],"picked":"SKIP","floor":45},{"not_picked":["Compile Driver+1","Undo+1"],"picked":"Blizzard","floor":46},{"not_picked":["Force Field","Steam"],"picked":"Compile Driver+1","floor":47},{"not_picked":["Rebound+1","Steam Power+1"],"picked":"Double Energy+1","floor":49}],"player_experience":60298,"relics_obtained":[{"floor":6,"key":"StoneCalendar"},{"floor":9,"key":"Letter Opener"},{"floor":9,"key":"MawBank"},{"floor":24,"key":"Red Mask"},{"floor":26,"key":"Mummified Hand"},{"floor":26,"key":"Art of War"},{"floor":30,"key":"Smiling Mask"},{"floor":41,"key":"Strawberry"},{"floor":43,"key":"Juzu Bracelet"},{"floor":47,"key":"Dream Catcher"}],"event_choices":[{"event_name":"Shining Light","player_choice":"Entered Light","floor":2,"damage_taken":0},{"event_name":"Scrap Ooze","player_choice":"success","floor":8,"damage_taken":12},{"event_name":"Big Fish","player_choice":"Banana","floor":11,"damage_taken":0},{"event_name":"The Mausoleum","player_choice":"Yes","floor":19,"damage_taken":0},{"event_name":"Vampires","player_choice":"Ignored","floor":20,"damage_taken":0},{"event_name":"Masked Bandits","player_choice":"Fought over 223 gold","floor":24,"damage_taken":0},{"event_name":"Tomb of Lord Red Mask","player_choice":"Wore Mask","floor":37,"damage_taken":0},{"event_name":"Transmorgrifier","player_choice":"Transform","floor":39,"damage_taken":0},{"event_name":"Mysterious Sphere","player_choice":"Ignore","floor":48,"damage_taken":0}],"is_beta":false,"boss_relics":[{"not_picked":["Lizard Tail","Snecko Eye"],"picked":"Inserter"},{"not_picked":["FrozenCore","Runic Pyramid"],"picked":"Nuclear Battery"}],"items_purged_floors":[4],"is_endless":false,"potions_floor_spawned":[1,10,13,16,21,24,30,31,35,44,45,46],"ascension_level":0}