{"gold_per_floor":[109,34,34,46,58,58,58,58,58,90,66,66,66,78,78,180,180,196,216,216,233,233,233,332,347,347,128,139,159,159,82,82,181,181,199,213,213,266,279,309,323,323,323,335,355,355,374,132,132,132],"floor_reached":51,"playtime":6530,"items_purged":["Parasite","Strike_G","Strike_G"],"score":723,"play_id":"59ccd2fa-111c-47e7-ae89-39124dfd9615","local_time":"20180923084726","is_ascension_mode":true,"campfire_choices":[{"data":"After Image","floor":6,"key":"SMITH"},{"data":"Cloak And Dagger","floor":8,"key":"SMITH"},{"data":"Adrenaline","floor":15,"key":"SMITH"},{"data":"A Thousand Cuts","floor":23,"key":"SMITH"},{"floor":32,"key":"REST"},{"data":"Apotheosis","floor":42,"key":"SMITH"},{"data":"Footwork","floor":46,"key":"SMITH"},{"floor":49,"key":"REST"}],"neow_cost":"CURSE","seed_source_timestamp":825390275252609,"circlet_count":0,"master_deck":["Defend_G","Defend_G","Defend_G","Defend_G","Strike_G","Survivor","Neutralize","Cloak And Dagger+1","After Image+1","Flying Knee+1","Blade Dance","Cloak And Dagger","Regret","Adrenaline+1","A Thousand Cuts+1","Backflip","Backflip","Accuracy+1","Adrenaline+1","Dagger Spray","Footwork+1","Backflip","Flying Knee","Blade Dance","Tools of the Trade","Deflect+1","Apotheosis+1","PiercingWail+1","Leg Sweep+1","Slice+1","Footwork+1","Caltrops+1","Mind Blast","PiercingWail"],"relics":["Ring of the Snake","Incense Burner","Mercury Hourglass","Bag of Preparation","Sozu","Enchiridion","Du-Vu Doll","Gremlin Horn","Eternal Feather","Lantern","Blue Candle","Bottled Flame"],"potions_floor_usage":[16,16],"damage_taken":[{"damage":3,"enemies":"Cultist","floor":1,"turns":4},{"damage":1,"enemies":"Small Slimes","floor":4,"turns":4},{"damage":1,"enemies":"Jaw Worm","floor":5,"turns":4},{"damage":27,"enemies":"Gremlin Nob","floor":10,"turns":5},{"damage":1,"enemies":"3 Louse","floor":14,"turns":2},{"damage":37,"enemies":"Hexaghost","floor":16,"turns":16},{"damage":2,"enemies":"2 Thieves","floor":18,"turns":4},{"damage":5,"enemies":"Shell Parasite","floor":19,"turns":4},{"damage":11,"enemies":"Centurion and Healer","floor":21,"turns":5},{"damage":0,"enemies":"Sentry and Sphere","floor":25,"turns":3},{"damage":6,"enemies":"Cultist and Chosen","floor":28,"turns":4},{"damage":19,"enemies":"Snecko","floor":29,"turns":4},{"damage":42,"enemies":"Collector","floor":33,"turns":6},{"damage":30,"enemies":"3 Shapes","floor":35,"turns":3},{"damage":5,"enemies":"Orb Walker","floor":36,"turns":3},{"damage":0,"enemies":"Reptomancer","floor":39,"turns":2},{"damage":6,"enemies":"Giant Head","floor":40,"turns":7},{"damage":11,"enemies":"Transient","floor":41,"turns":5},{"damage":7,"enemies":"Maw","floor":44,"turns":6},{"damage":3,"enemies":"Spire Growth","floor":45,"turns":4},{"damage":35,"enemies":"Reptomancer","floor":47,"turns":3},{"damage":6,"enemies":"Donu and Deca","floor":50,"turns":8}],"seed_played":"8220461597615797929","potions_obtained":[{"floor":1,"key":"Dexterity Potion"},{"floor":14,"key":"Ancient Potion"}],"is_trial":false,"path_per_floor":["M","$","?","M","M","R","?","R","T","E","$","?","?","M","R","B",null,"M","M","?","M","?","R","?","M","T","$","M","M","?","?","R","B",null,"M","M","?","T","M","E","M","R","T","M","M","R","M","$","R","B"],"character_chosen":"THE_SILENT","items_purchased":["Cloak And Dagger","Footwork","Backflip","Mind Blast","PiercingWail"],"campfire_rested":2,"item_purchase_floors":[11,27,27,48,48],"current_hp_per_floor":[81,81,81,80,79,79,79,79,79,52,52,45,45,44,44,7,81,79,74,58,47,47,47,47,47,47,47,41,22,22,22,46,4,81,51,46,46,46,46,40,29,47,47,40,37,55,20,20,62,56],"gold":132,"neow_bonus":"TWENTY_PERCENT_HP_BONUS","is_prod":false,"is_daily":false,"chose_seed":false,"campfire_upgraded":6,"win_rate":0,"timestamp":1537658246,"path_taken":["M","$","?","M","M","R","?","R","T","E","$","?","?","M","R","BOSS","M","M","?","M","?","R","?","?","T","$","M","M","?","?","R","BOSS","M","M","?","?","M","E","M","R","T","M","M","R","M","$","R","BOSS"],"build_version":"2018-09-20","purchased_purges":3,"victory":true,"max_hp_per_floor":[84,81,81,81,81,81,81,81,81,81,81,81,81,81,81,81,81,81,81,81,81,81,81,81,81,81,81,81,81,81,81,81,81,81,81,81,81,81,81,81,81,81,81,81,81,81,81,81,81,81],"card_choices":[{"not_picked":["Finisher","Dagger Throw"],"picked":"Cloak And Dagger","floor":1},{"not_picked":["Deadly Poison","Predator"],"picked":"Flying Knee","floor":4},{"not_picked":["Slice","Riddle With Holes","Dodge and Roll"],"picked":"SKIP","floor":5},{"not_picked":["Dagger Throw","Underhanded Strike"],"picked":"Blade Dance","floor":10},{"not_picked":["Sucker Punch","Deadly Poison"],"picked":"Adrenaline","floor":14},{"not_picked":["Doppelganger","Venomology"],"picked":"A Thousand Cuts","floor":16},{"not_picked":["Bouncing Flask","Dagger Throw+1"],"picked":"Backflip","floor":18},{"not_picked":["Backstab+1","Masterful Stab"],"picked":"Backflip","floor":19},{"not_picked":["All Out Attack+1","Slice+1"],"picked":"Accuracy+1","floor":21},{"not_picked":["Bane+1","Deadly Poison"],"picked":"Dagger Spray","floor":25},{"not_picked":["Escape Plan","Masterful Stab"],"picked":"Flying Knee","floor":28},{"not_picked":["Poisoned Stab","Sucker Punch"],"picked":"Blade Dance","floor":29},{"not_picked":["Venomology","Corpse Explosion"],"picked":"Tools of the Trade","floor":33},{"not_picked":["Dagger Throw","Sucker Punch+1","Riddle With Holes+1"],"picked":"SKIP","floor":35},{"not_picked":["Distraction","Deadly Poison+1"],"picked":"Deflect+1","floor":36},{"not_picked":["PanicButton","Secret Technique"],"picked":"Apotheosis","floor":37},{"not_picked":["Expertise","Poisoned Stab+1"],"picked":"PiercingWail+1","floor":39},{"not_picked":["Flechettes","Distraction","Unload"],"picked":"SKIP","floor":40},{"not_picked":["Sucker Punch+1","Dodge and Roll+1"],"picked":"Leg Sweep+1","floor":41},{"not_picked":["Backstab","Dodge and Roll+1"],"picked":"Slice+1","floor":44},{"not_picked":["Concentrate","Dodge and Roll"],"picked":"Footwork+1","floor":45},{"not_picked":["Deadly Poison+1","Flechettes"],"picked":"Caltrops+1","floor":47}],"player_experience":196883,"relics_obtained":[{"floor":9,"key":"Incense Burner"},{"floor":10,"key":"Mercury Hourglass"},{"floor":20,"key":"Enchiridion"},{"floor":26,"key":"Du-Vu Doll"},{"floor":38,"key":"Lantern"},{"floor":40,"key":"Blue Candle"},{"floor":43,"key":"Bottled Flame"}],"event_choices":[{"event_name":"Transmorgrifier","player_choice":"Transform","floor":3,"damage_taken":0},{"event_name":"Living Wall","player_choice":"Grow","floor":7,"damage_taken":0},{"event_name":"Golden Wing","player_choice":"Card Removal","floor":12,"damage_taken":0},{"event_name":"Big Fish","player_choice":"Box","floor":13,"damage_taken":0},{"event_name":"Cursed Tome","player_choice":"Obtained Book","floor":20,"damage_taken":0},{"event_name":"Duplicator","player_choice":"One dupe","floor":22,"damage_taken":0},{"event_name":"Nest","player_choice":"Stole From Cult","floor":24,"damage_taken":0},{"event_name":"Purifier","player_choice":"One Purge","floor":30,"damage_taken":0},{"event_name":"WeMeetAgain","player_choice":"Gold","floor":31,"damage_taken":0},{"event_name":"SensoryStone","player_choice":"Memory 1","floor":37,"damage_taken":0}],"is_beta":false,"boss_relics":[{"not_picked":["Runic Pyramid","Philosopher\u0027s Stone"],"picked":"Sozu"},{"not_picked":["Busted Crown","Calling Bell"],"picked":"Eternal Feather"}],"items_purged_floors":[2,27,48],"is_endless":false,"potions_floor_spawned":[1,14,25,29,33,36,44,45,47],"ascension_level":3}