{"gold_per_floor":[114,128,142,154,154,185,185,213,213,213,213,133,158,191,191,286,286,286,286,286,286,286,286,286,286],"floor_reached":25,"playtime":1375,"items_purged":[],"score":356,"play_id":"a84a922c-e6dc-4870-a442-0469d35b7441","local_time":"20180823222133","daily_mods":["Heirloom","Elite Swarm","Uncertain Future"],"is_ascension_mode":true,"campfire_choices":[{"data":"Poisoned Stab","floor":7,"key":"SMITH"},{"data":"A Thousand Cuts","floor":11,"key":"SMITH"},{"data":"Envenom","floor":15,"key":"SMITH"}],"neow_cost":"","seed_source_timestamp":266185046712315,"circlet_count":0,"master_deck":["Defend_G+1","Defend_G","Defend_G","Defend_G","Defend_G","Strike_G","Strike_G","Strike_G","Strike_G","Strike_G","Survivor+1","Neutralize","Backflip","Dagger Spray+1","Poisoned Stab+1","Doppelganger+1","A Thousand Cuts+1","Envenom+1","Noxious Fumes","Bane","A Thousand Cuts","Crippling Poison+1","RitualDagger","Corpse Explosion"],"relics":["Ring of the Snake","Tingsha","Mercury Hourglass","War Paint","Bag of Marbles","Odd Mushroom","Paper Crane","Ectoplasm","Pantograph","Dead Branch","Bird Faced Urn"],"potions_floor_usage":[8],"damage_taken":[{"damage":0,"enemies":"2 Louse","floor":1,"turns":3},{"damage":0,"enemies":"Small Slimes","floor":2,"turns":5},{"damage":0,"enemies":"Jaw Worm","floor":3,"turns":3},{"damage":8,"enemies":"2 Fungi Beasts","floor":4,"turns":4},{"damage":6,"enemies":"Gremlin Nob","floor":6,"turns":4},{"damage":13,"enemies":"Lagavulin","floor":8,"turns":6},{"damage":6,"floor":13,"turns":4},{"damage":13,"enemies":"3 Sentries","floor":14,"turns":5},{"damage":13,"enemies":"The Guardian","floor":16,"turns":8},{"damage":0,"enemies":"3 Byrds","floor":18,"turns":4},{"damage":0,"enemies":"Chosen","floor":20,"turns":4},{"damage":12,"enemies":"Snecko","floor":22,"turns":5},{"damage":20,"enemies":"Gremlin Leader","floor":23,"turns":5},{"damage":43,"enemies":"Book of Stabbing","floor":25,"turns":4}],"seed_played":"-990171598163200331","potions_obtained":[{"floor":4,"key":"EntropicBrew"},{"floor":8,"key":"SpeedPotion"},{"floor":22,"key":"SkillPotion"}],"is_trial":true,"path_per_floor":["M","M","M","M","?","E","R","E","T","?","R","$","?","E","R","B",null,"M","?","M","?","M","E","?"],"character_chosen":"THE_SILENT","items_purchased":["Noxious Fumes"],"campfire_rested":0,"item_purchase_floors":[12],"current_hp_per_floor":[70,70,70,62,48,42,42,29,29,29,29,29,23,10,10,7,70,70,64,64,64,52,32,32,0],"gold":286,"neow_bonus":"","is_prod":false,"is_daily":false,"chose_seed":false,"campfire_upgraded":3,"win_rate":0.0,"timestamp":1535028693,"path_taken":["M","M","M","M","?","E","R","E","T","?","R","$","?","E","R","BOSS","M","?","M","?","M","E","?","E"],"build_version":"2018-08-16","purchased_purges":0,"victory":false,"max_hp_per_floor":[70,70,70,70,70,70,70,70,70,70,70,70,70,70,70,70,70,70,70,70,70,70,70,70,70],"card_choices":[{"not_picked":["Outmaneuver","Deflect"],"picked":"Backflip","floor":1},{"not_picked":["Flying Knee","Quick Slash"],"picked":"Dagger Spray","floor":2},{"not_picked":["Skewer","Blur"],"picked":"Poisoned Stab","floor":3},{"not_picked":["Slice","Outmaneuver"],"picked":"Accuracy","floor":4},{"not_picked":["Wraith Form v2","Night Terror"],"picked":"Doppelganger","floor":6},{"not_picked":["Doppelganger","Wraith Form v2"],"picked":"A Thousand Cuts","floor":8},{"not_picked":["Blade Dance","Dagger Throw"],"picked":"Bane","floor":13},{"not_picked":["Burst","Unload","Doppelganger"],"picked":"SKIP","floor":14},{"not_picked":["Envenom","Unload"],"picked":"A Thousand Cuts","floor":16},{"not_picked":["Quick Slash","Concentrate+1"],"picked":"Crippling Poison+1","floor":18},{"not_picked":["Finisher","Riddle With Holes","All Out Attack"],"picked":"SKIP","floor":20},{"not_picked":["Reflex","Skewer","PiercingWail"],"picked":"SKIP","floor":22},{"not_picked":["A Thousand Cuts","Storm of Steel"],"picked":"Corpse Explosion","floor":23}],"player_experience":23366,"relics_obtained":[{"floor":6,"key":"Mercury Hourglass"},{"floor":8,"key":"War Paint"},{"floor":9,"key":"Bag of Marbles"},{"floor":13,"key":"Odd Mushroom"},{"floor":14,"key":"Paper Crane"},{"floor":23,"key":"Dead Branch"}],"event_choices":[{"event_name":"Shining Light","player_choice":"Entered Light","floor":5,"damage_taken":0},{"event_name":"Living Wall","player_choice":"Change","floor":10,"damage_taken":0},{"event_name":"Mushrooms","player_choice":"Fought Mushrooms","floor":13,"damage_taken":0},{"event_name":"Nest","player_choice":"Joined the Cult","floor":19,"damage_taken":0},{"event_name":"WeMeetAgain","player_choice":"Potion","floor":21,"damage_taken":0},{"event_name":"The Mausoleum","player_choice":"Yes","floor":24,"damage_taken":0}],"is_beta":false,"boss_relics":[{"not_picked":["Ring of the Serpent","Cursed Key"],"picked":"Ectoplasm"}],"items_purged_floors":[],"is_endless":true,"potions_floor_spawned":[4,8,13,14,16,22],"killed_by":"Book of Stabbing","ascension_level":1}