{"gold_per_floor":[143,143,167,185,260,260,277,290,290,290,304,454,25,39,39,118,118,136,30,30,80,5,5,15,15],"floor_reached":25,"playtime":500,"items_purged":["Doubt"],"score":363,"play_id":"3f2478a2-bd8f-4502-a2f8-cac737a00bf2","local_time":"20181001052950","is_ascension_mode":true,"campfire_choices":[{"floor":6,"key":"REST"},{"data":"Consume","floor":10,"key":"SMITH"},{"data":"Capacitor","floor":15,"key":"SMITH"},{"floor":23,"key":"REST"}],"neow_cost":"NONE","seed_source_timestamp":464706203520763,"circlet_count":0,"master_deck":["Strike_B","Strike_B","Strike_B","Defend_B","Defend_B","Defend_B","Defend_B+1","Zap+1","Dualcast","AscendersBane","Glacier","Ball Lightning","Consume+1","Capacitor+1","Compile Driver","Coolheaded+1","Echo Form","Multi-Cast+1","Redo+1","Recycle+1","Turbo+1","White Noise+1"],"relics":["Cracked Core","Tiny Chest","Happy Flower","DataDisk","Toxic Egg 2","Sozu"],"potions_floor_usage":[8,11,16],"damage_taken":[{"damage":3,"enemies":"Small Slimes","floor":1,"turns":4},{"damage":7,"enemies":"Jaw Worm","floor":4,"turns":3},{"damage":1,"enemies":"Cultist","floor":7,"turns":3},{"damage":0,"enemies":"Large Slime","floor":8,"turns":3},{"damage":0,"enemies":"Looter","floor":11,"turns":2},{"damage":2,"enemies":"Blue Slaver","floor":14,"turns":3},{"damage":24,"enemies":"Hexaghost","floor":16,"turns":10},{"damage":23,"enemies":"3 Byrds","floor":18,"turns":5},{"damage":44,"enemies":"2 Thieves","floor":24,"turns":3},{"damage":8,"enemies":"3 Cultists","floor":25,"turns":3}],"seed_played":"3111723163756345069","potions_obtained":[{"floor":1,"key":"Explosive Potion"},{"floor":8,"key":"Fire Potion"},{"floor":14,"key":"Strength Potion"}],"is_trial":false,"path_per_floor":["M","?","T","M","?","R","M","M","T","R","M","?","$","M","R","B",null,"M","$","?","?","?","R","M"],"character_chosen":"DEFECT","items_purchased":["Toxic Egg 2","Coolheaded+1","Recycle+1","Turbo+1"],"campfire_rested":2,"item_purchase_floors":[13,13,19,19],"current_hp_per_floor":[61,40,40,33,22,43,42,42,42,42,42,42,42,40,40,16,57,34,34,34,34,34,55,11,3],"gold":15,"neow_bonus":"RANDOM_COMMON_RELIC","is_prod":false,"is_daily":false,"chose_seed":false,"campfire_upgraded":2,"win_rate":0,"timestamp":1538339390,"path_taken":["M","?","?","?","?","R","M","M","T","R","M","?","$","M","R","BOSS","M","$","?","?","?","R","M","M"],"build_version":"2018-09-27","purchased_purges":1,"victory":false,"max_hp_per_floor":[71,71,71,71,71,71,71,71,71,71,71,71,71,71,71,71,71,71,71,71,71,71,71,71,71],"card_choices":[{"not_picked":["Force Field","Skim"],"picked":"Glacier","floor":1},{"not_picked":["White Noise","BootSequence"],"picked":"Ball Lightning","floor":4},{"not_picked":["Turbo","Darkness","Consume"],"picked":"SKIP","floor":7},{"not_picked":["Turbo","Darkness"],"picked":"Consume","floor":7},{"not_picked":["Reprogram","Leap"],"picked":"Capacitor","floor":8},{"not_picked":["Turbo","Gash"],"picked":"Compile Driver","floor":11},{"not_picked":["Undo+1","Barrage"],"picked":"Echo Form","floor":14},{"not_picked":["Creative AI","Meteor Strike"],"picked":"Multi-Cast+1","floor":16},{"not_picked":["Blizzard","Go for the Eyes"],"picked":"Redo+1","floor":18},{"not_picked":["Darkness+1","Compile Driver"],"picked":"White Noise+1","floor":24}],"player_experience":725501,"relics_obtained":[{"floor":3,"key":"Happy Flower"},{"floor":9,"key":"DataDisk"}],"event_choices":[{"event_name":"Shining Light","player_choice":"Entered Light","floor":2,"damage_taken":0},{"event_name":"World of Goop","player_choice":"Gather Gold","floor":5,"damage_taken":0},{"event_name":"Liars Game","player_choice":"agreed","floor":12,"damage_taken":0},{"event_name":"N\u0027loth","player_choice":"Ignored","floor":20,"damage_taken":0},{"event_name":"Golden Shrine","player_choice":"Pray","floor":21,"damage_taken":0},{"event_name":"Beggar","player_choice":"Gave Gold","floor":22,"damage_taken":0}],"is_beta":false,"boss_relics":[{"not_picked":["Black Star","Coffee Dripper"],"picked":"Sozu"}],"items_purged_floors":[13],"is_endless":false,"potions_floor_spawned":[1,8,14,24],"killed_by":"3 Cultists","ascension_level":18}