{"gold_per_floor":[115,128,148,223,223,246,258,303,340,60,60,73,73,102,102,102],"floor_reached":16,"playtime":385,"items_purged":["Defend_B"],"score":220,"play_id":"b5e4a8cf-2c0b-4379-873f-1a7456fab5a1","local_time":"20181215195709","is_ascension_mode":true,"campfire_choices":[{"data":"Zap","floor":7,"key":"SMITH"},{"floor":11,"key":"REST"},{"data":"White Noise","floor":13,"key":"SMITH"},{"data":"Dualcast","floor":15,"key":"SMITH"}],"neow_cost":"NONE","seed_source_timestamp":179287420021196,"circlet_count":0,"master_deck":["AscendersBane","Strike_B","Strike_B","Strike_B","Strike_B","Defend_B","Defend_B","Defend_B","Zap+1","Dualcast+1","Doom and Gloom","Conserve Battery","White Noise+1","Conserve Battery","Machine Learning","Compile Driver","Leap"],"relics":["Cracked Core","MawBank","Juzu Bracelet","Oddly Smooth Stone","Membership Card","Symbiotic Virus"],"potions_floor_usage":[6,8,14,14],"damage_taken":[{"damage":1,"enemies":"Cultist","floor":1,"turns":3},{"damage":9,"enemies":"Jaw Worm","floor":2,"turns":3},{"damage":5,"enemies":"Small Slimes","floor":3,"turns":3},{"damage":0,"enemies":"3 Louse","floor":6,"turns":1},{"damage":23,"enemies":"3 Sentries","floor":8,"turns":5},{"damage":6,"enemies":"Blue Slaver","floor":12,"turns":4},{"damage":4,"enemies":"Lagavulin","floor":14,"turns":5},{"damage":26,"enemies":"Hexaghost","floor":16,"turns":9}],"seed_played":"-7817028644490892272","potions_obtained":[{"floor":1,"key":"Explosive Potion"},{"floor":2,"key":"Fire Potion"},{"floor":12,"key":"Strength Potion"}],"is_trial":false,"path_per_floor":["M","M","M","?","?","M","R","E","T","$","R","M","R","E","R","B"],"character_chosen":"DEFECT","items_purchased":["Membership Card","Block Potion"],"campfire_rested":1,"item_purchase_floors":[10,10],"current_hp_per_floor":[70,61,56,45,34,34,34,11,11,11,34,28,28,24,24,0],"gold":102,"neow_bonus":"TEN_PERCENT_HP_BONUS","is_prod":false,"is_daily":false,"chose_seed":false,"campfire_upgraded":3,"win_rate":0,"timestamp":1544871429,"path_taken":["M","?","M","?","?","M","R","E","T","$","R","M","R","E","R","BOSS"],"build_version":"2018-12-13","purchased_purges":1,"victory":false,"max_hp_per_floor":[78,78,78,78,78,78,78,78,78,78,78,78,78,78,78,78],"card_choices":[{"not_picked":["Sunder","Double Energy"],"picked":"Doom and Gloom","floor":1},{"not_picked":["Sweeping Beam","Sunder"],"picked":"Conserve Battery","floor":2},{"not_picked":["Coolheaded","Sweeping Beam"],"picked":"White Noise","floor":3},{"not_picked":["Hologram","Beam Cell"],"picked":"Conserve Battery","floor":6},{"not_picked":["Double Energy","Rebound"],"picked":"Machine Learning","floor":8},{"not_picked":["Leap","Rebound"],"picked":"Compile Driver","floor":12},{"not_picked":["Stack","Barrage"],"picked":"Leap","floor":14}],"player_experience":796404,"relics_obtained":[{"floor":8,"key":"Juzu Bracelet"},{"floor":9,"key":"Oddly Smooth Stone"},{"floor":14,"key":"Symbiotic Virus"}],"event_choices":[{"damage_healed":0,"gold_gain":75,"player_choice":"Gather Gold","damage_taken":11,"max_hp_gain":0,"max_hp_loss":0,"event_name":"World of Goop","floor":4,"gold_loss":0},{"damage_healed":0,"gold_gain":0,"player_choice":"Success","damage_taken":11,"relics_obtained":["MawBank"],"max_hp_gain":0,"max_hp_loss":0,"event_name":"Scrap Ooze","floor":5,"gold_loss":0}],"is_beta":false,"boss_relics":[],"items_purged_floors":[10],"is_endless":false,"potions_floor_spawned":[1,2,12],"killed_by":"Hexaghost","ascension_level":20}