{"gold_per_floor":[99,99,49,49,49,49,49,49,49,49,49,49,49,34,34,34,34,34,34,34,34,34,34,34,34,34,34,34,34,34,34,34,34],"floor_reached":33,"playtime":2196,"items_purged":[],"score":324,"play_id":"01996f76-48ba-47dc-8f9e-ee76de0b90f7","local_time":"20181015160630","is_ascension_mode":false,"campfire_choices":[{"data":"Perfected Strike","floor":8,"key":"SMITH"},{"floor":15,"key":"REST"},{"data":"Perfected Strike","floor":23,"key":"SMITH"},{"data":"Perfected Strike","floor":25,"key":"SMITH"},{"data":"Perfected Strike","floor":27,"key":"SMITH"},{"floor":32,"key":"REST"}],"neow_cost":"NONE","seed_source_timestamp":16094709914099,"circlet_count":0,"master_deck":["Strike_R+1","Strike_R+1","Strike_R+1","Defend_R+1","Defend_R+1","Defend_R+1","Defend_R+1","Bash","Headbutt","True Grit","Perfected Strike+1","Twin Strike","Headbutt","Perfected Strike+1","Perfected Strike+1","True Grit","Cleave","Perfected Strike+1","Wild Strike","Clash+1"],"relics":["Ectoplasm","Blue Candle","Kunai","Happy Flower","Orrery","Bronze Scales"],"potions_floor_usage":[10,18,20,20,21,33,33,33],"damage_taken":[{"damage":0,"enemies":"2 Louse","floor":1,"turns":3},{"damage":31,"enemies":"Lagavulin","floor":6,"turns":9},{"damage":16,"enemies":"Gremlin Nob","floor":10,"turns":4},{"damage":0,"enemies":"Cultist","floor":11,"turns":2},{"damage":0,"enemies":"Small Slimes","floor":12,"turns":3},{"damage":0,"enemies":"3 Louse","floor":13,"turns":2},{"damage":0,"enemies":"Looter","floor":14,"turns":2},{"damage":0,"enemies":"Slime Boss","floor":16,"turns":5},{"damage":0,"enemies":"Chosen","floor":18,"turns":2},{"damage":6,"enemies":"3 Byrds","floor":19,"turns":5},{"damage":18,"enemies":"Shelled Parasite and Fungi","floor":20,"turns":4},{"damage":13,"enemies":"Centurion and Healer","floor":21,"turns":3},{"damage":0,"enemies":"Cultist and Chosen","floor":24,"turns":4},{"damage":15,"enemies":"Snake Plant","floor":28,"turns":3},{"damage":2,"enemies":"Sentry and Sphere","floor":30,"turns":3},{"damage":84,"enemies":"Automaton","floor":33,"turns":6}],"seed_played":"-8355625726115985030","potions_obtained":[{"floor":6,"key":"Regen Potion"},{"floor":10,"key":"Dexterity Potion"},{"floor":13,"key":"EssenceOfSteel"},{"floor":14,"key":"Block Potion"},{"floor":19,"key":"Strength Potion"},{"floor":20,"key":"Poison Potion"},{"floor":21,"key":"SteroidPotion"},{"floor":31,"key":"Energy Potion"},{"floor":31,"key":"Explosive Potion"}],"is_trial":false,"path_per_floor":["M","?","?","?","?","E","$","R","T","?","M","M","M","M","R","B",null,"M","M","M","M","$","R","M","R","T","R","M","?","M","?","R"],"character_chosen":"IRONCLAD","items_purchased":[],"campfire_rested":2,"item_purchase_floors":[],"current_hp_per_floor":[80,80,80,80,73,42,42,42,42,38,38,38,38,38,62,62,80,80,74,56,43,43,43,43,43,43,43,28,28,26,26,50,0],"gold":34,"neow_bonus":"BOSS_RELIC","is_prod":false,"is_daily":false,"chose_seed":false,"campfire_upgraded":4,"win_rate":0,"timestamp":1539608790,"path_taken":["M","?","?","?","?","E","$","R","T","?","?","M","M","M","R","BOSS","M","M","M","M","$","R","M","R","T","R","M","?","?","?","R","BOSS"],"build_version":"2018-10-11","purchased_purges":0,"victory":false,"max_hp_per_floor":[80,80,80,80,80,80,80,80,80,80,80,80,80,80,80,80,80,80,80,80,80,80,80,80,80,80,80,80,80,80,80,80,80],"card_choices":[{"not_picked":["Clothesline","Wild Strike"],"picked":"Headbutt","floor":1},{"not_picked":["True Grit","Clothesline"],"picked":"Perfected Strike","floor":6},{"not_picked":["Feel No Pain","Dual Wield"],"picked":"Twin Strike","floor":11},{"not_picked":["Warcry","Blood for Blood"],"picked":"Headbutt","floor":12},{"not_picked":["Entrench","Twin Strike"],"picked":"Perfected Strike","floor":13},{"not_picked":["Havoc","Seeing Red","Reaper"],"picked":"SKIP","floor":14},{"not_picked":["Clothesline","Impervious"],"picked":"Perfected Strike","floor":17},{"not_picked":["Sever Soul","Rampage"],"picked":"True Grit","floor":17},{"not_picked":["Heavy Blade","Inflame"],"picked":"Cleave","floor":17},{"not_picked":["Dual Wield","Havoc","Spot Weakness"],"picked":"SKIP","floor":18},{"not_picked":["True Grit","Power Through","Searing Blow"],"picked":"SKIP","floor":19},{"not_picked":["Carnage","Hemokinesis"],"picked":"Perfected Strike","floor":20},{"not_picked":["Burning Pact+1","True Grit"],"picked":"Wild Strike","floor":21},{"not_picked":["Reaper","Clothesline","Body Slam+1"],"picked":"SKIP","floor":24},{"not_picked":["Thunderclap","Rampage"],"picked":"Clash+1","floor":28},{"not_picked":["Disarm","Flex","Corruption"],"picked":"SKIP","floor":30}],"player_experience":798146,"relics_obtained":[{"floor":6,"key":"Blue Candle"},{"floor":9,"key":"Kunai"},{"floor":10,"key":"Happy Flower"},{"floor":26,"key":"Bronze Scales"}],"event_choices":[{"event_name":"Match and Keep!","player_choice":"1 cards matched","floor":2,"damage_taken":0},{"event_name":"The Cleric","player_choice":"Card Removal","floor":3,"damage_taken":0},{"event_name":"Wheel of Change","player_choice":"Gold","floor":4,"damage_taken":0},{"event_name":"Golden Wing","player_choice":"Card Removal","floor":5,"damage_taken":0},{"event_name":"Dead Adventurer","player_choice":"Searched \u00273\u0027 times","floor":10,"damage_taken":0},{"event_name":"Back to Basics","player_choice":"Simplicity","floor":29,"damage_taken":0},{"event_name":"The Lab","player_choice":"Got Potions","floor":31,"damage_taken":0}],"is_beta":false,"boss_relics":[{"not_picked":["Philosopher\u0027s Stone","Black Star"],"picked":"Orrery"}],"items_purged_floors":[],"is_endless":false,"potions_floor_spawned":[6,10,13,14,19,20,21],"killed_by":"Automaton","ascension_level":0}