{"gold_per_floor":[16,28,47,47,47,80,95,111,111,146,157,177,192,192,192,263,263,281,281,196,216,216,216],"floor_reached":23,"playtime":752,"items_purged":[],"score":435,"play_id":"bd732c04-bbdb-4b97-a52c-d659756622dc","local_time":"20181215193553","is_ascension_mode":true,"campfire_choices":[{"data":"Zap","floor":15,"key":"SMITH"}],"neow_cost":"NO_GOLD","seed_source_timestamp":177644133854120,"circlet_count":0,"master_deck":["AscendersBane","Defend_B","Defend_B","Defend_B","Defend_B","Zap+1","Dualcast","Dark Shackles","Metamorphosis","Darkness","Coolheaded","Conserve Battery","Self Repair","Cold Snap","FTL","Core Surge+1","BootSequence+1","Streamline+1","Coolheaded+1","Core Surge+1","Go for the Eyes+1","Streamline+1","Bite+1","Bite+1","Bite+1","Bite+1","Bite+1"],"relics":["Cracked Core","Turnip","Molten Egg 2","Toxic Egg 2","Inserter","MutagenicStrength","Shovel"],"potions_floor_usage":[6,6,10,10,12,13,23],"damage_taken":[{"damage":0,"enemies":"2 Louse","floor":1,"turns":2},{"damage":2,"enemies":"Cultist","floor":2,"turns":4},{"damage":5,"enemies":"Jaw Worm","floor":3,"turns":5},{"damage":30,"enemies":"3 Sentries","floor":6,"turns":8},{"damage":7,"enemies":"Blue Slaver","floor":7,"turns":5},{"damage":2,"enemies":"Looter","floor":8,"turns":3},{"damage":7,"enemies":"Gremlin Nob","floor":10,"turns":3},{"damage":6,"enemies":"2 Fungi Beasts","floor":11,"turns":3},{"damage":10,"enemies":"Exordium Thugs","floor":12,"turns":4},{"damage":14,"enemies":"Lots of Slimes","floor":13,"turns":4},{"damage":17,"enemies":"Hexaghost","floor":16,"turns":11},{"damage":27,"enemies":"2 Thieves","floor":18,"turns":5},{"damage":15,"enemies":"Shell Parasite","floor":21,"turns":5},{"damage":44,"enemies":"Book of Stabbing","floor":23,"turns":4}],"seed_played":"3853196850538844211","potions_obtained":[{"floor":2,"key":"EssenceOfSteel"},{"floor":4,"key":"Fire Potion"},{"floor":4,"key":"LiquidBronze"},{"floor":7,"key":"Poison Potion"},{"floor":8,"key":"FearPotion"},{"floor":10,"key":"Regen Potion"},{"floor":11,"key":"AttackPotion"},{"floor":16,"key":"Regen Potion"},{"floor":18,"key":"AttackPotion"}],"is_trial":false,"path_per_floor":["M","M","M","?","$","E","M","M","T","E","M","M","M","?","R","B",null,"M","?","?","M","?","E"],"character_chosen":"DEFECT","items_purchased":[],"campfire_rested":0,"item_purchase_floors":[],"current_hp_per_floor":[64,62,57,57,57,27,27,32,32,32,33,30,35,35,35,25,60,40,40,40,32,32,0],"gold":216,"neow_bonus":"RANDOM_COLORLESS_2","is_prod":false,"is_daily":false,"chose_seed":false,"campfire_upgraded":1,"win_rate":0,"timestamp":1544870153,"path_taken":["M","M","M","?","$","E","M","M","T","E","?","M","?","?","R","BOSS","M","?","?","M","?","E"],"build_version":"2018-12-13","purchased_purges":0,"victory":false,"max_hp_per_floor":[71,71,71,71,71,71,71,71,71,71,71,71,71,71,71,71,71,71,71,71,71,49,49],"card_choices":[{"not_picked":["Stack","Hologram"],"picked":"Darkness","floor":1},{"not_picked":["Steam Power","Blizzard"],"picked":"Coolheaded","floor":2},{"not_picked":["Multi-Cast","Streamline"],"picked":"Conserve Battery","floor":3},{"not_picked":["Gash","Go for the Eyes"],"picked":"Self Repair","floor":6},{"not_picked":["Gash","Steam"],"picked":"Cold Snap","floor":7},{"not_picked":["Turbo","Streamline"],"picked":"FTL","floor":8},{"not_picked":["Streamline+1","Stack"],"picked":"Core Surge+1","floor":10},{"not_picked":["Scrape+1","Double Energy+1"],"picked":"BootSequence+1","floor":11},{"not_picked":["Tempest+1","Barrage+1"],"picked":"Streamline+1","floor":12},{"not_picked":["Meteor Strike+1","Leap+1"],"picked":"Coolheaded+1","floor":13},{"not_picked":["Buffer","Multi-Cast+1"],"picked":"Core Surge+1","floor":16},{"not_picked":["Capacitor","Redo+1"],"picked":"Go for the Eyes+1","floor":18},{"not_picked":["Recycle+1","Genetic Algorithm+1"],"picked":"Streamline+1","floor":21}],"player_experience":794779,"relics_obtained":[{"floor":6,"key":"Turnip"},{"floor":9,"key":"Molten Egg 2"},{"floor":10,"key":"Toxic Egg 2"}],"event_choices":[{"damage_healed":0,"gold_gain":0,"player_choice":"Got Potions","damage_taken":0,"max_hp_gain":0,"max_hp_loss":0,"event_name":"Lab","floor":4,"gold_loss":0},{"damage_healed":0,"gold_gain":0,"player_choice":"Ignored","damage_taken":0,"max_hp_gain":0,"max_hp_loss":0,"event_name":"Liars Game","floor":14,"gold_loss":0},{"damage_healed":0,"gold_gain":0,"player_choice":"Inject Mutagens","damage_taken":0,"relics_obtained":["MutagenicStrength"],"max_hp_gain":0,"max_hp_loss":0,"event_name":"Drug Dealer","floor":19,"gold_loss":0},{"damage_healed":0,"gold_gain":0,"player_choice":"Obtained Relic","damage_taken":0,"relics_obtained":["Shovel"],"max_hp_gain":0,"max_hp_loss":0,"event_name":"Addict","floor":20,"gold_loss":85},{"damage_healed":0,"gold_gain":0,"player_choice":"Became a vampire","damage_taken":0,"max_hp_gain":0,"max_hp_loss":22,"event_name":"Vampires","floor":22,"gold_loss":0,"cards_obtained":["Bite","Bite","Bite","Bite","Bite"]}],"is_beta":false,"boss_relics":[{"not_picked":["FrozenCore","Cursed Key"],"picked":"Inserter"}],"items_purged_floors":[],"is_endless":false,"potions_floor_spawned":[2,7,8,10,11,16,18],"killed_by":"Book of Stabbing","ascension_level":20}