{"gold_per_floor":[369,381,4,4,21,47,47,47,129,229,229,243,243,14,14,113,113,124,124,124,24,24,56,56,56,56,89,22,22,22,22,22,118,168,178,22,42,42,42,42,73,85,112,139,139,139,0,0,0,0],"floor_reached":51,"playtime":3331,"items_purged":["Defend_R","Bash"],"score":824,"play_id":"ec332875-0de8-4c53-bc23-cf0a89b261ff","local_time":"20180905191618","is_ascension_mode":true,"campfire_choices":[{"data":"Fire Breathing","floor":7.0,"key":"SMITH"},{"floor":11.0,"key":"REST"},{"data":"Dramatic Entrance","floor":13.0,"key":"SMITH"},{"data":"Wild Strike","floor":15.0,"key":"SMITH"},{"data":"Pummel","floor":25.0,"key":"SMITH"},{"data":"Feel No Pain","floor":29.0,"key":"SMITH"},{"data":"RitualDagger","floor":32.0,"key":"SMITH"},{"data":"Juggernaut","floor":40,"key":"SMITH"},{"data":"Bite","floor":45,"key":"SMITH"},{"data":"Bite","floor":49,"key":"SMITH"}],"neow_cost":"TEN_PERCENT_HP_LOSS","seed_source_timestamp":0,"circlet_count":0,"master_deck":["Defend_R","Defend_R+1","Defend_R+1","Perfected Strike+1","Wild Strike+1","Fire Breathing+1","Dramatic Entrance+1","Pummel+1","True Grit+1","Impervious+1","Shrug It Off+1","Disarm+1","Ghostly+1","Ghostly+1","Ghostly+1","Ghostly+1","Ghostly+1","Burning Pact+1","Doubt","Feel No Pain+1","Bite","Bite","Bite+1","Bite+1","Bite+1","RitualDagger+1","Juggernaut+1","Havoc+1","Fire Breathing+1","True Grit+1","Clumsy","True Grit+1"],"special_seed":0,"relics":["Burning Blood","Strange Spoon","War Paint","Regal Pillow","Toxic Egg 2","Juzu Bracelet","Cursed Key","Nilry\u0027s Codex","Potion Belt","Bronze Scales","Lantern","Tiny House","Bag of Marbles","Torii","Red Skull","Dream Catcher","Happy Flower","The Courier","Red Mask"],"potions_floor_usage":[39,39,41,41],"damage_taken":[{"damage":16.0,"enemies":"Jaw Worm","floor":1.0,"turns":4.0},{"damage":5.0,"enemies":"Small Slimes","floor":2.0,"turns":3.0},{"damage":0.0,"enemies":"2 Louse","floor":5.0,"turns":2.0},{"damage":18.0,"enemies":"3 Sentries","floor":6.0,"turns":5.0},{"damage":10.0,"enemies":"2 Fungi Beasts","floor":12.0,"turns":3.0},{"damage":53.0,"enemies":"The Guardian","floor":16.0,"turns":9.0},{"damage":12.0,"enemies":"Chosen","floor":18.0,"turns":3.0},{"damage":2.0,"enemies":"Gremlin Leader","floor":23.0,"turns":9.0},{"damage":8.0,"enemies":"Book of Stabbing","floor":27.0,"turns":7.0},{"damage":7.0,"enemies":"Collector","floor":33.0,"turns":16.0},{"damage":0,"enemies":"3 Darklings","floor":35,"turns":6},{"damage":16,"enemies":"Orb Walker","floor":37,"turns":5},{"damage":9,"enemies":"Mind Bloom Boss Battle","floor":39,"turns":10},{"damage":14,"enemies":"Nemesis","floor":41,"turns":11},{"damage":26,"enemies":"3 Darklings","floor":42,"turns":5},{"damage":1,"enemies":"Giant Head","floor":44,"turns":10},{"damage":28,"enemies":"Time Eater","floor":50,"turns":17}],"seed_played":"-4876156210121995869","potions_obtained":[{"floor":2.0,"key":"Ancient Potion"},{"floor":12.0,"key":"Explosive Potion"},{"floor":18.0,"key":"Dexterity Potion"},{"floor":34.0,"key":"Poison Potion"},{"floor":38,"key":"FearPotion"},{"floor":38,"key":"Block Potion"},{"floor":38,"key":"Dexterity Potion"},{"floor":39,"key":"Weak Potion"},{"floor":42,"key":"Dexterity Potion"}],"is_trial":false,"path_per_floor":["M","M","$","?","M","E","R","?","T","?","R","M","R","$","R","B",null,"M","?","?","$","?","E","?","R","T","E","$","R","?","?","R","B",null,"M","$","M","?","?","R","E","M","T","E","R","?","?","$","R","B"],"character_chosen":"IRONCLAD","items_purchased":["Fire Breathing","Strange Spoon","Dramatic Entrance","Juzu Bracelet","Feel No Pain","Bag of Marbles"],"campfire_rested":1,"item_purchase_floors":[3,3,3,14,28,36],"current_hp_per_floor":[62,63,63,63,69,57,57,45,45,45,72,68,68,68,68,21,72,66,66,36,36,20,32,28,28,28,26,26,26,26,20,20,28,33,33,33,23,23,32,32,33,20,20,33,33,33,33,33,33,29],"gold":0,"neow_bonus":"TWO_FIFTY_GOLD","is_prod":false,"is_daily":false,"chose_seed":false,"campfire_upgraded":9,"win_rate":0,"timestamp":1536140778,"path_taken":["M","M","$","?","M","E","R","?","T","?","R","M","R","$","R","BOSS","M","?","?","$","?","E","?","R","T","E","$","R","?","?","R","BOSS","M","$","M","?","?","R","E","M","T","E","R","?","?","$","R","BOSS"],"build_version":"2018-08-30","purchased_purges":2,"victory":true,"max_hp_per_floor":[72,72,72,72,72,72,72,72,72,72,72,72,72,72,72,72,72,72,72,36,36,36,36,41,41,41,41,41,41,28,28,28,28,33,33,33,33,33,33,33,33,33,33,33,33,33,33,33,33,33],"card_choices":[{"not_picked":["Clothesline","Flex"],"picked":"Perfected Strike","floor":1.0},{"not_picked":["Flex","Heavy Blade"],"picked":"Wild Strike","floor":2.0},{"not_picked":["Berserk","Sword Boomerang","Heavy Blade"],"picked":"SKIP","floor":5.0},{"not_picked":["Shockwave","Dual Wield"],"picked":"Pummel","floor":6.0},{"not_picked":["Searing Blow","Havoc+1"],"picked":"True Grit+1","floor":12.0},{"not_picked":["Double Tap+1","Reaper"],"picked":"Impervious+1","floor":16.0},{"not_picked":["Uppercut","Heavy Blade+1"],"picked":"Shrug It Off+1","floor":18.0},{"not_picked":["Whirlwind","Warcry+1"],"picked":"Burning Pact+1","floor":23.0},{"not_picked":["Pommel Strike+1","Rampage+1","Immolate"],"picked":"SKIP","floor":27.0},{"not_picked":["Impervious+1","Double Tap+1"],"picked":"Juggernaut","floor":33.0},{"not_picked":["Whirlwind","Seeing Red+1"],"picked":"Havoc+1","floor":34.0},{"not_picked":["Havoc+1","Blood for Blood"],"picked":"Fire Breathing+1","floor":35},{"not_picked":["Headbutt+1","Bludgeon","Dual Wield+1"],"picked":"SKIP","floor":37},{"not_picked":["Twin Strike+1","Clash"],"picked":"True Grit+1","floor":41},{"not_picked":["Flex+1","Battle Trance+1","Iron Wave+1"],"picked":"SKIP","floor":42},{"not_picked":["Reaper","Clash"],"picked":"True Grit+1","floor":44}],"player_experience":127623,"relics_obtained":[{"floor":6.0,"key":"War Paint"},{"floor":9.0,"key":"Toxic Egg 2"},{"floor":22.0,"key":"Nilry\u0027s Codex"},{"floor":23.0,"key":"Potion Belt"},{"floor":26.0,"key":"Bronze Scales"},{"floor":27.0,"key":"Lantern"},{"floor":39,"key":"Torii"},{"floor":41,"key":"Red Skull"},{"floor":43,"key":"Dream Catcher"},{"floor":44,"key":"Happy Flower"}],"event_choices":[{"event_name":"Living Wall","player_choice":"Grow","floor":4.0,"damage_taken":0.0},{"event_name":"Scrap Ooze","player_choice":"success","floor":8.0,"damage_taken":12.0},{"event_name":"Golden Shrine","player_choice":"Pray","floor":10.0,"damage_taken":0.0},{"event_name":"The Library","player_choice":"Read","floor":19.0,"damage_taken":0.0},{"event_name":"Ghosts","player_choice":"Became a Ghost","floor":20.0,"damage_taken":0.0},{"event_name":"Cursed Tome","player_choice":"Obtained Book","floor":22.0,"damage_taken":0.0},{"event_name":"Forgotten Altar","player_choice":"Shed Blood","floor":24.0,"damage_taken":0.0},{"event_name":"Vampires","player_choice":"Became a vampire","floor":30.0,"damage_taken":0.0},{"event_name":"Nest","player_choice":"Joined the Cult","floor":31.0,"damage_taken":0.0},{"event_name":"The Lab","player_choice":"Got Potions","floor":38,"damage_taken":0},{"event_name":"MindBloom","player_choice":"Fight","floor":39,"damage_taken":0},{"event_name":"WeMeetAgain","player_choice":"Potion","floor":46,"damage_taken":0},{"event_name":"Tomb of Lord Red Mask","player_choice":"Paid","floor":47,"damage_taken":0}],"is_beta":false,"boss_relics":[{"not_picked":["Pandora\u0027s Box","Fusion Hammer"],"picked":"Cursed Key"},{"not_picked":["Snecko Eye","Runic Dome"],"picked":"Tiny House"}],"items_purged_floors":[14,21],"is_endless":false,"potions_floor_spawned":[2,12,18,39,42],"ascension_level":2}