{"gold_per_floor":[110,110,110,128,128,128,141,161,209,225,225,239,239,17,17,122,122,140,140],"floor_reached":19,"playtime":904,"items_purged":["Strike_B"],"score":183,"play_id":"5da70060-a024-44a4-bc60-aeb1e38a62f3","local_time":"20180916194826","is_ascension_mode":true,"campfire_choices":[{"data":"Redo","floor":6,"key":"SMITH"},{"data":"Leap","floor":11,"key":"SMITH"},{"floor":13,"key":"REST"},{"floor":15,"key":"REST"}],"neow_cost":"CURSE","seed_source_timestamp":265833653973319,"circlet_count":0,"master_deck":["Strike_B","Strike_B","Strike_B","Defend_B","Defend_B+1","Defend_B","Defend_B+1","Zap","Dualcast","Electrodynamics","Redo+1","Leap+1","Stack","Streamline+1","Self Repair","Loop","Buffer","Streamline+1"],"relics":["Cracked Core","Molten Egg 2","Ornamental Fan","War Paint","DataDisk","Nuclear Battery"],"potions_floor_usage":[16],"damage_taken":[{"damage":12,"enemies":"Jaw Worm","floor":1,"turns":2},{"damage":0,"enemies":"Small Slimes","floor":4,"turns":2},{"damage":0,"enemies":"2 Louse","floor":7,"turns":2},{"damage":3,"enemies":"Blue Slaver","floor":8,"turns":3},{"damage":3,"enemies":"Large Slime","floor":10,"turns":3},{"damage":32,"enemies":"Exordium Thugs","floor":12,"turns":4},{"damage":19,"enemies":"The Guardian","floor":16,"turns":8},{"damage":0,"enemies":"Spheric Guardian","floor":18,"turns":4},{"damage":15,"enemies":"Colosseum Slavers","floor":19,"turns":4},{"damage":64,"enemies":"Colosseum Nobs","floor":19,"turns":3}],"seed_played":"6366995152098161822","potions_obtained":[{"floor":4,"key":"Fire Potion"},{"floor":7,"key":"Strength Potion"},{"floor":16,"key":"FocusPotion"}],"is_trial":false,"path_per_floor":["M","?","?","M","T","R","M","M","T","M","R","M","R","$","R","B",null,"M"],"character_chosen":"DEFECT","items_purchased":["DataDisk"],"campfire_rested":2,"item_purchase_floors":[14],"current_hp_per_floor":[63,56,44,44,44,44,44,41,41,38,38,13,34,34,55,36,72,72,0],"gold":140,"neow_bonus":"THREE_RARE_CARDS","is_prod":false,"is_daily":false,"chose_seed":false,"campfire_upgraded":2,"win_rate":0,"timestamp":1537093106,"path_taken":["M","?","?","?","?","R","M","?","T","?","R","M","R","$","R","BOSS","M","?"],"build_version":"2018-09-06","purchased_purges":1,"victory":false,"max_hp_per_floor":[75,72,72,72,72,72,72,72,72,72,72,72,72,72,72,72,72,72,72],"card_choices":[{"not_picked":["Core Surge","Creative AI"],"picked":"Electrodynamics","floor":0},{"not_picked":["Cold Snap","Hologram"],"picked":"Redo","floor":1},{"not_picked":["Compile Driver+1","Streamline+1"],"picked":"Leap","floor":4},{"not_picked":["Fusion","White Noise"],"picked":"Stack","floor":7},{"not_picked":["Barrage+1","Steam"],"picked":"Streamline+1","floor":8},{"not_picked":["Creative AI","Reprogram"],"picked":"Self Repair","floor":10},{"not_picked":["White Noise","Go for the Eyes+1"],"picked":"Loop","floor":12},{"not_picked":["Electrodynamics","Fission"],"picked":"Buffer","floor":16},{"not_picked":["Rip and Tear+1","Storm"],"picked":"Streamline+1","floor":18}],"player_experience":183327,"relics_obtained":[{"floor":5,"key":"Ornamental Fan"},{"floor":9,"key":"War Paint"}],"event_choices":[{"event_name":"Golden Wing","player_choice":"Card Removal","floor":2,"damage_taken":0},{"event_name":"Scrap Ooze","player_choice":"success","floor":3,"damage_taken":12},{"event_name":"Colosseum","player_choice":"Fight","floor":19,"damage_taken":0},{"event_name":"Colosseum","player_choice":"Fought Nobs","floor":19,"damage_taken":0}],"is_beta":false,"boss_relics":[{"not_picked":["Cursed Key","Eternal Feather"],"picked":"Nuclear Battery"}],"items_purged_floors":[14],"is_endless":false,"potions_floor_spawned":[4,7,16],"killed_by":"Colosseum Nobs","ascension_level":3}