{"gold_per_floor":[118,118,131,56,73,90,103,103,103,103,121,121,121,140,140,236,236,250,250,250,114,125,125,125],"floor_reached":24,"playtime":987,"items_purged":["Strike_B","Zap"],"score":222,"play_id":"af38fc84-41e7-4e38-8164-44ed07d3b218","local_time":"20180828201107","is_ascension_mode":true,"campfire_choices":[{"data":"Conserve Battery","floor":8,"key":"SMITH"},{"data":"Ball Lightning","floor":10,"key":"SMITH"},{"data":"Electrodynamics","floor":12,"key":"SMITH"},{"floor":15,"key":"REST"},{"data":"Echo Form","floor":23,"key":"SMITH"}],"neow_cost":"","seed_source_timestamp":45290042844357,"circlet_count":0,"master_deck":["Defend_B","Defend_B","Defend_B","Defend_B","Dualcast","Conserve Battery+1","Ball Lightning","Reinforced Body","Ball Lightning+1","Electrodynamics+1","Conserve Battery","Echo Form+1","Genetic Algorithm+1","Bite","Bite","Bite","Bite","Bite","Capacitor"],"relics":["Cracked Core","Bronze Scales","Ornamental Fan","Incense Burner","Eternal Feather"],"potions_floor_usage":[7,14],"damage_taken":[{"damage":0,"enemies":"Cultist","floor":1,"turns":3},{"damage":0,"enemies":"2 Louse","floor":3,"turns":2},{"damage":0,"enemies":"Small Slimes","floor":5,"turns":3},{"damage":26,"enemies":"Gremlin Gang","floor":6,"turns":4},{"damage":15,"enemies":"Exordium Thugs","floor":7,"turns":4},{"damage":6,"enemies":"3 Louse","floor":11,"turns":3},{"damage":11,"enemies":"Large Slime","floor":14,"turns":2},{"damage":10,"enemies":"Slime Boss","floor":16,"turns":6},{"damage":3,"enemies":"Shell Parasite","floor":18,"turns":5},{"damage":35,"enemies":"2 Thieves","floor":22,"turns":5},{"damage":47,"enemies":"Slavers","floor":24,"turns":4}],"seed_played":"1279105388816751420","potions_obtained":[{"floor":1,"key":"Strength Potion"},{"floor":3,"key":"AttackPotion"},{"floor":14,"key":"Fruit Juice"}],"is_trial":false,"path_per_floor":["M","?","M","$","M","M","M","R","T","R","M","R","T","M","R","B",null,"M","?","?","$","M","R"],"character_chosen":"DEFECT","items_purchased":["Capacitor"],"campfire_rested":1,"item_purchase_floors":[21],"current_hp_per_floor":[75,72,72,72,72,46,31,31,31,31,25,25,25,19,43,33,80,77,56,56,56,25,34,0],"gold":125,"neow_bonus":"","is_prod":false,"is_daily":false,"chose_seed":false,"campfire_upgraded":4,"win_rate":0,"timestamp":1535452867,"path_taken":["M","?","?","$","M","M","M","R","T","R","M","R","?","M","R","BOSS","M","?","?","$","?","R","E"],"build_version":"2018-08-23v2","purchased_purges":2,"victory":false,"max_hp_per_floor":[75,75,75,75,75,75,75,75,75,75,75,75,75,80,80,80,80,80,56,56,56,56,56,56],"card_choices":[{"not_picked":["Chill","Coolheaded"],"picked":"Conserve Battery","floor":1},{"not_picked":["Hologram","Chaos"],"picked":"Ball Lightning","floor":3},{"not_picked":["Streamline","Beam Cell"],"picked":"Skim","floor":5},{"not_picked":["Hologram","Cold Snap"],"picked":"Reinforced Body","floor":6},{"not_picked":["Streamline","Auto Shields"],"picked":"Ball Lightning","floor":7},{"not_picked":["Leap","Barrage"],"picked":"Electrodynamics","floor":11},{"not_picked":["Streamline","Beam Cell"],"picked":"Conserve Battery","floor":14},{"not_picked":["Reboot","Multi-Cast"],"picked":"Echo Form","floor":16},{"not_picked":["Go for the Eyes","Conserve Battery"],"picked":"Genetic Algorithm+1","floor":18},{"not_picked":["Reprogram","Turbo+1","Hologram"],"picked":"SKIP","floor":22}],"player_experience":70176,"relics_obtained":[{"floor":9,"key":"Ornamental Fan"},{"floor":13,"key":"Incense Burner"}],"event_choices":[{"event_name":"Scrap Ooze","player_choice":"success","floor":2,"damage_taken":3},{"event_name":"Vampires","player_choice":"Became a vampire","floor":19,"damage_taken":0},{"event_name":"Bonfire Elementals","player_choice":"UNCOMMON","floor":20,"damage_taken":0}],"is_beta":false,"boss_relics":[{"not_picked":["White Beast Statue","Philosopher\u0027s Stone"],"picked":"Eternal Feather"}],"items_purged_floors":[4,21],"is_endless":false,"potions_floor_spawned":[1,3,14],"killed_by":"Slavers","ascension_level":1}