{"gold_per_floor":[116,128,145,145,172,202,202,218,218,252,264,264,298,318,318,420,420,434,446,8,8,8,8,28,41,41,41,55,55,55,72,72,168,168,180,81,128,128,145,145,55,71,97,116,135,135,146,146,146,146,146,146,29,56,56],"floor_reached":56,"playtime":3362,"items_purged":["Strike_B","Defend_B"],"score":1276,"play_id":"92179ca5-ed41-489d-a1cd-ac452f7fd084","local_time":"20181215124141","is_ascension_mode":false,"campfire_choices":[{"floor":7.0,"key":"REST"},{"data":"Go for the Eyes","floor":15.0,"key":"SMITH"},{"data":"Hologram","floor":23.0,"key":"SMITH"},{"floor":27.0,"key":"RECALL"},{"data":"Multi-Cast","floor":29.0,"key":"SMITH"},{"data":"Loop","floor":32.0,"key":"SMITH"},{"data":"Dualcast","floor":40.0,"key":"SMITH"},{"data":"Blind","floor":46.0,"key":"SMITH"},{"floor":49.0,"key":"REST"},{"data":"Coolheaded","floor":52.0,"key":"SMITH"}],"neow_cost":"NONE","seed_source_timestamp":0,"circlet_count":0,"master_deck":["Strike_B","Strike_B","Defend_B","Defend_B","Defend_B","Zap+1","Dualcast+1","Go for the Eyes+1","BootSequence","Rip and Tear","Compile Driver","Ball Lightning","Coolheaded+1","Leap","Beam Cell+1","Hologram+1","Multi-Cast+1","Go for the Eyes+1","Loop+1","Mind Blast+1","Mind Blast+1","Ball Lightning+1","Cold Snap+1","Sweeping Beam+1","Leap","Ball Lightning+1","RitualDagger+1","Aggregate","Core Surge+1","Beam Cell+1","Stack","Loop+1","Madness","Madness","Rebound+1","Blind+1","Conserve Battery","Auto Shields","Melter+1","Turbo+1","Clumsy","Static Discharge","Stack"],"special_seed":0,"relics":["Cracked Core","Thread and Needle","Smiling Mask","Omamori","Strawberry","Molten Egg 2","Cursed Key","DollysMirror","Emotion Chip","Symbiotic Virus","Lizard Tail","Mango","Pen Nib","Gremlin Horn","Bag of Marbles"],"potions_floor_usage":[55,55,55],"damage_taken":[{"damage":1.0,"enemies":"Cultist","floor":1.0,"turns":3.0},{"damage":3.0,"enemies":"Jaw Worm","floor":2.0,"turns":3.0},{"damage":2.0,"enemies":"Small Slimes","floor":3.0,"turns":3.0},{"damage":41.0,"enemies":"Gremlin Nob","floor":6.0,"turns":5.0},{"damage":0.0,"enemies":"Looter","floor":8.0,"turns":2.0},{"damage":14.0,"enemies":"Lagavulin","floor":10.0,"turns":5.0},{"damage":0.0,"enemies":"Large Slime","floor":11.0,"turns":3.0},{"damage":19.0,"enemies":"3 Sentries","floor":13.0,"turns":7.0},{"damage":0.0,"enemies":"Blue Slaver","floor":14.0,"turns":2.0},{"damage":0.0,"enemies":"Hexaghost","floor":16.0,"turns":8.0},{"damage":0.0,"enemies":"3 Byrds","floor":18.0,"turns":5.0},{"damage":0.0,"enemies":"Shell Parasite","floor":19.0,"turns":4.0},{"damage":0.0,"enemies":"Snecko","floor":24.0,"turns":4.0},{"damage":0.0,"enemies":"Snake Plant","floor":25.0,"turns":2.0},{"damage":0.0,"enemies":"Shelled Parasite and Fungi","floor":28.0,"turns":3.0},{"damage":1.0,"enemies":"Centurion and Healer","floor":31.0,"turns":3.0},{"damage":30.0,"enemies":"Champ","floor":33.0,"turns":10.0},{"damage":5.0,"enemies":"3 Shapes","floor":35.0,"turns":4.0},{"damage":0.0,"enemies":"2 Orb Walkers","floor":37.0,"turns":3.0},{"damage":1.0,"enemies":"3 Darklings","floor":39.0,"turns":3.0},{"damage":0.0,"enemies":"Spire Growth","floor":42.0,"turns":3.0},{"damage":11.0,"enemies":"Maw","floor":44.0,"turns":5.0},{"damage":15.0,"enemies":"Sphere and 2 Shapes","floor":45.0,"turns":4.0},{"damage":0.0,"enemies":"Spire Growth","floor":47.0,"turns":4.0},{"damage":52.0,"enemies":"Time Eater","floor":50.0,"turns":7.0},{"damage":8.0,"enemies":"Shield and Spear","floor":54.0,"turns":4.0},{"damage":134,"enemies":"The Heart","floor":55,"turns":9}],"seed_played":"-4733194339179906089","potions_obtained":[{"floor":2.0,"key":"FearPotion"},{"floor":6.0,"key":"Swift Potion"},{"floor":10.0,"key":"AttackPotion"},{"floor":13.0,"key":"Weak Potion"},{"floor":19.0,"key":"GamblersBrew"},{"floor":28.0,"key":"Dexterity Potion"},{"floor":42.0,"key":"SpeedPotion"},{"floor":45.0,"key":"Swift Potion"}],"is_trial":false,"path_per_floor":["M","M","M","T","T","E","R","M","T","E","M","?","E","M","R","B",null,"M","M","$","?","?","R","M","M","T","R","M","R","?","M","R","B",null,"M","$","?","?","M","R","$","M","T","M","M","R","M","T","R","B",null,"R","$","E","B",null],"character_chosen":"DEFECT","items_purchased":["Mind Blast+1","DollysMirror","Ball Lightning+1","Cold Snap+1","Stack","Blind","Static Discharge","FocusPotion"],"campfire_rested":2,"item_purchase_floors":[20,20,20,20,36,41,53,53],"current_hp_per_floor":[74,71,69,69,69,28,50,50,50,43,43,36,17,17,17,17,82,82,82,82,82,82,82,82,82,82,82,82,82,76,75,75,45,82,77,77,91,79,78,78,78,78,78,67,52,52,52,52,80,28,96,96,96,88,5],"gold":56,"neow_bonus":"UPGRADE_CARD","is_prod":false,"is_daily":false,"chose_seed":false,"campfire_upgraded":7,"win_rate":0,"timestamp":1544906501,"path_taken":["M","M","M","?","?","E","R","M","T","E","M","?","E","M","R","BOSS","M","M","$","?","?","R","M","M","T","R","M","R","?","M","R","BOSS","M","$","?","?","M","R","?","?","T","M","M","R","M","?","R","BOSS","R","$","E","BOSS"],"build_version":"2018-12-13","purchased_purges":2,"victory":true,"max_hp_per_floor":[75,75,75,75,75,75,75,75,75,82,82,82,82,82,82,82,82,82,82,82,82,82,82,82,82,82,82,82,82,82,82,82,82,82,82,82,96,96,96,96,96,96,96,96,96,96,96,96,96,96,96,96,96,96,96],"card_choices":[{"not_picked":["Gash","Turbo"],"picked":"Go for the Eyes","floor":1.0},{"not_picked":["Beam Cell","Turbo"],"picked":"BootSequence","floor":2.0},{"not_picked":["Steam","Force Field"],"picked":"Rip and Tear","floor":3.0},{"not_picked":["Lockon","Force Field"],"picked":"Compile Driver","floor":6.0},{"not_picked":["Barrage","Conserve Battery"],"picked":"Ball Lightning","floor":8.0},{"not_picked":["Streamline","Hyperbeam"],"picked":"Coolheaded","floor":10.0},{"not_picked":["Scrape","Redo"],"picked":"Leap","floor":11.0},{"not_picked":["Static Discharge","Compile Driver"],"picked":"Beam Cell","floor":13.0},{"not_picked":["Biased Cognition","Gash+1"],"picked":"Hologram","floor":14.0},{"not_picked":["Reboot","Hyperbeam+1"],"picked":"Multi-Cast","floor":16.0},{"not_picked":["Beam Cell+1","Rebound+1"],"picked":"Go for the Eyes+1","floor":18.0},{"not_picked":["Consume","All For One+1"],"picked":"Loop","floor":19.0},{"not_picked":["Steam","Coolheaded"],"picked":"Sweeping Beam+1","floor":24.0},{"not_picked":["Gash+1","Sweeping Beam+1"],"picked":"Leap","floor":25.0},{"not_picked":["Redo","Steam"],"picked":"Ball Lightning+1","floor":28.0},{"not_picked":["Compile Driver+1","Gash+1"],"picked":"Aggregate","floor":31.0},{"not_picked":["Thunder Strike+1","Hyperbeam+1"],"picked":"Core Surge+1","floor":33.0},{"not_picked":["Blizzard+1","Aggregate+1"],"picked":"Beam Cell+1","floor":35.0},{"not_picked":["Rebound+1","Sweeping Beam+1"],"picked":"Loop+1","floor":37.0},{"not_picked":["Gash+1","Compile Driver+1"],"picked":"Rebound+1","floor":39.0},{"not_picked":["Ball Lightning+1","Darkness"],"picked":"Conserve Battery","floor":42.0},{"not_picked":["Barrage+1","Compile Driver+1"],"picked":"Auto Shields","floor":44.0},{"not_picked":["Blizzard+1","Reprogram+1"],"picked":"Melter+1","floor":45.0},{"not_picked":["Amplify","Genetic Algorithm"],"picked":"Turbo+1","floor":47.0},{"not_picked":["Chill+1","Sweeping Beam+1"],"picked":"Stack","floor":54.0}],"player_experience":746363,"relics_obtained":[{"floor":4.0,"key":"Thread and Needle"},{"floor":6.0,"key":"Smiling Mask"},{"floor":9.0,"key":"Omamori"},{"floor":10.0,"key":"Strawberry"},{"floor":13.0,"key":"Molten Egg 2"},{"floor":26.0,"key":"Symbiotic Virus"},{"floor":37.0,"key":"Mango"},{"floor":43.0,"key":"Pen Nib"},{"floor":48.0,"key":"Gremlin Horn"},{"floor":54.0,"key":"Bag of Marbles"}],"event_choices":[{"cards_removed":["Strike_B"],"damage_healed":0.0,"max_hp_gain":0.0,"max_hp_loss":0.0,"gold_gain":0.0,"event_name":"Golden Wing","player_choice":"Card Removal","floor":12.0,"gold_loss":0.0,"damage_taken":7.0},{"damage_healed":0.0,"max_hp_gain":0.0,"max_hp_loss":0.0,"gold_gain":0.0,"event_name":"Vampires","player_choice":"Ignored","floor":21.0,"gold_loss":0.0,"damage_taken":0.0},{"damage_healed":0.0,"max_hp_gain":0.0,"max_hp_loss":0.0,"gold_gain":0.0,"event_name":"The Mausoleum","player_choice":"Opened","floor":22.0,"gold_loss":0.0,"damage_taken":0.0,"relics_obtained":["Emotion Chip"]},{"damage_healed":0.0,"max_hp_gain":0.0,"max_hp_loss":0.0,"gold_gain":0.0,"event_name":"Nest","player_choice":"Joined the Cult","floor":30.0,"gold_loss":0.0,"damage_taken":6.0,"cards_obtained":["RitualDagger"]},{"damage_healed":0.0,"max_hp_gain":0.0,"max_hp_loss":0.0,"gold_gain":0.0,"event_name":"Mysterious Sphere","player_choice":"Fight","floor":37.0,"gold_loss":0.0,"damage_taken":0.0},{"damage_healed":0.0,"max_hp_gain":0.0,"max_hp_loss":0.0,"gold_gain":0.0,"event_name":"Winding Halls","player_choice":"Embrace Madness","floor":38.0,"gold_loss":0.0,"damage_taken":12.0,"cards_obtained":["Madness","Madness"]}],"is_beta":false,"boss_relics":[{"not_picked":["Inserter","Empty Cage"],"picked":"Cursed Key"},{"not_picked":["Velvet Choker","Philosopher\u0027s Stone"],"picked":"Lizard Tail"}],"items_purged_floors":[20,36],"is_endless":false,"potions_floor_spawned":[2,6,10,11,13,19,28,31,35,42,45],"ascension_level":0}