{"gold_per_floor":[117,42,42,57,57,100,124,124,124,139,182,195,195,195,195,195],"floor_reached":16,"playtime":712,"items_purged":["Strike_R"],"score":127,"play_id":"3bac7b2e-3a74-45b4-910a-6db80a7a9234","local_time":"20180914155450","is_ascension_mode":true,"campfire_choices":[{"data":"Shrug It Off","floor":8,"key":"SMITH"},{"floor":15,"key":"REST"}],"neow_cost":"TEN_PERCENT_HP_LOSS","seed_source_timestamp":79203411413507,"circlet_count":0,"master_deck":["Strike_R","Strike_R","Strike_R","Strike_R","Defend_R","Defend_R","Defend_R","Defend_R","Bash","Immolate+1","Shrug It Off+1","Flex","Burning Pact","Burning Pact","Inflame","Dark Embrace","Combust"],"relics":["Burning Blood","Golden Idol","Matryoshka","Smiling Mask","Vajra","Ice Cream","Omamori","PreservedInsect","Bag of Preparation"],"potions_floor_usage":[11,11,16],"damage_taken":[{"damage":5,"enemies":"2 Louse","floor":1,"turns":2},{"damage":0,"enemies":"Small Slimes","floor":4,"turns":1},{"damage":10,"enemies":"3 Sentries","floor":6,"turns":5},{"damage":7,"enemies":"Jaw Worm","floor":7,"turns":2},{"damage":11,"enemies":"Looter","floor":10,"turns":3},{"damage":19,"enemies":"Lagavulin","floor":11,"turns":5},{"damage":0,"enemies":"Large Slime","floor":12,"turns":5},{"damage":33,"enemies":"Hexaghost","floor":16,"turns":9}],"seed_played":"7173691849339179452","potions_obtained":[{"floor":1,"key":"Strength Potion"},{"floor":10,"key":"PowerPotion"},{"floor":11,"key":"SmokeBomb"},{"floor":12,"key":"Explosive Potion"}],"is_trial":false,"path_per_floor":["M","$","?","M","?","E","M","R","T","M","E","M","?","T","R"],"character_chosen":"IRONCLAD","items_purchased":[],"campfire_rested":1,"item_purchase_floors":[],"current_hp_per_floor":[72,72,72,72,54,50,49,49,49,44,31,37,12,12,33,0],"gold":195,"neow_bonus":"THREE_RARE_CARDS","is_prod":false,"is_daily":false,"chose_seed":false,"campfire_upgraded":1,"win_rate":0,"timestamp":1536906290,"path_taken":["M","$","?","M","?","E","M","R","T","M","E","M","?","?","R","BOSS"],"build_version":"2018-09-06","purchased_purges":1,"victory":false,"max_hp_per_floor":[72,72,72,72,72,72,72,72,72,72,72,72,72,72,72,72],"card_choices":[{"not_picked":["Berserk","Double Tap"],"picked":"Immolate","floor":0},{"not_picked":["Whirlwind","Hemokinesis"],"picked":"Shrug It Off","floor":1},{"not_picked":["Flame Barrier","Twin Strike"],"picked":"Flex","floor":4},{"not_picked":["Rupture","Feel No Pain"],"picked":"Burning Pact","floor":6},{"not_picked":["Fire Breathing","Perfected Strike"],"picked":"Burning Pact","floor":7},{"not_picked":["Warcry","Rampage"],"picked":"Inflame","floor":10},{"not_picked":["Perfected Strike","Evolve"],"picked":"Dark Embrace","floor":11},{"not_picked":["Armaments","Spot Weakness"],"picked":"Combust","floor":12}],"player_experience":178368,"relics_obtained":[{"floor":6,"key":"Matryoshka"},{"floor":9,"key":"Smiling Mask"},{"floor":9,"key":"Vajra"},{"floor":11,"key":"Ice Cream"},{"floor":14,"key":"PreservedInsect"},{"floor":14,"key":"Bag of Preparation"}],"event_choices":[{"event_name":"Living Wall","player_choice":"Grow","floor":3,"damage_taken":0},{"event_name":"Golden Idol","player_choice":"Take Damage","floor":5,"damage_taken":0},{"event_name":"Scrap Ooze","player_choice":"success","floor":13,"damage_taken":25}],"is_beta":false,"boss_relics":[],"items_purged_floors":[2],"is_endless":false,"potions_floor_spawned":[1,10,11,12],"killed_by":"Hexaghost","ascension_level":3}