{"gold_per_floor":[109,123,138,40,55,83,158,170,170,185,185,201,257,272,272,272],"floor_reached":16,"playtime":682,"items_purged":[],"score":133,"play_id":"79194977-e1fb-49d8-84b3-046a023b4b94","local_time":"20181104071132","is_ascension_mode":true,"campfire_choices":[{"data":"Spot Weakness","floor":11,"key":"SMITH"},{"floor":15,"key":"REST"}],"neow_cost":"PERCENT_DAMAGE","seed_source_timestamp":88271119537468,"circlet_count":0,"master_deck":["Strike_R","Strike_R","Strike_R","Strike_R","Strike_R","Defend_R","Defend_R","Defend_R","Defend_R","Bash","Bludgeon","Feel No Pain","Thunderclap","Dramatic Entrance","Spot Weakness+1","Inflame","Demon Form"],"relics":["Burning Blood","Singing Bowl","Bottled Lightning","Oddly Smooth Stone"],"potions_floor_usage":[],"damage_taken":[{"damage":0,"enemies":"Cultist","floor":1,"turns":2},{"damage":2,"enemies":"Jaw Worm","floor":2,"turns":3},{"damage":3,"enemies":"Small Slimes","floor":3,"turns":3},{"damage":11,"enemies":"Blue Slaver","floor":5,"turns":4},{"damage":22,"enemies":"3 Sentries","floor":6,"turns":8},{"damage":7,"enemies":"2 Fungi Beasts","floor":8,"turns":3},{"damage":11,"enemies":"Gremlin Gang","floor":10,"turns":3},{"damage":11,"enemies":"Red Slaver","floor":12,"turns":2},{"damage":25,"enemies":"3 Sentries","floor":13,"turns":5},{"damage":10,"enemies":"Lots of Slimes","floor":14,"turns":3},{"damage":39,"enemies":"The Guardian","floor":16,"turns":5}],"seed_played":"8195713141103112831","potions_obtained":[{"floor":1,"key":"SpeedPotion"},{"floor":2,"key":"Energy Potion"},{"floor":3,"key":"Ancient Potion"}],"is_trial":false,"path_per_floor":["M","M","M","$","M","E","?","M","T","M","R","M","?","M","R","B"],"character_chosen":"IRONCLAD","items_purchased":["Dramatic Entrance"],"campfire_rested":1,"item_purchase_floors":[4],"current_hp_per_floor":[62,66,69,69,64,50,39,40,40,37,37,32,13,11,37,0],"gold":272,"neow_bonus":"THREE_RARE_CARDS","is_prod":false,"is_daily":false,"chose_seed":false,"campfire_upgraded":1,"win_rate":0,"timestamp":1541277692,"path_taken":["M","?","M","$","M","E","?","M","T","M","R","M","?","M","R","BOSS"],"build_version":"2018-11-01","purchased_purges":0,"victory":false,"max_hp_per_floor":[80,80,80,80,80,82,82,84,84,86,86,86,86,88,88,88],"card_choices":[{"not_picked":["Dark Embrace","Reaper"],"picked":"Bludgeon","floor":0},{"not_picked":["Heavy Blade","Intimidate"],"picked":"Feel No Pain","floor":1},{"not_picked":["Armaments","Sentinel"],"picked":"Thunderclap","floor":2},{"not_picked":["Clothesline","Wild Strike","Bludgeon"],"picked":"SKIP","floor":3},{"not_picked":["Burning Pact","Corruption"],"picked":"Spot Weakness","floor":5},{"not_picked":["Bludgeon","Anger","Clothesline"],"picked":"Singing Bowl","floor":6},{"not_picked":["Headbutt","Clothesline","Thunderclap"],"picked":"Singing Bowl","floor":8},{"not_picked":["Clothesline","Dropkick","Twin Strike"],"picked":"Singing Bowl","floor":10},{"not_picked":["Twin Strike","Headbutt"],"picked":"Inflame","floor":12},{"not_picked":["Sentinel","Cleave"],"picked":"Demon Form","floor":13},{"not_picked":["Body Slam","Wild Strike","Dual Wield"],"picked":"Singing Bowl","floor":14}],"player_experience":372049,"relics_obtained":[{"floor":6,"key":"Singing Bowl"},{"floor":9,"key":"Bottled Lightning"},{"floor":13,"key":"Oddly Smooth Stone"}],"event_choices":[{"damage_healed":0,"gold_gain":75,"player_choice":"Gather Gold","damage_taken":11,"max_hp_gain":0,"max_hp_loss":0,"event_name":"World of Goop","floor":7,"gold_loss":0},{"damage_healed":0,"gold_gain":0,"player_choice":"Searched \u00271\u0027 times","damage_taken":0,"max_hp_gain":0,"max_hp_loss":0,"event_name":"Dead Adventurer","floor":13,"gold_loss":0}],"is_beta":false,"boss_relics":[],"items_purged_floors":[],"is_endless":false,"potions_floor_spawned":[1,2,3,6,13,14],"killed_by":"The Guardian","ascension_level":5}