{"gold_per_floor":[315,415,44,58,69,95,95,109,109,109,128,147,164,178,178,282,282,299,331,331,256,276,276,199,199,226,226,240,274,20,39,39,143,143,154,154,154,154,170,170],"floor_reached":40,"playtime":5553,"items_purged":["Defend_G"],"score":508,"play_id":"50177c23-593a-4bb8-8951-f0f940df185a","local_time":"20180714111817","is_ascension_mode":false,"campfire_choices":[{"data":"Neutralize","floor":7,"key":"SMITH"},{"data":"Dodge and Roll","floor":15,"key":"SMITH"},{"data":"After Image","floor":23,"key":"SMITH"},{"data":"Dodge and Roll","floor":25,"key":"SMITH"},{"data":"Flying Knee","floor":27,"key":"SMITH"},{"data":"Noxious Fumes","floor":32,"key":"SMITH"}],"neow_cost":"NO_GOLD","seed_source_timestamp":2458404799993300,"circlet_count":0,"master_deck":["Defend_G","Defend_G","Survivor+1","Neutralize+1","Poisoned Stab","Well Laid Plans","Bouncing Flask","Dodge and Roll+1","Dagger Spray","Poisoned Stab","Dodge and Roll+1","PiercingWail","Flying Knee+1","After Image+1","Acrobatics","Deflect+1","Bite","Bite","Bite","Bite","Bite","Slice+1","J.A.X.","Dodge and Roll","Dash+1","Dodge and Roll","Noxious Fumes+1","Panache","Trip","Good Instincts","Madness","Madness","Backflip"],"relics":["Ring of the Snake","Old Coin","Thread and Needle","Unceasing Top","Incense Burner","Empty Cage","Red Mask","Art of War","Bottled Tornado","Bag of Preparation","Black Star"],"potions_floor_usage":[11,16,16,19,19,29,39,40],"damage_taken":[{"damage":0,"enemies":"Jaw Worm","floor":1,"turns":7},{"damage":0,"enemies":"Cultist","floor":4,"turns":3},{"damage":0,"enemies":"Small Slimes","floor":5,"turns":4},{"damage":1,"enemies":"3 Sentries","floor":6,"turns":12},{"damage":0,"enemies":"Blue Slaver","floor":8,"turns":5},{"damage":16,"enemies":"Gremlin Gang","floor":11,"turns":6},{"damage":1,"enemies":"3 Louse","floor":12,"turns":3},{"damage":0,"enemies":"Exordium Wildlife","floor":13,"turns":4},{"damage":0,"enemies":"Large Slime","floor":14,"turns":7},{"damage":0,"enemies":"Hexaghost","floor":16,"turns":9},{"damage":0,"enemies":"Chosen","floor":18,"turns":7},{"damage":21,"floor":19,"turns":7},{"damage":0,"enemies":"Spheric Guardian","floor":22,"turns":4},{"damage":3,"enemies":"Cultist and Chosen","floor":28,"turns":6},{"damage":27,"enemies":"Slavers","floor":29,"turns":8},{"damage":3,"enemies":"Slaver and Parasite","floor":31,"turns":9},{"damage":31,"enemies":"Collector","floor":33,"turns":12},{"damage":0,"enemies":"3 Shapes","floor":35,"turns":4},{"damage":9,"enemies":"Flame Bruiser 1 Orb","floor":39,"turns":7},{"damage":40,"enemies":"2 Orb Walkers","floor":40,"turns":5}],"seed_played":"292633561588690665","potions_obtained":[{"floor":4,"key":"Poison Potion"},{"floor":6,"key":"Weak Potion"},{"floor":11,"key":"Strength Potion"},{"floor":13,"key":"PowerPotion"},{"floor":18,"key":"SpeedPotion"},{"floor":22,"key":"GhostInAJar"},{"floor":33,"key":"Block Potion"},{"floor":35,"key":"EssenceOfSteel"}],"is_trial":false,"path_per_floor":["M","?","$","M","M","E","R","M","T","?","M","M","M","M","R","B",null,"M","?","?","?","M","R","?","R","T","R","M","E","$","M","R","B",null,"M","?","?","?","M"],"character_chosen":"THE_SILENT","items_purchased":["Thread and Needle","Well Laid Plans","Bag of Preparation","Dodge and Roll"],"campfire_rested":0,"item_purchase_floors":[3,3,30,30],"current_hp_per_floor":[70,70,70,70,70,69,69,69,69,69,53,52,52,52,52,52,70,70,49,49,49,49,49,49,49,49,49,49,30,30,41,41,26,49,49,39,39,33,34,0],"gold":170,"neow_bonus":"ONE_RARE_RELIC","is_prod":false,"is_daily":false,"chose_seed":false,"campfire_upgraded":6,"win_rate":0,"timestamp":1531592297,"path_taken":["M","?","$","M","M","E","R","M","T","?","M","M","M","M","R","BOSS","M","?","?","?","?","R","?","R","T","R","M","E","$","M","R","BOSS","M","?","?","?","?","E"],"build_version":"2018-07-12","purchased_purges":1,"victory":false,"max_hp_per_floor":[70,70,70,70,70,70,70,70,70,70,70,70,70,70,70,70,70,70,70,49,49,49,49,49,49,49,49,49,49,49,49,49,49,49,49,49,49,49,49,49],"card_choices":[{"not_picked":["Dagger Throw","Masterful Stab"],"picked":"Poisoned Stab","floor":1},{"not_picked":["Sucker Punch","Flechettes","Accuracy"],"picked":"SKIP","floor":4},{"not_picked":["Blade Dance","Sucker Punch"],"picked":"Bouncing Flask","floor":5},{"not_picked":["Bane","Cloak And Dagger"],"picked":"Dodge and Roll","floor":6},{"not_picked":["Unload","Dagger Throw"],"picked":"Dagger Spray","floor":8},{"not_picked":["Flying Knee","Heel Hook"],"picked":"Poisoned Stab","floor":11},{"not_picked":["Underhanded Strike","Masterful Stab"],"picked":"Dodge and Roll","floor":12},{"not_picked":["Deadly Poison","Well Laid Plans"],"picked":"PiercingWail","floor":13},{"not_picked":["Calculated Gamble","Heel Hook"],"picked":"Flying Knee","floor":14},{"not_picked":["Phantasmal Killer","Tactician"],"picked":"After Image","floor":16},{"not_picked":["Dodge and Roll","Underhanded Strike+1"],"picked":"Acrobatics","floor":18},{"not_picked":["Quick Slash","Bouncing Flask+1"],"picked":"Deflect+1","floor":19},{"not_picked":["Skewer+1","Calculated Gamble+1"],"picked":"Slice+1","floor":22},{"not_picked":["Accuracy","Acrobatics+1"],"picked":"Dodge and Roll","floor":28},{"not_picked":["Sucker Punch+1","Expertise"],"picked":"Dash+1","floor":29},{"not_picked":["Acrobatics","Bane"],"picked":"Noxious Fumes","floor":31},{"not_picked":["Acrobatics+1","Expertise","Riddle With Holes"],"picked":"SKIP","floor":35},{"not_picked":["Swift Strike","Purity"],"picked":"Panache","floor":36},{"not_picked":["Panacea","Bandage Up"],"picked":"Trip","floor":36},{"not_picked":["Sadistic Nature","Secret Weapon"],"picked":"Good Instincts","floor":36},{"not_picked":["Malaise+1","Poisoned Stab"],"picked":"Backflip","floor":39}],"player_experience":63827,"relics_obtained":[{"floor":6,"key":"Unceasing Top"},{"floor":9,"key":"Incense Burner"},{"floor":19,"key":"Red Mask"},{"floor":26,"key":"Art of War"},{"floor":29,"key":"Bottled Tornado"}],"event_choices":[{"event_name":"Golden Shrine","player_choice":"Pray","floor":2,"damage_taken":0},{"event_name":"Accursed Blacksmith","player_choice":"Forge","floor":10,"damage_taken":0},{"event_name":"Masked Bandits","player_choice":"Fought over 299 gold","floor":19,"damage_taken":0},{"event_name":"Vampires","player_choice":"Became a vampire","floor":20,"damage_taken":0},{"event_name":"Beggar","player_choice":"Gave Gold","floor":21,"damage_taken":0},{"event_name":"Drug Dealer","player_choice":"Got JAXXED","floor":24,"damage_taken":0},{"event_name":"SensoryStone","player_choice":"Memory 3","floor":36,"damage_taken":0},{"event_name":"Purifier","player_choice":"One Purge","floor":37,"damage_taken":0},{"event_name":"Winding Halls","player_choice":"Embrace Madness","floor":38,"damage_taken":0}],"boss_relics":[{"not_picked":["Lizard Tail","Calling Bell"],"picked":"Empty Cage"},{"not_picked":["Fusion Hammer","Runic Dome"],"picked":"Black Star"}],"items_purged_floors":[30],"is_endless":false,"potions_floor_spawned":[4,6,11,13,18,22,33,35],"killed_by":"2 Orb Walkers","ascension_level":0}