{"gold_per_floor":[113,123,56,56,75,75,105,121,121,76,76,76,96,96,96,201,201,213,59,59,42,42,42,42,60,60,77,77,97,97,172,172,271,301,315,328,342,361,379,379,393,393,393,406,406,406,406,21,21,21],"floor_reached":50,"playtime":3191,"items_purged":["Strike_G"],"score":469,"play_id":"940cd02c-6603-437d-9993-2c99ad96728b","local_time":"20180707110413","is_ascension_mode":false,"campfire_choices":[{"data":"Finisher","floor":6.0,"key":"SMITH"},{"floor":12.0,"key":"REST"},{"floor":15.0,"key":"REST"},{"floor":23.0,"key":"REST"},{"floor":28.0,"key":"REST"},{"floor":30.0,"key":"REST"},{"floor":32.0,"key":"REST"},{"floor":40,"key":"REST"},{"floor":42,"key":"REST"},{"floor":49,"key":"REST"}],"neow_cost":"","seed_source_timestamp":0,"circlet_count":0,"master_deck":["Defend_G","Defend_G","Defend_G","Defend_G","Defend_G+1","Survivor","Neutralize","Flying Knee","Outmaneuver","Blade Dance+1","Finisher+1","Poisoned Stab","Crippling Poison","Deadly Poison","Distraction","Doppelganger","Venomology","Quick Slash","Noxious Fumes","Venomology","PiercingWail","Malaise","Prepared+1","Adrenaline","Bouncing Flask","Acrobatics+1","Calculated Gamble+1","Heel Hook+1","Night Terror","Deadly Poison","Footwork"],"special_seed":0,"relics":["Ring of the Snake","Shovel","Mango","Busted Crown","Pen Nib","Tough Bandages","Tiny House","Paper Crane","Torii"],"potions_floor_usage":[41,41,44,50,50,50,50],"damage_taken":[{"damage":1.0,"enemies":"2 Louse","floor":1.0,"turns":3.0},{"damage":2.0,"enemies":"Cultist","floor":2.0,"turns":5.0},{"damage":5.0,"enemies":"Jaw Worm","floor":5.0,"turns":6.0},{"damage":25.0,"enemies":"Gremlin Nob","floor":7.0,"turns":5.0},{"damage":18.0,"enemies":"Gremlin Gang","floor":8.0,"turns":5.0},{"damage":20.0,"enemies":"Exordium Thugs","floor":13.0,"turns":4.0},{"damage":19.0,"enemies":"Hexaghost","floor":16.0,"turns":8.0},{"damage":20.0,"enemies":"Shell Parasite","floor":18.0,"turns":5.0},{"damage":24.0,"enemies":"2 Thieves","floor":21.0,"turns":4.0},{"damage":21.0,"enemies":"Sentry and Sphere","floor":25.0,"turns":5.0},{"damage":14.0,"enemies":"Snake Plant","floor":27.0,"turns":7.0},{"damage":25.0,"enemies":"Chosen and Byrds","floor":29.0,"turns":6.0},{"damage":51.0,"enemies":"Collector","floor":33.0,"turns":10.0},{"damage":14.0,"enemies":"Orb Walker","floor":35.0,"turns":4.0},{"damage":17.0,"enemies":"3 Shapes","floor":36.0,"turns":4.0},{"damage":21.0,"enemies":"Maw","floor":37.0,"turns":8.0},{"damage":15.0,"enemies":"4 Shapes","floor":38.0,"turns":6.0},{"damage":23.0,"enemies":"3 Darklings","floor":39.0,"turns":5.0},{"damage":23,"enemies":"Sphere and 2 Shapes","floor":41,"turns":6},{"damage":34,"enemies":"4 Shapes","floor":44,"turns":9},{"damage":43,"enemies":"Donu and Deca","floor":50,"turns":7}],"seed_played":"-339570126155030835","potions_obtained":[{"floor":1.0,"key":"Ancient Potion"},{"floor":4.0,"key":"Strength Potion"},{"floor":4.0,"key":"Poison Potion"},{"floor":13.0,"key":"Weak Potion"},{"floor":29.0,"key":"Ancient Potion"},{"floor":33.0,"key":"GamblersBrew"},{"floor":34.0,"key":"Dexterity Potion"},{"floor":39.0,"key":"Strength Potion"}],"is_trial":false,"path_per_floor":["M","M","$","?","M","R","E","M","T","$","?","R","M","?","R","B",null,"M","$","?","M","?","R","$","M","T","M","R","M","R","T","R","B",null,"M","M","M","M","M","R","M","R","T","M","?","?","?","$","R"],"character_chosen":"THE_SILENT","items_purchased":["Blade Dance","Deadly Poison","Noxious Fumes","Deadly Poison","Footwork","Torii"],"campfire_rested":9,"item_purchase_floors":[3,10,19,48,48,48],"current_hp_per_floor":[69,67,67,67,62,62,37,19,33,33,16,41,21,21,46,27,84,64,64,64,40,40,65,65,44,44,30,55,30,55,55,80,29,89,75,58,37,22,8,34,11,37,37,3,3,3,3,3,29,0],"gold":21,"neow_bonus":"","is_prod":false,"is_daily":false,"chose_seed":false,"campfire_upgraded":1,"win_rate":0.0,"timestamp":1530929053,"path_taken":["M","M","$","?","?","R","E","M","T","?","?","R","?","?","R","BOSS","M","$","?","M","?","R","?","?","T","M","R","M","R","?","R","BOSS","M","M","M","M","M","R","M","R","T","M","?","?","?","$","R","BOSS"],"build_version":"2018-07-05","purchased_purges":1,"victory":false,"max_hp_per_floor":[70,70,70,70,70,70,70,70,84,84,84,84,84,84,84,84,84,84,84,84,84,84,84,84,84,84,84,84,84,84,84,84,84,89,89,89,89,89,89,89,89,89,89,89,89,89,89,89,89,89],"card_choices":[{"not_picked":["Dash","Masterful Stab"],"picked":"Flying Knee","floor":1.0},{"not_picked":["Finisher","Bouncing Flask"],"picked":"Outmaneuver","floor":2.0},{"not_picked":["Outmaneuver","Unload"],"picked":"Finisher","floor":5.0},{"not_picked":["Malaise","Caltrops"],"picked":"Poisoned Stab","floor":7.0},{"not_picked":["Underhanded Strike","Sucker Punch"],"picked":"Crippling Poison","floor":8.0},{"not_picked":["Deflect","Outmaneuver"],"picked":"Distraction","floor":13.0},{"not_picked":["Die Die Die","Night Terror"],"picked":"Venomology","floor":16.0},{"not_picked":[],"picked":"Quick Slash","floor":18.0},{"not_picked":[],"picked":"PiercingWail","floor":21.0},{"not_picked":[],"picked":"Malaise","floor":25.0},{"not_picked":[],"picked":"Prepared+1","floor":27.0},{"not_picked":["Flying Knee+1"],"picked":"SKIP","floor":29.0},{"not_picked":[],"picked":"Adrenaline","floor":33.0},{"not_picked":[],"picked":"Bouncing Flask","floor":34.0},{"not_picked":[],"picked":"Acrobatics+1","floor":35.0},{"not_picked":["Acrobatics"],"picked":"SKIP","floor":36.0},{"not_picked":["Skewer+1"],"picked":"SKIP","floor":37.0},{"not_picked":["PiercingWail"],"picked":"SKIP","floor":38.0},{"not_picked":[],"picked":"Calculated Gamble+1","floor":39.0},{"not_picked":["Flying Knee+1"],"picked":"SKIP","floor":41},{"not_picked":[],"picked":"Heel Hook+1","floor":44}],"player_experience":8153,"relics_obtained":[{"floor":7.0,"key":"Shovel"},{"floor":9.0,"key":"Mango"},{"floor":26.0,"key":"Pen Nib"},{"floor":31.0,"key":"Tough Bandages"},{"floor":43,"key":"Paper Crane"}],"event_choices":[{"event_name":"The Lab","player_choice":"Got Potions","floor":4.0,"damage_taken":0.0},{"event_name":"Shining Light","player_choice":"Entered Light","floor":11.0,"damage_taken":0.0},{"event_name":"Living Wall","player_choice":"Change","floor":14.0,"damage_taken":0.0},{"event_name":"Duplicator","player_choice":"One dupe","floor":20.0,"damage_taken":0.0},{"event_name":"Ghosts","player_choice":"Ignored","floor":22.0,"damage_taken":0.0},{"event_name":"Purifier","player_choice":"One Purge","floor":45,"damage_taken":0},{"event_name":"Bonfire Elementals","player_choice":"BASIC","floor":46,"damage_taken":0},{"event_name":"Transmorgrifier","player_choice":"Transform","floor":47,"damage_taken":0}],"boss_relics":[{"not_picked":["Black Star","Empty Cage"],"picked":"Busted Crown"},{"not_picked":["Sozu","Coffee Dripper"],"picked":"Tiny House"}],"items_purged_floors":[19],"is_endless":false,"potions_floor_spawned":[1,5,13,21,29,33,36,37,39],"killed_by":"Donu and Deca","ascension_level":0}