{"gold_per_floor":[113,113,113,17,27,27,102,133,133,146,146,156,170,195,195,272,272,288,203,215,227,239,263,285,309,397,424,436,373,385,407,419,431],"floor_reached":33,"playtime":3435,"items_purged":[],"score":514,"play_id":"716e670b-d85f-4d1b-b292-b923f33d2cc5","local_time":"20190214181708","is_ascension_mode":true,"campfire_choices":[{"data":"Havoc","floor":6.0,"key":"SMITH"},{"floor":11.0,"key":"REST"},{"floor":15.0,"key":"REST"},{"floor":30.0,"key":"REST"},{"floor":32.0,"key":"REST"}],"neow_cost":"NONE","seed_source_timestamp":879718283302312,"circlet_count":0,"master_deck":["AscendersBane","Strike_R","Strike_R","Strike_R","Strike_R","Strike_R","Defend_R","Defend_R","Defend_R","Bash+1","Havoc+1","Good Instincts+1","Armaments+1","Iron Wave","Inflame","Anger","Feel No Pain","Flame Barrier+1","Warcry+1","Dark Embrace","Shrug It Off+1","Body Slam","Inflame","Pommel Strike"],"special_seed":0,"relics":["Burning Blood","Dream Catcher","Toxic Egg 2","Du-Vu Doll","Letter Opener","Bottled Lightning","Fusion Hammer","MawBank","Pantograph"],"potions_floor_usage":[],"damage_taken":[{"damage":4.0,"enemies":"Jaw Worm","floor":1.0,"turns":4.0},{"damage":1.0,"enemies":"2 Louse","floor":5.0,"turns":3.0},{"damage":44.0,"enemies":"Lagavulin","floor":8.0,"turns":9.0},{"damage":0.0,"enemies":"Small Slimes","floor":10.0,"turns":3.0},{"damage":0.0,"enemies":"3 Louse","floor":12.0,"turns":1.0},{"damage":0.0,"enemies":"Large Slime","floor":13.0,"turns":4.0},{"damage":17.0,"enemies":"3 Sentries","floor":14.0,"turns":7.0},{"damage":37.0,"enemies":"Slime Boss","floor":16.0,"turns":10.0},{"damage":27.0,"enemies":"Spheric Guardian","floor":18.0,"turns":6.0},{"damage":28.0,"enemies":"2 Thieves","floor":23.0,"turns":4.0},{"damage":12.0,"enemies":"Chosen and Byrds","floor":24.0,"turns":5.0},{"damage":16.0,"enemies":"Snake Plant","floor":25.0,"turns":2.0},{"damage":14.0,"enemies":"Shelled Parasite and Fungi","floor":27.0,"turns":5.0},{"damage":14.0,"enemies":"Snecko","floor":31.0,"turns":5.0},{"damage":88,"enemies":"Champ","floor":33,"turns":8}],"seed_played":"-2459150315553626823","potions_obtained":[{"floor":1.0,"key":"Regen Potion"},{"floor":8.0,"key":"AttackPotion"},{"floor":14.0,"key":"AttackPotion"},{"floor":16.0,"key":"SpeedPotion"},{"floor":18.0,"key":"Poison Potion"},{"floor":23.0,"key":"Regen Potion"},{"floor":25.0,"key":"Dexterity Potion"}],"is_trial":false,"path_per_floor":["M","?","?","$","M","R","?","E","T","M","R","M","M","E","R","B",null,"M","?","$","?","?","M","M","M","T","M","?","?","R","M","R","B"],"character_chosen":"IRONCLAD","items_purchased":["Good Instincts+1"],"campfire_rested":4,"item_purchase_floors":[4],"current_hp_per_floor":[70,70,44,44,49,49,38,15,15,21,43,49,55,44,66,35,65,44,44,44,44,44,22,16,15,15,7,7,7,29,21,43,0],"gold":431,"neow_bonus":"RANDOM_COMMON_RELIC","is_prod":false,"is_daily":false,"chose_seed":false,"campfire_upgraded":1,"win_rate":0,"timestamp":1550193428,"path_taken":["M","?","?","$","M","R","?","E","T","M","R","M","?","E","R","BOSS","M","?","$","?","?","M","M","M","T","M","?","?","R","M","R","BOSS"],"build_version":"2019-01-23","purchased_purges":0,"victory":false,"max_hp_per_floor":[75,75,75,75,75,75,75,75,75,75,75,75,75,75,75,75,75,75,75,75,75,75,75,75,75,75,75,75,75,75,75,75,75],"card_choices":[{"not_picked":["Rage","Sword Boomerang"],"picked":"Havoc","floor":1.0},{"not_picked":["Wild Strike","Fire Breathing","Perfected Strike"],"picked":"SKIP","floor":5.0},{"not_picked":["Iron Wave","Corruption"],"picked":"Armaments+1","floor":8.0},{"not_picked":["Flex+1","Heavy Blade"],"picked":"Iron Wave","floor":10.0},{"not_picked":["Warcry+1","Disarm+1"],"picked":"Inflame","floor":11.0},{"not_picked":["Cleave","Sword Boomerang"],"picked":"Anger","floor":12.0},{"not_picked":["Carnage","Combust"],"picked":"Feel No Pain","floor":13.0},{"not_picked":["Battle Trance+1","Fiend Fire"],"picked":"Flame Barrier+1","floor":14.0},{"not_picked":["Pummel","Clash"],"picked":"Warcry+1","floor":15.0},{"not_picked":["Berserk","Bludgeon"],"picked":"Dark Embrace","floor":16.0},{"not_picked":["Clothesline","Warcry+1"],"picked":"Shrug It Off+1","floor":18.0},{"not_picked":["Carnage","Flex+1","Thunderclap"],"picked":"SKIP","floor":23.0},{"not_picked":["Dual Wield+1","Havoc+1"],"picked":"Body Slam","floor":24.0},{"not_picked":["Headbutt","Cleave"],"picked":"Inflame","floor":25.0},{"not_picked":["Sword Boomerang","Flex+1"],"picked":"Pommel Strike","floor":27.0},{"not_picked":["Dark Embrace","Blood for Blood","Shrug It Off+1"],"picked":"SKIP","floor":31.0}],"player_experience":829915,"relics_obtained":[{"floor":8.0,"key":"Du-Vu Doll"},{"floor":9.0,"key":"Letter Opener"},{"floor":14.0,"key":"Bottled Lightning"},{"floor":26.0,"key":"Pantograph"}],"event_choices":[{"damage_healed":0.0,"max_hp_gain":0.0,"max_hp_loss":0.0,"gold_gain":0.0,"event_name":"Living Wall","player_choice":"Grow","floor":2.0,"gold_loss":0.0,"damage_taken":0.0,"cards_upgraded":["Bash"]},{"damage_healed":0.0,"max_hp_gain":0.0,"max_hp_loss":0.0,"gold_gain":0.0,"event_name":"Scrap Ooze","player_choice":"Success","floor":3.0,"gold_loss":0.0,"damage_taken":26.0,"relics_obtained":["Toxic Egg 2"]},{"damage_healed":0.0,"max_hp_gain":0.0,"max_hp_loss":0.0,"gold_gain":75.0,"event_name":"World of Goop","player_choice":"Gather Gold","floor":7.0,"gold_loss":0.0,"damage_taken":11.0},{"damage_healed":0.0,"max_hp_gain":0.0,"max_hp_loss":0.0,"gold_gain":0.0,"event_name":"Addict","player_choice":"Obtained Relic","floor":19.0,"gold_loss":85.0,"damage_taken":0.0,"relics_obtained":["MawBank"]},{"damage_healed":0.0,"max_hp_gain":0.0,"max_hp_loss":0.0,"gold_gain":0.0,"event_name":"Vampires","player_choice":"Ignored","floor":21.0,"gold_loss":0.0,"damage_taken":0.0},{"cards_removed":["Defend_R"],"damage_healed":0.0,"max_hp_gain":0.0,"max_hp_loss":0.0,"gold_gain":0.0,"event_name":"Back to Basics","player_choice":"Elegance","floor":22.0,"gold_loss":0.0,"damage_taken":0.0},{"damage_healed":0.0,"max_hp_gain":0.0,"max_hp_loss":0.0,"gold_gain":0.0,"event_name":"Forgotten Altar","player_choice":"Smashed Altar","floor":28.0,"gold_loss":0.0,"damage_taken":0.0,"cards_obtained":["Decay"]},{"cards_removed":["Decay"],"damage_healed":0.0,"max_hp_gain":0.0,"max_hp_loss":0.0,"gold_gain":0.0,"event_name":"Beggar","player_choice":"Gave Gold","floor":29.0,"gold_loss":75.0,"damage_taken":0.0}],"is_beta":false,"boss_relics":[{"not_picked":["Sozu","Ectoplasm"],"picked":"Fusion Hammer"}],"items_purged_floors":[],"is_endless":false,"potions_floor_spawned":[1,8,14,16,18,23,25],"killed_by":"Champ","ascension_level":20}