{"gold_per_floor":[116,129,145,158,158,184,184,213,213,229,261,135,135,155,155,226,226,226,93,93,93,93,93,93,93,93,93,93,93,14,14,14,14],"floor_reached":33,"playtime":963,"items_purged":["Defend_B"],"score":614,"play_id":"542652c5-893a-45d3-a594-7eae9d09a46f","local_time":"20181216060852","is_ascension_mode":true,"campfire_choices":[{"floor":7.0,"key":"REST"},{"data":"Go for the Eyes","floor":13.0,"key":"SMITH"},{"data":"Barrage","floor":15.0,"key":"SMITH"},{"data":"Defragment","floor":24,"key":"SMITH"},{"data":"Auto Shields","floor":29,"key":"SMITH"},{"floor":32,"key":"REST"}],"neow_cost":"NONE","seed_source_timestamp":215320157117554,"circlet_count":0,"master_deck":["AscendersBane","Strike_B","Strike_B","Strike_B","Strike_B","Defend_B","Defend_B","Defend_B","Zap+1","Dualcast","Darkness","Cold Snap","Steam","Go for the Eyes+1","Rip and Tear","Self Repair","Turbo","Conserve Battery","Ball Lightning","Barrage+1","All For One","Auto Shields+1","Defragment+1","Ball Lightning","Steam","Cold Snap","Biased Cognition","Compile Driver","Auto Shields+1","FTL","Conserve Battery"],"special_seed":0,"relics":["Cracked Core","CultistMask","Pen Nib","Potion Belt","Mercury Hourglass","Turnip","Ectoplasm","Bronze Scales","DataDisk","Cables"],"potions_floor_usage":[20,23,23,25,25,28,33],"damage_taken":[{"damage":4.0,"enemies":"Jaw Worm","floor":1.0,"turns":4.0},{"damage":7.0,"enemies":"Cultist","floor":2.0,"turns":4.0},{"damage":0.0,"enemies":"2 Louse","floor":3.0,"turns":2.0},{"damage":0.0,"enemies":"Gremlin Gang","floor":4.0,"turns":1.0},{"damage":40.0,"enemies":"Lagavulin","floor":6.0,"turns":7.0},{"damage":17.0,"enemies":"3 Sentries","floor":8.0,"turns":5.0},{"damage":3.0,"enemies":"Looter","floor":10.0,"turns":2.0},{"damage":4.0,"enemies":"Gremlin Nob","floor":11.0,"turns":4.0},{"damage":18.0,"enemies":"Exordium Thugs","floor":14.0,"turns":3.0},{"damage":7,"enemies":"Slime Boss","floor":16,"turns":6},{"damage":0,"enemies":"Spheric Guardian","floor":18,"turns":3},{"damage":0,"enemies":"Chosen","floor":20,"turns":3},{"damage":4,"enemies":"Centurion and Healer","floor":22,"turns":5},{"damage":40,"enemies":"Slavers","floor":23,"turns":3},{"damage":26,"enemies":"Gremlin Leader","floor":25,"turns":7},{"damage":4,"enemies":"Cultist and Chosen","floor":28,"turns":4},{"damage":24,"enemies":"Snake Plant","floor":31,"turns":4},{"damage":41,"enemies":"Collector","floor":33,"turns":6}],"seed_played":"-3452208169829278986","potions_obtained":[{"floor":2.0,"key":"AttackPotion"},{"floor":4.0,"key":"SpeedPotion"},{"floor":8.0,"key":"LiquidBronze"},{"floor":10.0,"key":"AttackPotion"},{"floor":11.0,"key":"Weak Potion"},{"floor":16,"key":"AttackPotion"},{"floor":18,"key":"LiquidBronze"},{"floor":20,"key":"Regen Potion"},{"floor":23,"key":"GamblersBrew"},{"floor":31,"key":"PowerPotion"}],"is_trial":false,"path_per_floor":["M","M","M","M","?","E","R","E","T","M","E","$","R","M","R","B",null,"M","$","M","$","M","E","R","E","T","?","M","R","$","M","R","B"],"character_chosen":"DEFECT","items_purchased":["Ball Lightning","Defragment","Ball Lightning","FTL"],"campfire_rested":2,"item_purchase_floors":[12,19,19,30],"current_hp_per_floor":[60,53,53,53,53,13,34,17,17,21,24,24,24,13,13,13,57,64,64,71,71,71,31,31,12,12,12,27,27,27,10,31,0],"gold":14,"neow_bonus":"UPGRADE_CARD","is_prod":false,"is_daily":false,"chose_seed":false,"campfire_upgraded":4,"win_rate":0,"timestamp":1544908132,"path_taken":["M","M","M","M","?","E","R","E","T","M","E","$","R","M","R","BOSS","M","?","?","$","?","E","R","E","T","?","?","R","$","M","R","BOSS"],"build_version":"2018-12-13","purchased_purges":1,"victory":false,"max_hp_per_floor":[71,71,71,71,71,71,71,71,71,71,71,71,71,71,71,71,71,71,71,71,71,71,71,71,71,71,71,71,71,71,71,71,71],"card_choices":[{"not_picked":["Rebound","Darkness","Gash"],"picked":"SKIP","floor":1.0},{"not_picked":["Rebound","Gash"],"picked":"Darkness","floor":1.0},{"not_picked":["Reprogram","Gash"],"picked":"Cold Snap","floor":2.0},{"not_picked":["Double Energy","Aggregate"],"picked":"Steam","floor":3.0},{"not_picked":["Genetic Algorithm","Hologram"],"picked":"Go for the Eyes","floor":4.0},{"not_picked":["Steam Power","Stack"],"picked":"Rip and Tear","floor":6.0},{"not_picked":["White Noise","Coolheaded"],"picked":"Self Repair","floor":8.0},{"not_picked":["Multi-Cast","Gash"],"picked":"Turbo","floor":10.0},{"not_picked":["Genetic Algorithm","Beam Cell"],"picked":"Conserve Battery","floor":11.0},{"not_picked":["Go for the Eyes","Steam"],"picked":"Barrage","floor":14.0},{"not_picked":["Creative AI","Rainbow"],"picked":"All For One","floor":16},{"not_picked":["Beam Cell","Steam"],"picked":"Auto Shields","floor":18},{"not_picked":["Redo","Rebound"],"picked":"Steam","floor":20},{"not_picked":["Redo","Conserve Battery"],"picked":"Cold Snap","floor":22},{"not_picked":["Lockon","Turbo+1"],"picked":"Biased Cognition","floor":23},{"not_picked":["Fusion","Hologram"],"picked":"Compile Driver","floor":25},{"not_picked":["Coolheaded","Double Energy"],"picked":"Auto Shields+1","floor":28},{"not_picked":["Reinforced Body","Stack"],"picked":"Conserve Battery","floor":31}],"player_experience":798276,"relics_obtained":[{"floor":6.0,"key":"Pen Nib"},{"floor":8.0,"key":"Potion Belt"},{"floor":9.0,"key":"Mercury Hourglass"},{"floor":11.0,"key":"Turnip"},{"floor":23,"key":"Bronze Scales"},{"floor":25,"key":"DataDisk"},{"floor":26,"key":"Cables"}],"event_choices":[{"damage_healed":0.0,"max_hp_gain":0.0,"max_hp_loss":0.0,"gold_gain":0.0,"event_name":"FaceTrader","player_choice":"Trade","floor":5.0,"gold_loss":0.0,"damage_taken":0.0,"relics_obtained":["CultistMask"]},{"damage_healed":0,"gold_gain":50,"player_choice":"Pray","damage_taken":0,"max_hp_gain":0,"max_hp_loss":0,"event_name":"Golden Shrine","floor":27,"gold_loss":0}],"is_beta":false,"boss_relics":[{"not_picked":["Velvet Choker","Calling Bell"],"picked":"Ectoplasm"}],"items_purged_floors":[12],"is_endless":false,"potions_floor_spawned":[2,4,8,10,11,16,18,20,23,31],"killed_by":"Collector","ascension_level":20}