{"gold_per_floor":[117,117,117,42,52,79,79,97,97,114,127,127,158,168,168,168],"floor_reached":16,"playtime":385,"items_purged":["Defend_R"],"score":224,"play_id":"e5c02b67-c751-4601-92d5-b0de2dcc8702","local_time":"20181220011001","is_ascension_mode":true,"campfire_choices":[{"data":"Shockwave","floor":7,"key":"SMITH"},{"floor":12,"key":"REST"},{"data":"Rampage","floor":15,"key":"SMITH"}],"neow_cost":"NONE","seed_source_timestamp":543656346119593,"circlet_count":0,"master_deck":["AscendersBane","Strike_R","Strike_R","Strike_R","Strike_R","Strike_R","Defend_R","Defend_R","Defend_R","Bash","Impervious","Inflame","Shrug It Off","Shockwave+1","Offering","Rampage+1","True Grit"],"relics":["Burning Blood","Bottled Flame","Question Card","Incense Burner"],"potions_floor_usage":[13],"damage_taken":[{"damage":19,"enemies":"Jaw Worm","floor":1,"turns":5},{"damage":5,"enemies":"Small Slimes","floor":5,"turns":3},{"damage":44,"enemies":"3 Sentries","floor":6,"turns":14},{"damage":4,"enemies":"Cultist","floor":8,"turns":3},{"damage":13,"enemies":"Gremlin Gang","floor":10,"turns":6},{"damage":10,"enemies":"2 Fungi Beasts","floor":11,"turns":3},{"damage":38,"enemies":"Gremlin Nob","floor":13,"turns":4},{"damage":13,"enemies":"Exordium Wildlife","floor":14,"turns":4},{"damage":6,"enemies":"Slime Boss","floor":16,"turns":3}],"seed_played":"1650474437681010809","potions_obtained":[{"floor":6,"key":"EssenceOfSteel"},{"floor":10,"key":"Regen Potion"}],"is_trial":false,"path_per_floor":["M","?","?","$","M","E","R","M","T","M","M","R","E","M","R","B"],"character_chosen":"IRONCLAD","items_purchased":[],"campfire_rested":1,"item_purchase_floors":[],"current_hp_per_floor":[55,60,60,60,61,23,23,25,25,18,14,38,18,11,11,5],"gold":168,"neow_bonus":"ONE_RANDOM_RARE_CARD","is_prod":false,"is_daily":false,"chose_seed":false,"campfire_upgraded":2,"win_rate":0,"timestamp":1545235801,"path_taken":["M","?","?","?","M","E","R","?","T","M","M","R","E","M","R","BOSS"],"build_version":"2018-12-13","purchased_purges":1,"victory":false,"max_hp_per_floor":[75,80,80,80,80,80,80,80,80,80,80,80,80,80,80,80],"card_choices":[{"not_picked":["Havoc","Perfected Strike"],"picked":"Inflame","floor":1},{"not_picked":["Entrench","Warcry"],"picked":"Shrug It Off","floor":5},{"not_picked":["Burning Pact","Clothesline"],"picked":"Shockwave","floor":6},{"not_picked":["Exhume","Bloodletting","Iron Wave"],"picked":"SKIP","floor":8},{"not_picked":["Fire Breathing","Perfected Strike","Body Slam"],"picked":"Offering","floor":10},{"not_picked":["Flame Barrier","Bloodletting","Burning Pact"],"picked":"Rampage","floor":11},{"not_picked":["Reckless Charge","Cleave","Evolve","Rupture"],"picked":"SKIP","floor":13},{"not_picked":["Armaments","Perfected Strike","Clash"],"picked":"True Grit","floor":14}],"player_experience":824241,"relics_obtained":[{"floor":6,"key":"Bottled Flame"},{"floor":9,"key":"Question Card"},{"floor":13,"key":"Incense Burner"}],"event_choices":[{"damage_healed":0,"gold_gain":0,"player_choice":"Donut","damage_taken":0,"max_hp_gain":5,"max_hp_loss":0,"event_name":"Big Fish","floor":2,"gold_loss":0},{"damage_healed":0,"gold_gain":0,"player_choice":"Ignored","damage_taken":0,"max_hp_gain":0,"max_hp_loss":0,"event_name":"Golden Idol","floor":3,"gold_loss":0}],"is_beta":false,"boss_relics":[],"items_purged_floors":[4],"is_endless":false,"potions_floor_spawned":[6,10],"killed_by":"Slime Boss","ascension_level":20}