{"gold_per_floor":[116,133,144,4,18,18,51,51,51,80,80,80,91,91,91,195,195,205,215,233,247,18,18,34,34,34,67,67,67,87,87,87,87],"floor_reached":33,"playtime":2416,"items_purged":["Strike_B"],"score":468,"play_id":"78f1764b-dcd1-48ba-8152-63e69398bb80","local_time":"20181225181009","is_ascension_mode":true,"campfire_choices":[{"data":"Zap","floor":6.0,"key":"SMITH"},{"floor":8.0,"key":"REST"},{"data":"Dualcast","floor":11.0,"key":"SMITH"},{"floor":15.0,"key":"REST"},{"floor":23,"key":"REST"},{"floor":25,"key":"REST"},{"floor":28,"key":"REST"},{"data":"Defragment","floor":32,"key":"SMITH"}],"neow_cost":"NONE","seed_source_timestamp":215345868598217,"circlet_count":0,"master_deck":["AscendersBane","Strike_B","Strike_B","Defend_B","Defend_B","Defend_B","Defend_B","Zap+1","Dualcast+1","Cold Snap","Core Surge","Ball Lightning","Leap","Ball Lightning","Stack","BootSequence","Biased Cognition","FTL","Conserve Battery","White Noise+1","Defragment+1","Glacier","Self Repair","RitualDagger","Ghostly","Ghostly","Ghostly","Ghostly","Ghostly"],"special_seed":0,"relics":["Cracked Core","Bottled Lightning","Juzu Bracelet","Sundial","Nuclear Battery","Blue Candle","Art of War"],"potions_floor_usage":[16,24,30],"damage_taken":[{"damage":1.0,"enemies":"Cultist","floor":1.0,"turns":3.0},{"damage":2.0,"enemies":"2 Louse","floor":2.0,"turns":3.0},{"damage":0.0,"enemies":"Small Slimes","floor":3.0,"turns":3.0},{"damage":8.0,"enemies":"2 Fungi Beasts","floor":5.0,"turns":3.0},{"damage":26.0,"enemies":"Gremlin Nob","floor":7.0,"turns":4.0},{"damage":18.0,"enemies":"3 Sentries","floor":10.0,"turns":7.0},{"damage":2.0,"enemies":"Looter","floor":13.0,"turns":2.0},{"damage":11,"enemies":"The Guardian","floor":16,"turns":9},{"damage":22,"enemies":"2 Thieves","floor":18,"turns":4},{"damage":0,"enemies":"Spheric Guardian","floor":19,"turns":3},{"damage":13,"enemies":"Snake Plant","floor":20,"turns":4},{"damage":4,"enemies":"Shelled Parasite and Fungi","floor":21,"turns":5},{"damage":22,"enemies":"Sentry and Sphere","floor":24,"turns":5},{"damage":44,"enemies":"Gremlin Leader","floor":27,"turns":7},{"damage":33,"enemies":"3 Cultists","floor":30,"turns":6},{"damage":26,"enemies":"Champ","floor":33,"turns":14}],"seed_played":"-6900432974382829938","potions_obtained":[{"floor":2.0,"key":"Weak Potion"},{"floor":7.0,"key":"Energy Potion"},{"floor":13.0,"key":"FocusPotion"},{"floor":16,"key":"Energy Potion"},{"floor":21,"key":"Block Potion"},{"floor":27,"key":"Regen Potion"},{"floor":30,"key":"Energy Potion"}],"is_trial":false,"path_per_floor":["M","M","M","$","M","R","E","R","T","E","R","?","M","T","R","B",null,"M","M","M","M","$","R","M","R","T","E","R","?","M","?","R","B"],"character_chosen":"DEFECT","items_purchased":["Core Surge","Defragment","Glacier"],"campfire_rested":5,"item_purchase_floors":[4,22,22],"current_hp_per_floor":[74,72,72,72,64,64,38,62,62,44,44,44,42,42,66,55,75,53,53,40,36,36,60,38,62,62,18,42,36,25,25,25,0],"gold":87,"neow_bonus":"TEN_PERCENT_HP_BONUS","is_prod":false,"is_daily":false,"chose_seed":false,"campfire_upgraded":3,"win_rate":0,"timestamp":1545790209,"path_taken":["M","M","M","$","M","R","E","R","T","E","R","?","M","?","R","BOSS","M","M","M","M","$","R","M","R","T","E","R","?","M","?","R","BOSS"],"build_version":"2018-12-20","purchased_purges":1,"victory":false,"max_hp_per_floor":[82,82,82,82,82,82,82,82,82,82,82,82,82,82,82,82,82,82,82,82,82,82,82,82,82,82,82,82,82,82,41,41,41],"card_choices":[{"not_picked":["Coolheaded","Skim","Fusion"],"picked":"SKIP","floor":1.0},{"not_picked":["Stack","Undo"],"picked":"Cold Snap","floor":2.0},{"not_picked":["Hologram","Stack","Gash"],"picked":"SKIP","floor":3.0},{"not_picked":["Static Discharge","Beam Cell"],"picked":"Ball Lightning","floor":5.0},{"not_picked":["Reboot","Cold Snap"],"picked":"Leap","floor":7.0},{"not_picked":["Consume","Recycle"],"picked":"Ball Lightning","floor":10.0},{"not_picked":["Stack","Sweeping Beam"],"picked":"BootSequence","floor":13.0},{"not_picked":["Thunder Strike","Core Surge"],"picked":"Biased Cognition","floor":16},{"not_picked":["Melter","Sunder"],"picked":"FTL","floor":18},{"not_picked":["Gash","Redo+1"],"picked":"Conserve Battery","floor":19},{"not_picked":["Darkness","Steam","Leap"],"picked":"SKIP","floor":20},{"not_picked":["Darkness","Force Field"],"picked":"White Noise+1","floor":21},{"not_picked":["Go for the Eyes","Reboot","Redo"],"picked":"SKIP","floor":24},{"not_picked":["Hologram","Gash+1"],"picked":"Self Repair","floor":27},{"not_picked":["Blizzard","Fusion","Leap"],"picked":"SKIP","floor":30}],"player_experience":799863,"relics_obtained":[{"floor":7.0,"key":"Bottled Lightning"},{"floor":10.0,"key":"Juzu Bracelet"},{"floor":14.0,"key":"Sundial"},{"floor":26,"key":"Blue Candle"},{"floor":27,"key":"Art of War"}],"event_choices":[{"damage_healed":0.0,"max_hp_gain":0.0,"max_hp_loss":0.0,"gold_gain":0.0,"cards_transformed":["Strike_B"],"event_name":"Transmorgrifier","player_choice":"Transformed","floor":12.0,"gold_loss":0.0,"damage_taken":0.0,"cards_obtained":["Stack"]},{"damage_healed":0,"gold_gain":0,"player_choice":"Joined the Cult","damage_taken":6,"max_hp_gain":0,"max_hp_loss":0,"event_name":"Nest","floor":29,"gold_loss":0,"cards_obtained":["RitualDagger"]},{"damage_healed":0,"gold_gain":0,"player_choice":"Became a Ghost","damage_taken":0,"max_hp_gain":0,"max_hp_loss":41,"event_name":"Ghosts","floor":31,"gold_loss":0,"cards_obtained":["Ghostly","Ghostly","Ghostly","Ghostly","Ghostly"]}],"is_beta":false,"boss_relics":[{"not_picked":["Inserter","Ectoplasm"],"picked":"Nuclear Battery"}],"items_purged_floors":[22],"is_endless":false,"potions_floor_spawned":[2,7,13,16,21,27,30],"killed_by":"Champ","ascension_level":12}