{"gold_per_floor":[116,116,39,39,54,54,86,86,161,161,179,189,207,207,207,326,326,340,340,340],"floor_reached":20,"playtime":703,"items_purged":[],"score":236,"play_id":"68d58856-f55e-46c0-b7bd-14d0c09081cf","local_time":"20181001123403","is_ascension_mode":true,"campfire_choices":[{"data":"Noxious Fumes","floor":6,"key":"SMITH"},{"data":"Envenom","floor":8,"key":"SMITH"},{"data":"Blade Dance","floor":10,"key":"SMITH"},{"data":"Infinite Blades","floor":15,"key":"SMITH"}],"neow_cost":"NONE","seed_source_timestamp":3355070563903,"circlet_count":0,"master_deck":["Defend_G","Defend_G","Defend_G","Defend_G","Defend_G","Strike_G","Strike_G","Strike_G","Strike_G","Strike_G","Survivor","Neutralize","Cloak And Dagger+1","Noxious Fumes+1","Blade Dance+1","Envenom+1","Terror","Infinite Blades+1","Injury","Tools of the Trade","Underhanded Strike","Envenom+1"],"relics":["Ring of the Serpent","NeowsBlessing","Bottled Flame","Pantograph","Golden Idol"],"potions_floor_usage":[16,16,20],"damage_taken":[{"damage":0,"enemies":"Cultist","floor":1,"turns":1},{"damage":0,"enemies":"Small Slimes","floor":5,"turns":1},{"damage":0,"enemies":"Lagavulin","floor":7,"turns":1},{"damage":3,"enemies":"2 Louse","floor":11,"turns":3},{"damage":6,"enemies":"Looter","floor":12,"turns":3},{"damage":9,"enemies":"Lots of Slimes","floor":13,"turns":3},{"damage":33,"enemies":"Hexaghost","floor":16,"turns":6},{"damage":28,"enemies":"Shell Parasite","floor":18,"turns":5},{"damage":54,"enemies":"Spheric Guardian","floor":20,"turns":5}],"seed_played":"-199848523859911356","potions_obtained":[{"floor":7,"key":"Poison Potion"},{"floor":13,"key":"Poison Potion"},{"floor":16,"key":"Energy Potion"},{"floor":18,"key":"SkillPotion"}],"is_trial":false,"path_per_floor":["M","?","$","?","M","R","E","R","T","R","M","M","M","?","R","B",null,"M","?"],"character_chosen":"THE_SILENT","items_purchased":["Noxious Fumes"],"campfire_rested":0,"item_purchase_floors":[3],"current_hp_per_floor":[70,70,70,75,75,75,75,75,75,75,72,66,57,57,57,42,75,47,47,0],"gold":340,"neow_bonus":"THREE_ENEMY_KILL","is_prod":false,"is_daily":false,"chose_seed":false,"campfire_upgraded":4,"win_rate":0,"timestamp":1538363043,"path_taken":["M","?","$","?","M","R","E","R","T","R","M","?","M","?","R","BOSS","M","?","?"],"build_version":"2018-09-27","purchased_purges":0,"victory":false,"max_hp_per_floor":[70,70,70,75,75,75,75,75,75,75,75,75,75,75,75,75,75,75,75,75],"card_choices":[{"not_picked":["Dagger Throw","Well Laid Plans"],"picked":"Cloak And Dagger","floor":1},{"not_picked":["Quick Slash","Choke"],"picked":"Blade Dance","floor":5},{"not_picked":["Crippling Poison","Masterful Stab"],"picked":"Envenom","floor":7},{"not_picked":["Cloak And Dagger","Blur"],"picked":"Terror","floor":11},{"not_picked":["Blade Dance","Quick Slash"],"picked":"Infinite Blades","floor":12},{"not_picked":["Predator","Eviscerate","Deflect"],"picked":"SKIP","floor":13},{"not_picked":["Grand Finale","Night Terror"],"picked":"Tools of the Trade","floor":16},{"not_picked":["Acrobatics","Slice"],"picked":"Underhanded Strike","floor":18}],"player_experience":256843,"relics_obtained":[{"floor":7,"key":"Bottled Flame"},{"floor":9,"key":"Pantograph"}],"event_choices":[{"event_name":"Upgrade Shrine","player_choice":"Upgraded","floor":2,"damage_taken":0},{"event_name":"Big Fish","player_choice":"Donut","floor":4,"damage_taken":0},{"event_name":"Golden Idol","player_choice":"Take Wound","floor":14,"damage_taken":0},{"event_name":"Duplicator","player_choice":"One dupe","floor":19,"damage_taken":0}],"is_beta":false,"boss_relics":[{"not_picked":["Cursed Key","Empty Cage"],"picked":"Ring of the Serpent"}],"items_purged_floors":[],"is_endless":false,"potions_floor_spawned":[7,13,16,18],"killed_by":"Spheric Guardian","ascension_level":4}