{"gold_per_floor":[369,369,40,50,61,61,61,61,61,88,188,206,206,224,224,329,329,310,310,310,325,325,325,325],"floor_reached":24,"playtime":1040,"items_purged":[],"score":273,"play_id":"42f71688-ade2-49aa-918f-9c21e8cc72a4","local_time":"20180917194259","is_ascension_mode":true,"campfire_choices":[{"data":"Terror","floor":6,"key":"SMITH"},{"data":"Dash","floor":8,"key":"SMITH"},{"data":"A Thousand Cuts","floor":13,"key":"SMITH"},{"data":"Bane","floor":15,"key":"SMITH"},{"data":"Envenom","floor":23,"key":"SMITH"}],"neow_cost":"CURSE","seed_source_timestamp":351776772413512,"circlet_count":0,"master_deck":["Defend_G","Defend_G","Defend_G","Defend_G","Defend_G","Strike_G","Strike_G","Strike_G","Strike_G","Strike_G","Survivor","Neutralize","Clumsy","Crippling Poison+1","Dash+1","Bane+1","Poisoned Stab","Terror+1","Skewer+1","A Thousand Cuts+1","Poisoned Stab+1","Venomology","Crippling Poison","Caltrops","Poisoned Stab+1","Catalyst","Footwork","Deadly Poison","Ghostly","Ghostly","Ghostly","Ghostly","Ghostly","Dodge and Roll","Envenom+1"],"relics":["Ring of the Snake","Matryoshka","Blood Vial","Molten Egg 2","Paper Crane","Orrery"],"potions_floor_usage":[10,16,16,22],"damage_taken":[{"damage":4,"enemies":"Small Slimes","floor":1,"turns":4},{"damage":1,"enemies":"Jaw Worm","floor":4,"turns":4},{"damage":0,"enemies":"Cultist","floor":5,"turns":4},{"damage":22,"enemies":"Lagavulin","floor":10,"turns":5},{"damage":5,"enemies":"Lots of Slimes","floor":12,"turns":4},{"damage":4,"enemies":"Looter","floor":14,"turns":3},{"damage":28,"enemies":"The Guardian","floor":16,"turns":7},{"damage":17,"enemies":"2 Thieves","floor":18,"turns":4},{"damage":11,"enemies":"Chosen","floor":21,"turns":5},{"damage":7,"enemies":"Colosseum Slavers","floor":22,"turns":5},{"damage":40,"enemies":"Gremlin Leader","floor":24,"turns":2}],"seed_played":"4757026801995390287","potions_obtained":[{"floor":1,"key":"SteroidPotion"},{"floor":12,"key":"Poison Potion"},{"floor":14,"key":"Poison Potion"},{"floor":21,"key":"Swift Potion"}],"is_trial":false,"path_per_floor":["M","?","$","M","M","R","$","R","T","E","?","M","R","M","R","B",null,"M","?","?","M","?","R"],"character_chosen":"THE_SILENT","items_purchased":["Matryoshka","Dash","Bane"],"campfire_rested":0,"item_purchase_floors":[3,3,3],"current_hp_per_floor":[66,66,66,65,65,65,65,65,65,45,45,42,42,40,40,14,70,53,35,35,24,19,19,0],"gold":325,"neow_bonus":"TWO_FIFTY_GOLD","is_prod":false,"is_daily":false,"chose_seed":false,"campfire_upgraded":5,"win_rate":0,"timestamp":1537179179,"path_taken":["M","?","$","M","?","R","$","R","T","E","?","M","R","M","R","BOSS","M","?","?","M","?","R","E"],"build_version":"2018-09-06","purchased_purges":0,"victory":false,"max_hp_per_floor":[70,70,70,70,70,70,70,70,70,70,70,70,70,70,70,70,70,70,35,35,35,35,35,35],"card_choices":[{"not_picked":["Slice","Dagger Spray"],"picked":"Crippling Poison","floor":1},{"not_picked":["PiercingWail","Backflip"],"picked":"Poisoned Stab","floor":4},{"not_picked":["Choke","Cloak And Dagger"],"picked":"Terror","floor":5},{"not_picked":["Flechettes+1","Slice+1"],"picked":"Skewer+1","floor":10},{"not_picked":["Slice+1","Flying Knee+1"],"picked":"A Thousand Cuts","floor":12},{"not_picked":["Tactician","Prepared"],"picked":"Poisoned Stab+1","floor":14},{"not_picked":["Tools of the Trade","Burst"],"picked":"Venomology","floor":16},{"not_picked":["Flechettes+1","Cloak And Dagger"],"picked":"Crippling Poison","floor":17},{"not_picked":["Prepared","Dodge and Roll"],"picked":"Caltrops","floor":17},{"not_picked":["Reflex","Outmaneuver"],"picked":"Poisoned Stab+1","floor":17},{"not_picked":["Sucker Punch+1","Leg Sweep"],"picked":"Catalyst","floor":17},{"not_picked":["Poisoned Stab+1","Dash+1"],"picked":"Footwork","floor":17},{"not_picked":["Doppelganger","Infinite Blades+1"],"picked":"Deadly Poison","floor":18},{"not_picked":["Setup+1","Blade Dance","Acrobatics"],"picked":"SKIP","floor":21}],"player_experience":184231,"relics_obtained":[{"floor":9,"key":"Blood Vial"},{"floor":9,"key":"Molten Egg 2"},{"floor":10,"key":"Paper Crane"}],"event_choices":[{"event_name":"Living Wall","player_choice":"Grow","floor":2,"damage_taken":0},{"event_name":"Golden Shrine","player_choice":"Pray","floor":11,"damage_taken":0},{"event_name":"Ghosts","player_choice":"Became a Ghost","floor":19,"damage_taken":0},{"event_name":"Match and Keep!","player_choice":"2 cards matched","floor":20,"damage_taken":0},{"event_name":"Colosseum","player_choice":"Fight","floor":22,"damage_taken":0},{"event_name":"Colosseum","player_choice":"Fled From Nobs","floor":22,"damage_taken":0}],"is_beta":false,"boss_relics":[{"not_picked":["Pandora\u0027s Box","WristBlade"],"picked":"Orrery"}],"items_purged_floors":[],"is_endless":false,"potions_floor_spawned":[1,12,14,21,22],"killed_by":"Gremlin Leader","ascension_level":3}