{"gold_per_floor":[116,133,408,421,434,434,469,469,494,494,518,518,518,534,534,534],"floor_reached":16,"playtime":354,"items_purged":[],"score":204,"play_id":"5c842c6e-1de2-42a2-ad95-60221463c796","local_time":"20181220011615","is_ascension_mode":true,"campfire_choices":[{"data":"Bloodletting","floor":6,"key":"SMITH"},{"data":"Armaments","floor":10,"key":"SMITH"},{"data":"Battle Trance","floor":12,"key":"SMITH"},{"data":"Shrug It Off","floor":15,"key":"SMITH"}],"neow_cost":"NONE","seed_source_timestamp":544061472765461,"circlet_count":0,"master_deck":["AscendersBane","Strike_R","Strike_R","Strike_R","Strike_R","Strike_R","Defend_R","Defend_R+1","Defend_R","Defend_R","Bash+1","Battle Trance+1","Armaments+1","Regret","Bloodletting+1","Impervious+1","Twin Strike","Shrug It Off+1","Whirlwind"],"relics":["Burning Blood","Omamori","Golden Idol","War Paint"],"potions_floor_usage":[7,14],"damage_taken":[{"damage":7,"enemies":"Cultist","floor":1,"turns":4},{"damage":4,"enemies":"Jaw Worm","floor":2,"turns":4},{"damage":10,"enemies":"Small Slimes","floor":4,"turns":3},{"damage":9,"enemies":"2 Fungi Beasts","floor":5,"turns":4},{"damage":47,"enemies":"Gremlin Nob","floor":7,"turns":6},{"damage":11,"enemies":"Looter","floor":11,"turns":4},{"damage":13,"enemies":"Blue Slaver","floor":14,"turns":4},{"damage":8,"enemies":"Hexaghost","floor":16,"turns":7}],"seed_played":"-2264412518267022406","potions_obtained":[{"floor":4,"key":"Energy Potion"},{"floor":5,"key":"Weak Potion"},{"floor":11,"key":"Explosive Potion"}],"is_trial":false,"path_per_floor":["M","M","?","M","M","R","E","?","T","R","M","R","?","M","R","B"],"character_chosen":"IRONCLAD","items_purchased":[],"campfire_rested":0,"item_purchase_floors":[],"current_hp_per_floor":[67,69,69,65,62,62,21,21,21,21,16,16,16,9,9,1],"gold":534,"neow_bonus":"UPGRADE_CARD","is_prod":false,"is_daily":false,"chose_seed":false,"campfire_upgraded":4,"win_rate":0,"timestamp":1545236175,"path_taken":["M","?","?","?","M","R","E","?","T","R","M","R","?","M","R","BOSS"],"build_version":"2018-12-13","purchased_purges":0,"victory":false,"max_hp_per_floor":[75,75,75,75,75,75,75,75,75,75,75,75,75,75,75,75],"card_choices":[{"not_picked":["Heavy Blade","Corruption"],"picked":"Battle Trance","floor":1},{"not_picked":["Iron Wave","Clothesline"],"picked":"Armaments","floor":2},{"not_picked":["Armaments","Sword Boomerang"],"picked":"Bloodletting","floor":4},{"not_picked":["Ghostly Armor","Wild Strike"],"picked":"Impervious","floor":5},{"not_picked":["Havoc","Flex"],"picked":"Twin Strike","floor":7},{"not_picked":["Thunderclap","Sever Soul"],"picked":"Shrug It Off","floor":11},{"not_picked":["Burning Pact","Iron Wave"],"picked":"Whirlwind","floor":14}],"player_experience":824626,"relics_obtained":[{"floor":7,"key":"Omamori"},{"floor":9,"key":"War Paint"}],"event_choices":[{"damage_healed":0,"gold_gain":275,"player_choice":"Desecrate","damage_taken":0,"max_hp_gain":0,"max_hp_loss":0,"event_name":"Golden Shrine","floor":3,"gold_loss":0,"cards_obtained":["Regret"]},{"damage_healed":0,"gold_gain":0,"player_choice":"Take Wound","damage_taken":0,"relics_obtained":["Golden Idol"],"max_hp_gain":0,"max_hp_loss":0,"event_name":"Golden Idol","floor":8,"gold_loss":0,"cards_obtained":["Injury"]},{"damage_healed":0,"gold_gain":0,"player_choice":"Ignored","damage_taken":0,"max_hp_gain":0,"max_hp_loss":0,"event_name":"Shining Light","floor":13,"gold_loss":0}],"is_beta":false,"boss_relics":[],"items_purged_floors":[],"is_endless":false,"potions_floor_spawned":[4,5,11],"killed_by":"Hexaghost","ascension_level":20}