{"gold_per_floor":[113,113,113,130,150,150,160,85,85,85,98,53,53,69,69,142,142,153,153,165,177,77,77,77,77],"floor_reached":25,"playtime":522,"items_purged":["Defend_B","Strike_B"],"score":386,"play_id":"0514f5da-7993-4517-8f36-5eefabae611d","local_time":"20181007111624","is_ascension_mode":true,"campfire_choices":[{"data":"Self Repair","floor":6,"key":"SMITH"},{"data":"Ball Lightning","floor":10,"key":"SMITH"},{"data":"Defragment","floor":13,"key":"SMITH"},{"floor":15,"key":"REST"},{"data":"Barrage","floor":23,"key":"SMITH"}],"neow_cost":"NONE","seed_source_timestamp":1003878293142699,"circlet_count":0,"master_deck":["Strike_B","Strike_B+1","Defend_B","Defend_B","Defend_B+1","Zap+1","Dualcast","AscendersBane","Ball Lightning+1","Self Repair+1","Compile Driver","Defragment+1","Coolheaded","Reboot","Coolheaded","Stack+1","Barrage+1","Shame"],"relics":["Cracked Core","Cables","Inserter","WingedGreaves"],"potions_floor_usage":[16,18],"damage_taken":[{"damage":6,"enemies":"2 Louse","floor":1,"turns":3},{"damage":12,"enemies":"Small Slimes","floor":4,"turns":3},{"damage":0,"enemies":"Cultist","floor":5,"turns":3},{"damage":10,"enemies":"Gremlin Gang","floor":7,"turns":4},{"damage":3,"enemies":"Blue Slaver","floor":11,"turns":2},{"damage":7,"enemies":"2 Fungi Beasts","floor":14,"turns":3},{"damage":8,"enemies":"The Guardian","floor":16,"turns":9},{"damage":39,"enemies":"2 Thieves","floor":18,"turns":4},{"damage":12,"enemies":"Chosen","floor":20,"turns":5},{"damage":27,"enemies":"Snake Plant","floor":21,"turns":4},{"damage":32,"enemies":"Book of Stabbing","floor":25,"turns":2}],"seed_played":"-6369662488260005416","potions_obtained":[{"floor":1,"key":"Weak Potion"},{"floor":11,"key":"Energy Potion"}],"is_trial":false,"path_per_floor":["M","?","?","M","M","R","M","$","T","R","M","$","R","M","R","B",null,"M","?","M","M","$","R","?"],"character_chosen":"DEFECT","items_purchased":["Defragment"],"campfire_rested":1,"item_purchase_floors":[12],"current_hp_per_floor":[58,37,30,18,18,18,18,18,18,18,25,25,25,28,49,51,66,37,51,49,32,32,32,32,0],"gold":77,"neow_bonus":"UPGRADE_CARD","is_prod":false,"is_daily":false,"chose_seed":false,"campfire_upgraded":4,"win_rate":0,"timestamp":1538878584,"path_taken":["M","?","?","?","?","R","M","$","T","R","?","$","R","M","R","BOSS","M","?","M","M","$","R","?","E"],"build_version":"2018-10-04v2","purchased_purges":2,"victory":false,"max_hp_per_floor":[71,71,71,71,71,71,71,71,71,71,71,71,71,71,71,71,71,71,71,71,71,71,71,71,71],"card_choices":[{"not_picked":["Chill","Stack"],"picked":"Ball Lightning","floor":1},{"not_picked":["Chaos","Tempest","Beam Cell"],"picked":"SKIP","floor":4},{"not_picked":["Leap","Redo"],"picked":"Self Repair","floor":5},{"not_picked":["Stack","Steam","Beam Cell"],"picked":"SKIP","floor":7},{"not_picked":["Creative AI","Gash"],"picked":"Compile Driver","floor":11},{"not_picked":["Leap","Beam Cell"],"picked":"Coolheaded","floor":14},{"not_picked":["Hyperbeam","Meteor Strike"],"picked":"Reboot","floor":16},{"not_picked":["Beam Cell","Turbo"],"picked":"Coolheaded","floor":18},{"not_picked":["Steam","Beam Cell"],"picked":"Stack+1","floor":20},{"not_picked":["Coolheaded","Recycle"],"picked":"Barrage","floor":21}],"player_experience":748992,"relics_obtained":[{"floor":9,"key":"Cables"}],"event_choices":[{"event_name":"Shining Light","player_choice":"Entered Light","floor":2,"damage_taken":0},{"event_name":"Golden Wing","player_choice":"Card Removal","floor":3,"damage_taken":0},{"event_name":"The Library","player_choice":"Heal","floor":19,"damage_taken":0},{"event_name":"Addict","player_choice":"Stole Relic","floor":24,"damage_taken":0}],"is_beta":false,"boss_relics":[{"not_picked":["Cursed Key","FrozenCore"],"picked":"Inserter"}],"items_purged_floors":[8,22],"is_endless":false,"potions_floor_spawned":[1,11],"killed_by":"Book of Stabbing","ascension_level":20}