{"gold_per_floor":[116,116,41,52,72,105,119,131,131,147,205,205,224,255,255,332,332,343,343,353,353,300,300],"floor_reached":23,"playtime":761,"items_purged":[],"score":426,"play_id":"cd13c88c-42e1-4602-addc-ebbe299a10dc","local_time":"20181215023135","is_ascension_mode":true,"campfire_choices":[{"data":"Uppercut","floor":12,"key":"SMITH"},{"data":"Inflame","floor":15,"key":"SMITH"}],"neow_cost":"NONE","seed_source_timestamp":116094855328080,"circlet_count":0,"master_deck":["AscendersBane","Strike_R","Strike_R","Strike_R","Strike_R","Strike_R","Defend_R","Defend_R","Defend_R","Bash","Metallicize","Pummel","Pommel Strike","Pommel Strike","Inflame+1","Whirlwind","Uppercut+1","Shrug It Off","Limit Break","Seeing Red","Battle Trance","Pommel Strike"],"special_seed":0,"relics":["Burning Blood","Vajra","Orichalcum","Bronze Scales","Tiny Chest","Self Forming Clay","Eternal Feather","Art of War"],"potions_floor_usage":[6,6,11,14,16,23],"damage_taken":[{"damage":4.0,"enemies":"Jaw Worm","floor":1.0,"turns":4.0},{"damage":4.0,"enemies":"2 Louse","floor":4.0,"turns":4.0},{"damage":0.0,"enemies":"Small Slimes","floor":5.0,"turns":2.0},{"damage":28,"enemies":"Lagavulin","floor":6,"turns":4},{"damage":7,"enemies":"2 Fungi Beasts","floor":7,"turns":3},{"damage":6,"enemies":"Gremlin Gang","floor":8,"turns":5},{"damage":0,"enemies":"Large Slime","floor":10,"turns":5},{"damage":9,"enemies":"3 Sentries","floor":11,"turns":5},{"damage":1,"enemies":"3 Louse","floor":13,"turns":3},{"damage":9,"enemies":"Gremlin Nob","floor":14,"turns":4},{"damage":22,"enemies":"Slime Boss","floor":16,"turns":8},{"damage":19,"enemies":"Shell Parasite","floor":18,"turns":4},{"damage":28,"enemies":"Chosen","floor":20,"turns":4},{"damage":26,"enemies":"Slavers","floor":23,"turns":2}],"seed_played":"-3663956704792657951","potions_obtained":[{"floor":4.0,"key":"SteroidPotion"},{"floor":5.0,"key":"Block Potion"},{"floor":6,"key":"Block Potion"},{"floor":8,"key":"Block Potion"},{"floor":11,"key":"Swift Potion"},{"floor":16,"key":"Regen Potion"}],"is_trial":false,"path_per_floor":["M","?","?","M","M","E","M","M","T","M","E","R","M","E","R","B",null,"M","?","M","?","?","E"],"character_chosen":"IRONCLAD","items_purchased":[],"campfire_rested":0,"item_purchase_floors":[],"current_hp_per_floor":[70,75,75,77,80,58,57,57,57,63,60,60,65,62,62,46,72,59,59,37,14,14,0],"gold":300,"neow_bonus":"RANDOM_COMMON_RELIC","is_prod":false,"is_daily":false,"chose_seed":false,"campfire_upgraded":2,"win_rate":0,"timestamp":1544808695,"path_taken":["M","?","?","M","M","E","M","M","T","?","E","R","M","E","R","BOSS","M","?","M","?","?","E"],"build_version":"2018-12-13","purchased_purges":0,"victory":false,"max_hp_per_floor":[75,80,80,80,80,80,80,80,80,80,80,80,80,80,80,80,80,80,80,80,85,85,85],"card_choices":[{"not_picked":["Cleave","Iron Wave"],"picked":"Metallicize","floor":1.0},{"not_picked":["Body Slam","Sentinel"],"picked":"Pummel","floor":4.0},{"not_picked":["Bloodletting","Iron Wave"],"picked":"Pommel Strike","floor":5.0},{"not_picked":["Heavy Blade","Disarm"],"picked":"Pommel Strike","floor":6},{"not_picked":["Warcry","Corruption","Hemokinesis"],"picked":"SKIP","floor":7},{"not_picked":["Feel No Pain","Heavy Blade"],"picked":"Inflame","floor":8},{"not_picked":["Havoc","Impervious"],"picked":"Whirlwind","floor":10},{"not_picked":["Sentinel","Pummel"],"picked":"Uppercut","floor":11},{"not_picked":["Body Slam","Perfected Strike"],"picked":"Shrug It Off","floor":13},{"not_picked":["Wild Strike","Havoc","Clash"],"picked":"SKIP","floor":14},{"not_picked":["Offering","Brutality"],"picked":"Limit Break","floor":16},{"not_picked":["Body Slam","Thunderclap"],"picked":"Seeing Red","floor":18},{"not_picked":["Searing Blow","Rupture"],"picked":"Pommel Strike","floor":20}],"player_experience":792741,"relics_obtained":[{"floor":6,"key":"Orichalcum"},{"floor":9,"key":"Bronze Scales"},{"floor":11,"key":"Tiny Chest"},{"floor":14,"key":"Self Forming Clay"}],"event_choices":[{"damage_healed":0.0,"max_hp_gain":5.0,"max_hp_loss":0.0,"gold_gain":0.0,"event_name":"Big Fish","player_choice":"Donut","floor":2.0,"gold_loss":0.0,"damage_taken":0.0},{"cards_removed":["Defend_R"],"damage_healed":0.0,"max_hp_gain":0.0,"max_hp_loss":0.0,"gold_gain":0.0,"event_name":"The Cleric","player_choice":"Card Removal","floor":3.0,"gold_loss":75.0,"damage_taken":0.0},{"damage_healed":0,"gold_gain":0,"player_choice":"Read","damage_taken":0,"max_hp_gain":0,"max_hp_loss":0,"event_name":"The Library","floor":19,"gold_loss":0,"cards_obtained":["Battle Trance"]},{"damage_healed":0,"gold_gain":0,"player_choice":"Shed Blood","damage_taken":28,"max_hp_gain":5,"max_hp_loss":0,"event_name":"Forgotten Altar","floor":21,"gold_loss":0},{"damage_healed":0,"gold_gain":0,"player_choice":"Paid Gold","damage_taken":0,"relics_obtained":["Art of War"],"max_hp_gain":0,"max_hp_loss":0,"event_name":"WeMeetAgain","floor":22,"gold_loss":53}],"is_beta":false,"boss_relics":[{"not_picked":["Philosopher\u0027s Stone","Runic Cube"],"picked":"Eternal Feather"}],"items_purged_floors":[],"is_endless":false,"potions_floor_spawned":[4,5,6,8,11,16],"killed_by":"Slavers","ascension_level":20}