{"gold_per_floor":[139,139,139,156,171,171,188,204,204,216,227,254,254,281,281,281],"floor_reached":16,"playtime":415,"items_purged":[],"score":228,"play_id":"1e226c43-fcc6-42f1-8a25-acacf7932ac1","local_time":"20181215202254","is_ascension_mode":true,"campfire_choices":[{"data":"Zap","floor":6,"key":"SMITH"},{"floor":15,"key":"DIG"}],"neow_cost":"NONE","seed_source_timestamp":180802390403935,"circlet_count":0,"master_deck":["AscendersBane","Strike_B","Strike_B","Strike_B","Defend_B","Defend_B","Defend_B","Defend_B","Zap+1","Dualcast","Self Repair","Cold Snap","Ball Lightning","Rip and Tear","Rebound","Steam","Conserve Battery"],"relics":["Cracked Core","Tiny Chest","Shovel","Bottled Flame","Pocketwatch","PreservedInsect"],"potions_floor_usage":[10,11,14],"damage_taken":[{"damage":0,"enemies":"2 Louse","floor":1,"turns":2},{"damage":9,"enemies":"Jaw Worm","floor":4,"turns":5},{"damage":0,"enemies":"Cultist","floor":5,"turns":4},{"damage":12,"enemies":"Large Slime","floor":7,"turns":6},{"damage":2,"enemies":"Looter","floor":8,"turns":3},{"damage":3,"enemies":"3 Louse","floor":10,"turns":2},{"damage":1,"enemies":"Exordium Thugs","floor":11,"turns":4},{"damage":28,"enemies":"Gremlin Nob","floor":12,"turns":4},{"damage":16,"enemies":"3 Sentries","floor":14,"turns":6},{"damage":41,"enemies":"Slime Boss","floor":16,"turns":6}],"seed_played":"1411694406531231393","potions_obtained":[{"floor":8,"key":"AttackPotion"},{"floor":10,"key":"Block Potion"},{"floor":12,"key":"SteroidPotion"}],"is_trial":false,"path_per_floor":["M","?","?","M","M","R","M","M","T","M","M","E","?","E","R","B"],"character_chosen":"DEFECT","items_purchased":[],"campfire_rested":0,"item_purchase_floors":[],"current_hp_per_floor":[64,57,57,55,62,62,57,62,62,66,71,50,50,41,41,0],"gold":281,"neow_bonus":"RANDOM_COMMON_RELIC","is_prod":false,"is_daily":false,"chose_seed":false,"campfire_upgraded":1,"win_rate":0,"timestamp":1544872974,"path_taken":["M","?","?","M","M","R","M","?","T","M","M","E","?","E","R","BOSS"],"build_version":"2018-12-13","purchased_purges":0,"victory":false,"max_hp_per_floor":[71,71,71,71,71,71,71,71,71,71,71,71,71,71,71,71],"card_choices":[{"not_picked":["Gash","Turbo"],"picked":"Self Repair","floor":1},{"not_picked":["Sunder","Leap"],"picked":"Cold Snap","floor":4},{"not_picked":["Skim","Hologram","Hello World"],"picked":"SKIP","floor":5},{"not_picked":["Skim","Hologram","Hello World"],"picked":"SKIP","floor":5},{"not_picked":["Leap","Streamline"],"picked":"Ball Lightning","floor":7},{"not_picked":["Gash","Genetic Algorithm","Hologram"],"picked":"SKIP","floor":8},{"not_picked":["Chill","Steam"],"picked":"Rip and Tear","floor":10},{"not_picked":["Turbo","Recycle","Rebound"],"picked":"SKIP","floor":11},{"not_picked":["Turbo","Recycle"],"picked":"Rebound","floor":11},{"not_picked":["Redo","Turbo"],"picked":"Steam","floor":12},{"not_picked":["Go for the Eyes","Steam"],"picked":"Conserve Battery","floor":14}],"player_experience":797861,"relics_obtained":[{"floor":9,"key":"Shovel"},{"floor":12,"key":"Bottled Flame"},{"floor":14,"key":"Pocketwatch"},{"floor":15,"key":"PreservedInsect"}],"event_choices":[{"cards_removed":["Strike_B"],"damage_healed":0,"gold_gain":0,"player_choice":"Card Removal","damage_taken":7,"max_hp_gain":0,"max_hp_loss":0,"event_name":"Golden Wing","floor":2,"gold_loss":0},{"damage_healed":0,"gold_gain":0,"player_choice":"Ignored","damage_taken":0,"max_hp_gain":0,"max_hp_loss":0,"event_name":"Liars Game","floor":3,"gold_loss":0},{"damage_healed":0,"gold_gain":0,"player_choice":"Ignored","damage_taken":0,"max_hp_gain":0,"max_hp_loss":0,"event_name":"Golden Idol","floor":13,"gold_loss":0}],"is_beta":false,"boss_relics":[],"items_purged_floors":[],"is_endless":false,"potions_floor_spawned":[8,10,12],"killed_by":"Slime Boss","ascension_level":20}