{"gold_per_floor":[17,17,17,33,33,61,61,92,147,182,182,195,208,9,9,105,105,120,133,48,64,78,78,0,0,0,0,19,19,32,67,67,172,172,189,202,1201,803,820,820,1150,1150],"floor_reached":42,"playtime":1630,"items_purged":["Normality"],"score":609,"play_id":"add907e2-67ab-4c2e-aa03-d56b1b5a6707","local_time":"20190216202056","is_ascension_mode":true,"campfire_choices":[{"floor":7.0,"key":"REST"},{"data":"Zap","floor":11.0,"key":"SMITH"},{"data":"Streamline","floor":15.0,"key":"SMITH"},{"floor":23.0,"key":"REST"},{"floor":25.0,"key":"REST"},{"data":"Loop","floor":29.0,"key":"SMITH"},{"floor":32.0,"key":"REST"},{"floor":40,"key":"REST"}],"neow_cost":"NO_GOLD","seed_source_timestamp":20187445545200,"circlet_count":0,"master_deck":["Strike_B","Strike_B","Strike_B","Defend_B","Defend_B","Zap+1","Dualcast","Loop+1","Cold Snap","White Noise","Streamline+1","Buffer","Echo Form","Cold Snap","Conserve Battery+1","Loop","Electrodynamics","Normality","Loop","Loop"],"special_seed":0,"relics":["Cracked Core","Bag of Marbles","Ancient Tea Set","Incense Burner","Tiny Chest","Darkstone Periapt","Membership Card","Inserter","Vajra","Emotion Chip","Bottled Tornado","Cursed Key","Sling","Art of War","Ornamental Fan","Old Coin"],"potions_floor_usage":[33,39,41,41,41],"damage_taken":[{"damage":7.0,"enemies":"Small Slimes","floor":1.0,"turns":3.0},{"damage":8.0,"enemies":"2 Louse","floor":4.0,"turns":2.0},{"damage":30.0,"enemies":"Lagavulin","floor":6.0,"turns":6.0},{"damage":1.0,"enemies":"Gremlin Nob","floor":8.0,"turns":3.0},{"damage":14.0,"enemies":"3 Sentries","floor":10.0,"turns":8.0},{"damage":5.0,"enemies":"Jaw Worm","floor":12.0,"turns":3.0},{"damage":7.0,"enemies":"Looter","floor":13.0,"turns":3.0},{"damage":4.0,"enemies":"Slime Boss","floor":16.0,"turns":8.0},{"damage":17.0,"enemies":"3 Byrds","floor":18.0,"turns":5.0},{"damage":3.0,"enemies":"Spheric Guardian","floor":19.0,"turns":5.0},{"damage":20.0,"enemies":"3 Cultists","floor":21.0,"turns":5.0},{"damage":30.0,"enemies":"Snake Plant","floor":22.0,"turns":4.0},{"damage":0.0,"enemies":"Centurion and Healer","floor":28.0,"turns":7.0},{"damage":6.0,"enemies":"Snecko","floor":30.0,"turns":4.0},{"damage":14.0,"enemies":"Gremlin Leader","floor":31.0,"turns":6.0},{"damage":14,"enemies":"Automaton","floor":33,"turns":9},{"damage":37,"enemies":"Orb Walker","floor":35,"turns":4},{"damage":0,"enemies":"3 Shapes","floor":36,"turns":4},{"damage":29,"enemies":"Transient","floor":39,"turns":5},{"damage":40,"enemies":"Giant Head","floor":41,"turns":10},{"damage":17,"enemies":"3 Darklings","floor":42,"turns":1}],"seed_played":"-6258814689092362312","potions_obtained":[{"floor":1.0,"key":"Ancient Potion"},{"floor":4.0,"key":"Block Potion"},{"floor":8.0,"key":"Regen Potion"},{"floor":16.0,"key":"Strength Potion"},{"floor":21.0,"key":"Poison Potion"},{"floor":28.0,"key":"Poison Potion"},{"floor":31.0,"key":"Energy Potion"},{"floor":33,"key":"Fire Potion"},{"floor":39,"key":"Weak Potion"}],"is_trial":false,"path_per_floor":["M","?","?","M","?","E","R","E","T","E","R","M","M","$","R","B",null,"M","M","?","M","M","R","?","R","T","$","M","R","M","E","R","B",null,"M","M","?","$","M","R","E","M"],"character_chosen":"DEFECT","items_purchased":["Membership Card","Loop","Sling","Art of War","Ornamental Fan","Swift Potion"],"campfire_rested":5,"item_purchase_floors":[14,38,38,38,38,38],"current_hp_per_floor":[68,61,58,50,50,20,42,41,41,42,42,37,30,30,30,26,75,58,55,55,35,5,27,27,49,49,49,49,49,43,29,51,37,75,38,38,50,50,21,47,7,0],"gold":1150,"neow_bonus":"REMOVE_TWO","is_prod":false,"is_daily":false,"chose_seed":false,"campfire_upgraded":3,"win_rate":0,"timestamp":1550341256,"path_taken":["M","?","?","M","?","E","R","E","T","E","R","M","M","$","R","BOSS","M","M","?","M","M","R","?","R","T","$","M","R","M","E","R","BOSS","M","M","?","$","M","R","E","M"],"build_version":"2019-01-23","purchased_purges":1,"victory":false,"max_hp_per_floor":[75,75,75,75,75,75,75,75,75,75,75,75,75,75,75,75,75,75,75,75,75,75,75,75,75,75,75,75,75,75,75,75,75,75,75,75,87,87,87,87,87,87],"card_choices":[{"not_picked":["Chaos","Conserve Battery"],"picked":"Loop","floor":1.0},{"not_picked":["Reinforced Body","Stack"],"picked":"Cold Snap","floor":4.0},{"not_picked":["Reprogram","Undo"],"picked":"White Noise","floor":6.0},{"not_picked":["Melter","Beam Cell","Coolheaded"],"picked":"SKIP","floor":8.0},{"not_picked":["Chaos","Conserve Battery"],"picked":"Streamline","floor":10.0},{"not_picked":["Aggregate","Barrage","Fusion"],"picked":"SKIP","floor":12.0},{"not_picked":["Ball Lightning","Sweeping Beam"],"picked":"Buffer","floor":13.0},{"not_picked":["Hyperbeam","Biased Cognition"],"picked":"Echo Form","floor":16.0},{"not_picked":["Genetic Algorithm","Coolheaded","Lockon"],"picked":"SKIP","floor":18.0},{"not_picked":["Compile Driver+1","Rebound","Chaos"],"picked":"SKIP","floor":19.0},{"not_picked":["Compile Driver","Steam","Rebound"],"picked":"SKIP","floor":21.0},{"not_picked":["Rebound","Steam"],"picked":"Cold Snap","floor":22.0},{"not_picked":["Sweeping Beam","Gash"],"picked":"Conserve Battery+1","floor":28.0},{"not_picked":["Conserve Battery","Sweeping Beam","Barrage"],"picked":"SKIP","floor":30.0},{"not_picked":["Barrage+1","Stack"],"picked":"Loop","floor":31.0},{"not_picked":["Buffer","Multi-Cast"],"picked":"Electrodynamics","floor":33},{"not_picked":["Redo+1","Sunder+1","Melter+1"],"picked":"SKIP","floor":35},{"not_picked":["Static Discharge+1","Leap+1","Sweeping Beam"],"picked":"SKIP","floor":36},{"not_picked":["Sweeping Beam","FTL","Compile Driver"],"picked":"SKIP","floor":39},{"not_picked":["Compile Driver","Undo"],"picked":"Loop","floor":41}],"player_experience":776651,"relics_obtained":[{"floor":6.0,"key":"Ancient Tea Set"},{"floor":8.0,"key":"Incense Burner"},{"floor":9.0,"key":"Tiny Chest"},{"floor":10.0,"key":"Darkstone Periapt"},{"floor":26.0,"key":"Emotion Chip"},{"floor":31.0,"key":"Bottled Tornado"},{"floor":41,"key":"Old Coin"}],"event_choices":[{"cards_removed":["Defend_B"],"damage_healed":0.0,"max_hp_gain":0.0,"max_hp_loss":0.0,"gold_gain":0.0,"event_name":"Golden Wing","player_choice":"Card Removal","floor":2.0,"gold_loss":0.0,"damage_taken":7.0},{"damage_healed":0.0,"max_hp_gain":0.0,"max_hp_loss":0.0,"gold_gain":0.0,"event_name":"Scrap Ooze","player_choice":"Success","floor":3.0,"gold_loss":0.0,"damage_taken":3.0,"relics_obtained":["Bag of Marbles"]},{"damage_healed":0.0,"max_hp_gain":0.0,"max_hp_loss":0.0,"gold_gain":0.0,"event_name":"Liars Game","player_choice":"Ignored","floor":5.0,"gold_loss":0.0,"damage_taken":0.0},{"damage_healed":0.0,"max_hp_gain":0.0,"max_hp_loss":0.0,"gold_gain":0.0,"event_name":"Addict","player_choice":"Obtained Relic","floor":20.0,"gold_loss":85.0,"damage_taken":0.0,"relics_obtained":["Vajra"]},{"damage_healed":0.0,"max_hp_gain":0.0,"max_hp_loss":0.0,"gold_gain":0.0,"event_name":"Masked Bandits","player_choice":"Paid Fearfully","floor":24.0,"gold_loss":78.0,"damage_taken":0.0},{"damage_healed":0,"gold_gain":999,"player_choice":"Gold","damage_taken":0,"max_hp_gain":0,"max_hp_loss":0,"event_name":"MindBloom","floor":37,"gold_loss":0,"cards_obtained":["Normality","Normality"]}],"is_beta":false,"boss_relics":[{"not_picked":["Runic Dome","Tiny House"],"picked":"Inserter"},{"not_picked":["Pandora\u0027s Box","Astrolabe"],"picked":"Cursed Key"}],"items_purged_floors":[38],"is_endless":false,"potions_floor_spawned":[1,4,8,16,21,28,31,33,39],"killed_by":"3 Darklings","ascension_level":4}