{"gold_per_floor":[112,92,106,31,306,306,318,318,318,46,46,56,85,104,104,176,176,191,203,203,230,230,230,243,20,102,102,116,131,131,147,147,220,220,239,256,275,275],"floor_reached":38,"playtime":2862,"items_purged":["Defend_R","Regret"],"score":680,"play_id":"95386d25-bb1b-4157-97eb-9eda2d92572a","local_time":"20190119050620","is_ascension_mode":true,"campfire_choices":[{"data":"Perfected Strike","floor":6,"key":"SMITH"},{"data":"Inflame","floor":8,"key":"SMITH"},{"data":"Flame Barrier","floor":11,"key":"SMITH"},{"floor":15,"key":"REST"},{"data":"Barricade","floor":23,"key":"SMITH"},{"floor":27,"key":"REST"},{"data":"Dual Wield","floor":30,"key":"SMITH"},{"floor":32,"key":"REST"}],"neow_cost":"NONE","seed_source_timestamp":19158077505292,"circlet_count":0,"master_deck":["AscendersBane","Strike_R","Strike_R","Strike_R","Strike_R","Defend_R","Bash","Perfected Strike+1","Flame Barrier+1","Inflame+1","Offering","Wild Strike","Twin Strike","Wild Strike","Barricade+1","Shrug It Off","Shockwave","Immolate","Dual Wield+1","Perfected Strike+1","Armaments+1","Reaper","Inflame+1","Twin Strike"],"relics":["Burning Blood","Bottled Lightning","Incense Burner","Runic Dome","Happy Flower","DollysMirror","Pantograph","Fusion Hammer"],"potions_floor_usage":[12],"damage_taken":[{"damage":18,"enemies":"Cultist","floor":1,"turns":6},{"damage":13,"enemies":"Small Slimes","floor":3,"turns":5},{"damage":2,"enemies":"2 Louse","floor":7,"turns":3},{"damage":6,"enemies":"Exordium Wildlife","floor":12,"turns":4},{"damage":16,"enemies":"3 Sentries","floor":13,"turns":6},{"damage":6,"enemies":"3 Louse","floor":14,"turns":2},{"damage":43,"enemies":"Hexaghost","floor":16,"turns":8},{"damage":6,"enemies":"Spheric Guardian","floor":18,"turns":3},{"damage":18,"enemies":"Shell Parasite","floor":19,"turns":3},{"damage":20,"enemies":"Snecko","floor":24,"turns":4},{"damage":21,"enemies":"Centurion and Healer","floor":28,"turns":9},{"damage":4,"enemies":"Snake Plant","floor":29,"turns":2},{"damage":0,"enemies":"Snecko","floor":31,"turns":3},{"damage":61,"enemies":"Collector","floor":33,"turns":11},{"damage":33,"enemies":"3 Darklings","floor":35,"turns":4},{"damage":15,"enemies":"3 Shapes","floor":36,"turns":2},{"damage":18,"enemies":"Spire Growth","floor":37,"turns":4},{"damage":26,"enemies":"2 Orb Walkers","floor":38,"turns":2}],"seed_played":"-720512531121628755","potions_obtained":[{"floor":1,"key":"GamblersBrew"},{"floor":2,"key":"Ancient Potion"},{"floor":14,"key":"Regen Potion"},{"floor":18,"key":"LiquidBronze"},{"floor":31,"key":"SteroidPotion"}],"is_trial":false,"path_per_floor":["M","?","M","$","?","R","M","R","T","$","R","M","E","M","R","B",null,"M","M","?","T","?","R","M","$","T","R","M","M","R","M","R","B",null,"M","M","M","?"],"character_chosen":"IRONCLAD","items_purchased":["Offering","DollysMirror"],"campfire_rested":3,"item_purchase_floors":[10,25],"current_hp_per_floor":[56,56,49,49,49,49,53,53,53,53,53,53,43,43,65,28,63,63,51,30,30,30,30,16,16,16,40,25,27,27,33,57,25,66,39,30,18,0],"gold":275,"neow_bonus":"REMOVE_CARD","is_prod":false,"is_daily":false,"chose_seed":false,"campfire_upgraded":5,"win_rate":0,"timestamp":1547867180,"path_taken":["M","?","?","$","?","R","M","R","T","$","R","M","E","M","R","BOSS","M","?","?","?","?","R","M","$","T","R","M","M","R","M","R","BOSS","M","M","M","?"],"build_version":"2019-01-17v2","purchased_purges":2,"victory":false,"max_hp_per_floor":[75,75,75,75,75,75,75,75,75,75,75,75,75,75,75,75,75,75,75,80,80,80,80,80,80,80,80,80,80,80,80,80,80,80,80,80,80,80],"card_choices":[{"not_picked":["Whirlwind","Rage"],"picked":"Perfected Strike","floor":1},{"not_picked":["Iron Wave","Clothesline"],"picked":"Flame Barrier","floor":3},{"not_picked":["Dropkick","Hemokinesis"],"picked":"Inflame","floor":7},{"not_picked":["Clothesline","Warcry"],"picked":"Wild Strike","floor":12},{"not_picked":["Double Tap","Iron Wave"],"picked":"Twin Strike","floor":13},{"not_picked":["Inflame","Blood for Blood"],"picked":"Wild Strike","floor":14},{"not_picked":["Fiend Fire","Brutality"],"picked":"Barricade","floor":16},{"not_picked":["Hemokinesis","Thunderclap"],"picked":"Shrug It Off","floor":18},{"not_picked":["Flex","Shrug It Off"],"picked":"Shockwave","floor":19},{"not_picked":["Body Slam+1","Armaments","Burning Pact"],"picked":"SKIP","floor":24},{"not_picked":["Dropkick","Sentinel","Anger"],"picked":"SKIP","floor":28},{"not_picked":["Heavy Blade","Body Slam"],"picked":"Armaments+1","floor":29},{"not_picked":["Corruption","Flex","Hemokinesis"],"picked":"SKIP","floor":31},{"not_picked":["Immolate","Limit Break"],"picked":"Reaper","floor":33},{"not_picked":["Clothesline+1","Anger","Clash"],"picked":"SKIP","floor":35},{"not_picked":["Fire Breathing","Second Wind"],"picked":"Inflame+1","floor":36},{"not_picked":["Dual Wield+1","Heavy Blade"],"picked":"Twin Strike","floor":37}],"player_experience":887203,"relics_obtained":[{"floor":9,"key":"Bottled Lightning"},{"floor":13,"key":"Incense Burner"},{"floor":21,"key":"Happy Flower"},{"floor":26,"key":"Pantograph"}],"event_choices":[{"damage_healed":0,"gold_gain":0,"player_choice":"Bought 1 Potion","damage_taken":0,"max_hp_gain":0,"max_hp_loss":0,"event_name":"The Woman in Blue","floor":2,"gold_loss":0},{"damage_healed":0,"gold_gain":275,"player_choice":"Desecrate","damage_taken":0,"max_hp_gain":0,"max_hp_loss":0,"event_name":"Golden Shrine","floor":5,"gold_loss":0,"cards_obtained":["Regret"]},{"damage_healed":0,"gold_gain":0,"player_choice":"Shed Blood","damage_taken":26,"max_hp_gain":5,"max_hp_loss":0,"event_name":"Forgotten Altar","floor":20,"gold_loss":0},{"damage_healed":0,"gold_gain":0,"cards_transformed":["Defend_R","Defend_R"],"player_choice":"Became Test Subject","damage_taken":0,"max_hp_gain":0,"max_hp_loss":0,"event_name":"Drug Dealer","floor":22,"gold_loss":0,"cards_obtained":["Immolate","Dual Wield"]},{"damage_healed":0,"gold_gain":0,"player_choice":"Fight","damage_taken":0,"max_hp_gain":0,"max_hp_loss":0,"event_name":"Mysterious Sphere","floor":38,"gold_loss":0}],"is_beta":false,"boss_relics":[{"not_picked":["Tiny House","Black Star"],"picked":"Runic Dome"},{"not_picked":["Coffee Dripper","Empty Cage"],"picked":"Fusion Hammer"}],"items_purged_floors":[4,10],"is_endless":false,"potions_floor_spawned":[1,14,16,18,24,29,31,36],"killed_by":"2 Orb Walkers","ascension_level":16}