{"gold_per_floor":[114,38,49,60,80,107,107,164,188,188,113,145,145,30,30,132,132,152,152],"floor_reached":19,"playtime":1504,"items_purged":["Strike_B"],"score":222,"play_id":"f7262380-9bb7-4ba4-ac4a-a593e3f61481","local_time":"20180914083655","is_ascension_mode":true,"campfire_choices":[{"floor":7.0,"key":"REST"},{"data":"Zap","floor":13.0,"key":"SMITH"},{"floor":15.0,"key":"REST"}],"neow_cost":"NONE","seed_source_timestamp":28548304008019,"circlet_count":0,"master_deck":["Strike_B","Defend_B","Defend_B","Defend_B+1","Zap+1","Dualcast+1","Loop","Self Repair","Sweeping Beam","Leap","Buffer","Machine Learning","Genetic Algorithm","Capacitor","Lockon","Biased Cognition","Machine Learning+1","Hologram+1","Stack+1","Genetic Algorithm"],"special_seed":0,"relics":["Cracked Core","Lantern","Tiny Chest","War Paint","FaceOfCleric","Omamori","Astrolabe"],"potions_floor_usage":[],"damage_taken":[{"damage":15.0,"enemies":"Small Slimes","floor":1.0,"turns":4.0},{"damage":1.0,"enemies":"Cultist","floor":3.0,"turns":4.0},{"damage":9.0,"enemies":"2 Louse","floor":4.0,"turns":2.0},{"damage":4.0,"enemies":"Lots of Slimes","floor":5.0,"turns":2.0},{"damage":44.0,"enemies":"Gremlin Nob","floor":6.0,"turns":5.0},{"damage":11.0,"enemies":"Lagavulin","floor":8.0,"turns":6.0},{"damage":13.0,"enemies":"3 Sentries","floor":12.0,"turns":4.0},{"damage":38.0,"enemies":"The Guardian","floor":16.0,"turns":11.0},{"damage":41.0,"enemies":"Shell Parasite","floor":18.0,"turns":9.0},{"damage":55,"enemies":"3 Byrds","floor":19,"turns":4}],"seed_played":"-5068676497730798470","potions_obtained":[{"floor":1.0,"key":"Explosive Potion"},{"floor":6.0,"key":"Explosive Potion"}],"is_trial":false,"path_per_floor":["M","$","M","M","M","E","R","E","T","?","$","E","R","$","R","B",null,"M"],"character_chosen":"DEFECT","items_purchased":["Self Repair","Capacitor","Lockon"],"campfire_rested":2,"item_purchase_floors":[2,14,14],"current_hp_per_floor":[67,67,73,71,74,37,61,57,57,57,57,45,45,45,69,39,84,51,0],"gold":152,"neow_bonus":"TEN_PERCENT_HP_BONUS","is_prod":false,"is_daily":false,"chose_seed":false,"campfire_upgraded":1,"win_rate":0,"timestamp":1536939415,"path_taken":["M","$","M","M","M","E","R","E","T","?","?","E","R","$","R","BOSS","M","M"],"build_version":"2018-09-06","purchased_purges":1,"victory":false,"max_hp_per_floor":[82,82,82,82,82,82,82,82,82,82,82,83,83,83,83,84,84,85,85],"card_choices":[{"not_picked":["Hologram","Coolheaded"],"picked":"Loop","floor":1.0},{"not_picked":["Redo","Turbo"],"picked":"Sweeping Beam","floor":3.0},{"not_picked":["Stack","Recycle","Blizzard"],"picked":"SKIP","floor":4.0},{"not_picked":["Beam Cell","Coolheaded"],"picked":"Leap","floor":5.0},{"not_picked":["Aggregate","Conserve Battery"],"picked":"Buffer","floor":6.0},{"not_picked":["Auto Shields","Go for the Eyes"],"picked":"Machine Learning","floor":8.0},{"not_picked":["Darkness","Chill"],"picked":"Genetic Algorithm","floor":12.0},{"not_picked":["Rainbow","All For One"],"picked":"Biased Cognition","floor":16.0},{"not_picked":["Streamline","Gash"],"picked":"Genetic Algorithm","floor":18.0}],"player_experience":383163,"relics_obtained":[{"floor":6.0,"key":"Lantern"},{"floor":8.0,"key":"Tiny Chest"},{"floor":9.0,"key":"War Paint"},{"floor":12.0,"key":"Omamori"}],"event_choices":[{"event_name":"FaceTrader","player_choice":"Trade","floor":10.0,"damage_taken":0.0}],"is_beta":false,"boss_relics":[{"not_picked":["White Beast Statue","Empty Cage"],"picked":"Astrolabe"}],"items_purged_floors":[11],"is_endless":false,"potions_floor_spawned":[1,6],"killed_by":"3 Byrds","ascension_level":4}