{"gold_per_floor":[114,114,39,49,60,60,60,74,74,74,74,98,98,133,133,222,222,236,236,236,236,236,267,50,94,94,137,155,171,195,19,19,19],"floor_reached":33,"playtime":677,"items_purged":["Defend_R"],"score":681,"play_id":"97763727-b038-4578-9efc-41b3585edd39","local_time":"20180829063542","is_ascension_mode":true,"campfire_choices":[{"data":"Pommel Strike","floor":6,"key":"SMITH"},{"data":"Shrug It Off","floor":11,"key":"SMITH"},{"data":"Shockwave","floor":15,"key":"SMITH"},{"data":"Mayhem","floor":32,"key":"SMITH"}],"neow_cost":"NONE","seed_source_timestamp":1020875225618820,"circlet_count":0,"master_deck":["Strike_R+1","Strike_R+1","Strike_R+1","Strike_R+1","Strike_R+1","Defend_R+1","Bash","AscendersBane","Perfected Strike+1","Pommel Strike+1","Shockwave+1","Clash","Shrug It Off+1","Blood for Blood+1","Immolate+1","Perfected Strike+1","Ghostly","Ghostly","Ghostly","Ghostly","Ghostly","Inflame","Clash+1","Body Slam+1","Headbutt+1","Sword Boomerang+1","Clash+1","Mayhem+1"],"relics":["Burning Blood","Smiling Mask","Golden Idol","Molten Egg 2","Sozu","Ornamental Fan","Happy Flower","Mummified Hand","The Courier","Orichalcum"],"potions_floor_usage":[14,18,33],"damage_taken":[{"damage":9,"enemies":"Jaw Worm","floor":1,"turns":4},{"damage":1,"enemies":"Cultist","floor":4,"turns":3},{"damage":7,"enemies":"Small Slimes","floor":5,"turns":3},{"damage":6,"enemies":"2 Fungi Beasts","floor":8,"turns":2},{"damage":5,"enemies":"3 Louse","floor":12,"turns":3},{"damage":0,"enemies":"Gremlin Nob","floor":14,"turns":2},{"damage":25,"enemies":"Hexaghost","floor":16,"turns":6},{"damage":16,"enemies":"Shell Parasite","floor":18,"turns":2},{"damage":7,"enemies":"Slavers","floor":23,"turns":5},{"damage":4,"enemies":"Gremlin Leader","floor":25,"turns":4},{"damage":3,"enemies":"Slavers","floor":27,"turns":3},{"damage":0,"enemies":"2 Thieves","floor":28,"turns":4},{"damage":0,"enemies":"Centurion and Healer","floor":29,"turns":4},{"damage":0,"enemies":"3 Cultists","floor":30,"turns":3},{"damage":48,"enemies":"Champ","floor":33,"turns":7}],"seed_played":"-231396622987523659","potions_obtained":[{"floor":4,"key":"FearPotion"},{"floor":8,"key":"SteroidPotion"},{"floor":14,"key":"SteroidPotion"}],"is_trial":false,"path_per_floor":["M","?","$","M","M","R","?","M","T","?","R","M","?","E","R","B",null,"M","?","?","?","?","E","$","E","T","E","M","M","M","$","R"],"character_chosen":"IRONCLAD","items_purchased":["Happy Flower","Clash+1","Mayhem"],"campfire_rested":0,"item_purchase_floors":[24,24,31],"current_hp_per_floor":[65,65,65,70,69,69,62,62,62,36,36,37,37,43,43,24,62,52,52,52,52,37,36,36,37,37,37,37,37,37,37,37,0],"gold":19,"neow_bonus":"TRANSFORM_CARD","is_prod":false,"is_daily":false,"chose_seed":false,"campfire_upgraded":4,"win_rate":0,"timestamp":1535492142,"path_taken":["M","?","$","M","M","R","?","?","T","?","R","M","?","E","R","BOSS","M","?","?","?","?","E","?","E","T","E","?","?","M","$","R","BOSS"],"build_version":"2018-08-23v2","purchased_purges":1,"victory":false,"max_hp_per_floor":[75,75,75,75,75,75,75,75,75,75,75,75,75,75,75,75,75,75,75,75,75,37,37,37,37,37,37,37,37,37,37,37,37],"card_choices":[{"not_picked":["Clothesline","Flex"],"picked":"Pommel Strike","floor":1},{"not_picked":["Seeing Red","Thunderclap"],"picked":"Shockwave","floor":4},{"not_picked":["Carnage","Feel No Pain"],"picked":"Clash","floor":5},{"not_picked":["Flex","Headbutt"],"picked":"Shrug It Off","floor":8},{"not_picked":["Sever Soul","Cleave","Sentinel"],"picked":"SKIP","floor":12},{"not_picked":["Armaments","Double Tap"],"picked":"Blood for Blood","floor":14},{"not_picked":["Offering","Demon Form"],"picked":"Immolate+1","floor":16},{"not_picked":["True Grit","Armaments"],"picked":"Perfected Strike+1","floor":18},{"not_picked":["Infernal Blade","Armaments"],"picked":"Inflame","floor":23},{"not_picked":["Shockwave","Cleave+1"],"picked":"Body Slam+1","floor":25},{"not_picked":["Sentinel","Burning Pact"],"picked":"Headbutt+1","floor":27},{"not_picked":["Shrug It Off","Armaments"],"picked":"Sword Boomerang+1","floor":28},{"not_picked":["Fiend Fire+1","Searing Blow+1","Disarm"],"picked":"SKIP","floor":29},{"not_picked":["Rage","Thunderclap+1"],"picked":"Clash+1","floor":30}],"player_experience":535685,"relics_obtained":[{"floor":9,"key":"Smiling Mask"},{"floor":14,"key":"Molten Egg 2"},{"floor":23,"key":"Ornamental Fan"},{"floor":25,"key":"Mummified Hand"},{"floor":26,"key":"The Courier"},{"floor":27,"key":"Orichalcum"}],"event_choices":[{"event_name":"Accursed Blacksmith","player_choice":"Forge","floor":2,"damage_taken":0},{"event_name":"Golden Wing","player_choice":"Card Removal","floor":7,"damage_taken":0},{"event_name":"Golden Idol","player_choice":"Take Damage","floor":10,"damage_taken":0},{"event_name":"Shining Light","player_choice":"Ignored","floor":13,"damage_taken":0},{"event_name":"The Mausoleum","player_choice":"No","floor":19,"damage_taken":0},{"event_name":"Back to Basics","player_choice":"Simplicity","floor":20,"damage_taken":0},{"event_name":"Vampires","player_choice":"Ignored","floor":21,"damage_taken":0},{"event_name":"Ghosts","player_choice":"Became a Ghost","floor":22,"damage_taken":0}],"is_beta":false,"boss_relics":[{"not_picked":["Mark of Pain","Ectoplasm"],"picked":"Sozu"}],"items_purged_floors":[3],"is_endless":false,"potions_floor_spawned":[4,8,14,16,25,28,29],"killed_by":"Champ","ascension_level":20}