{"gold_per_floor":[116,76,86,11,11,38,38,38,38,38,54,79,79,93,93,167,167,178,178,194,205,21,21,21,21,45,45,61,61,61,80,80,80],"floor_reached":33,"playtime":574,"items_purged":["Defend_R","Defend_R"],"score":581,"play_id":"3667f4ae-b9a6-420f-a3b4-505b7b6d3567","local_time":"20181222150959","is_ascension_mode":true,"campfire_choices":[{"data":"Perfected Strike","floor":8,"key":"SMITH"},{"data":"Inflame","floor":13,"key":"SMITH"},{"data":"Bash","floor":15,"key":"SMITH"},{"data":"Whirlwind","floor":23,"key":"SMITH"},{"floor":32,"key":"REST"}],"neow_cost":"NONE","seed_source_timestamp":2529048499876,"circlet_count":0,"master_deck":["AscendersBane","Strike_R","Strike_R","Strike_R","Strike_R+1","Strike_R","Defend_R","Bash+1","Perfected Strike+1","Rage","Inflame+1","Offering","Feed+1","True Grit","Whirlwind+1","J.A.X.","Perfected Strike"],"relics":["Burning Blood","NeowsBlessing","Singing Bowl","Kunai","Self Forming Clay","Busted Crown","Whetstone"],"potions_floor_usage":[12,16,21,21,33],"damage_taken":[{"damage":0,"enemies":"2 Louse","floor":1,"turns":1},{"damage":0,"enemies":"Cultist","floor":3,"turns":1},{"damage":0,"enemies":"3 Sentries","floor":6,"turns":2},{"damage":4,"enemies":"Small Slimes","floor":11,"turns":3},{"damage":32,"enemies":"Gremlin Nob","floor":12,"turns":4},{"damage":6,"enemies":"Exordium Wildlife","floor":14,"turns":3},{"damage":42,"enemies":"Hexaghost","floor":16,"turns":8},{"damage":14,"enemies":"Spheric Guardian","floor":18,"turns":3},{"damage":17,"enemies":"2 Thieves","floor":20,"turns":4},{"damage":10,"enemies":"Snake Plant","floor":21,"turns":3},{"damage":3,"enemies":"3 Cultists","floor":28,"turns":3},{"damage":28,"enemies":"Chosen and Byrds","floor":31,"turns":5},{"damage":52,"enemies":"Champ","floor":33,"turns":5}],"seed_played":"4259573702035310142","potions_obtained":[{"floor":2,"key":"Dexterity Potion"},{"floor":2,"key":"Fire Potion"},{"floor":3,"key":"LiquidBronze"},{"floor":12,"key":"GamblersBrew"},{"floor":14,"key":"Dexterity Potion"},{"floor":18,"key":"EssenceOfSteel"},{"floor":31,"key":"GamblersBrew"}],"is_trial":false,"path_per_floor":["M","?","M","$","T","E","$","R","T","?","M","E","R","M","R","B",null,"M","?","M","M","$","R","?","$","T","?","M","?","$","M","R","B"],"character_chosen":"IRONCLAD","items_purchased":["Whirlwind"],"campfire_rested":1,"item_purchase_floors":[22],"current_hp_per_floor":[74,74,75,75,75,77,77,77,77,77,79,53,53,53,53,17,64,59,35,26,24,24,24,24,24,24,24,33,33,33,15,45,0],"gold":80,"neow_bonus":"THREE_ENEMY_KILL","is_prod":false,"is_daily":false,"chose_seed":false,"campfire_upgraded":4,"win_rate":0,"timestamp":1545458999,"path_taken":["M","?","?","$","?","E","$","R","T","?","M","E","R","M","R","BOSS","M","?","M","M","$","R","?","?","T","?","M","?","?","M","R","BOSS"],"build_version":"2018-12-20","purchased_purges":2,"victory":false,"max_hp_per_floor":[75,75,75,75,75,77,77,77,77,77,79,79,79,79,79,79,79,82,87,89,91,91,91,91,91,91,91,97,97,97,101,101,101],"card_choices":[{"not_picked":["Intimidate","Bloodletting"],"picked":"Perfected Strike","floor":1},{"not_picked":["Second Wind","Seeing Red"],"picked":"Rage","floor":3},{"not_picked":["Burning Pact","Havoc","Sever Soul"],"picked":"Singing Bowl","floor":6},{"not_picked":["Iron Wave","Sentinel","Clothesline"],"picked":"Singing Bowl","floor":11},{"not_picked":["Rage","Cleave"],"picked":"Inflame","floor":12},{"not_picked":["Shockwave","Combust"],"picked":"Offering","floor":14},{"not_picked":["Juggernaut","Exhume"],"picked":"Feed","floor":16},{"not_picked":[],"picked":"True Grit","floor":18},{"not_picked":["Thunderclap"],"picked":"Singing Bowl","floor":20},{"not_picked":["Fire Breathing"],"picked":"Singing Bowl","floor":21},{"not_picked":["Body Slam"],"picked":"Singing Bowl","floor":28},{"not_picked":[],"picked":"Perfected Strike","floor":31}],"player_experience":825312,"relics_obtained":[{"floor":6,"key":"Singing Bowl"},{"floor":9,"key":"Kunai"},{"floor":12,"key":"Self Forming Clay"},{"floor":26,"key":"Whetstone"}],"event_choices":[{"damage_healed":0,"gold_gain":0,"player_choice":"Bought 3 Potions","damage_taken":0,"max_hp_gain":0,"max_hp_loss":0,"event_name":"The Woman in Blue","floor":2,"gold_loss":0},{"cards_removed":["Defend_R"],"damage_healed":0,"gold_gain":0,"player_choice":"Purged","damage_taken":0,"max_hp_gain":0,"max_hp_loss":0,"event_name":"Purifier","floor":10,"gold_loss":0},{"damage_healed":0,"gold_gain":0,"player_choice":"Shed Blood","damage_taken":29,"max_hp_gain":5,"max_hp_loss":0,"event_name":"Forgotten Altar","floor":19,"gold_loss":0},{"damage_healed":0,"gold_gain":0,"player_choice":"Ignored","damage_taken":0,"max_hp_gain":0,"max_hp_loss":0,"event_name":"Cursed Tome","floor":24,"gold_loss":0},{"damage_healed":0,"gold_gain":0,"player_choice":"Obtain J.A.X.","damage_taken":0,"max_hp_gain":0,"max_hp_loss":0,"event_name":"Drug Dealer","floor":27,"gold_loss":0,"cards_obtained":["J.A.X."]},{"damage_healed":0,"gold_gain":0,"player_choice":"Ignored","damage_taken":0,"max_hp_gain":0,"max_hp_loss":0,"event_name":"Vampires","floor":29,"gold_loss":0}],"is_beta":false,"boss_relics":[{"not_picked":["Ectoplasm","Lizard Tail"],"picked":"Busted Crown"}],"items_purged_floors":[4,22],"is_endless":false,"potions_floor_spawned":[3,12,14,18,20,31],"killed_by":"Champ","ascension_level":20}