{"gold_per_floor":[116,116,291,63,81,112,112,112,112,37,37,71,84,117,117,212,212,228,242,242,255,284,284,264,264,316,332,350,366,160,160,160,258,258,276,276,288,303,107,134,152,152,152,152,163,173,202,214,214,214],"floor_reached":51,"playtime":3885,"items_purged":["Doubt","Strike_R","Defend_R"],"score":1048,"play_id":"20f4c95a-93f1-4efe-ab1e-a27558f02a74","local_time":"20190207232441","is_ascension_mode":true,"campfire_choices":[{"data":"Uppercut","floor":8.0,"key":"SMITH"},{"floor":11.0,"key":"REST"},{"data":"True Grit","floor":15.0,"key":"SMITH"},{"data":"Shockwave","floor":23.0,"key":"SMITH"},{"data":"Double Tap","floor":25.0,"key":"SMITH"},{"floor":32.0,"key":"REST"},{"floor":42,"key":"REST"},{"floor":44,"key":"REST"},{"floor":49,"key":"REST"}],"neow_cost":"NONE","seed_source_timestamp":0,"circlet_count":0,"master_deck":["Strike_R","Strike_R","Strike_R","Strike_R","Defend_R+1","Defend_R","Defend_R","Bash","Shrug It Off+1","Iron Wave","Uppercut+1","Immolate","Shrug It Off","True Grit+1","Shrug It Off","Feed","Feed","Double Tap+1","Cleave+1","Armaments+1","Shockwave+1","Headbutt","Regret","Flame Barrier","Warcry+1","Feel No Pain","Disarm","Clothesline+1","Limit Break","Flash of Steel","Mind Blast","Shrug It Off+1","Writhe","Carnage+1","Reaper","Inflame+1","Corruption"],"special_seed":0,"relics":["Burning Blood","Kunai","Blood Vial","Smiling Mask","Red Skull","Regal Pillow","Dream Catcher","Cursed Key","Red Mask","War Paint","Fusion Hammer","Bag of Preparation","Centennial Puzzle","Toxic Egg 2","Bottled Flame"],"potions_floor_usage":[45,47,50,50,50,50,50],"damage_taken":[{"damage":12.0,"enemies":"2 Louse","floor":1.0,"turns":4.0},{"damage":6.0,"enemies":"Jaw Worm","floor":5.0,"turns":5.0},{"damage":37.0,"enemies":"Gremlin Nob","floor":6.0,"turns":6.0},{"damage":7.0,"enemies":"3 Sentries","floor":12.0,"turns":5.0},{"damage":0.0,"enemies":"Small Slimes","floor":13.0,"turns":3.0},{"damage":27.0,"enemies":"Lagavulin","floor":14.0,"turns":7.0},{"damage":43.0,"enemies":"The Guardian","floor":16.0,"turns":15.0},{"damage":2.0,"enemies":"Shell Parasite","floor":18.0,"turns":6.0},{"damage":3.0,"enemies":"Chosen","floor":19.0,"turns":4.0},{"damage":27.0,"enemies":"Shelled Parasite and Fungi","floor":21.0,"turns":5.0},{"damage":8.0,"enemies":"Masked Bandits","floor":22.0,"turns":2.0},{"damage":30.0,"enemies":"Snecko","floor":27.0,"turns":6.0},{"damage":0.0,"enemies":"Centurion and Healer","floor":28.0,"turns":7.0},{"damage":6.0,"enemies":"3 Cultists","floor":29.0,"turns":5.0},{"damage":65.0,"enemies":"Collector","floor":33.0,"turns":10.0},{"damage":33.0,"enemies":"3 Darklings","floor":35.0,"turns":9.0},{"damage":15.0,"enemies":"3 Shapes","floor":37.0,"turns":6.0},{"damage":11.0,"enemies":"Jaw Worm Horde","floor":38.0,"turns":4.0},{"damage":32,"enemies":"Nemesis","floor":40,"turns":7},{"damage":21,"enemies":"Spire Growth","floor":41,"turns":4},{"damage":2,"enemies":"3 Darklings","floor":45,"turns":3},{"damage":11,"enemies":"Maw","floor":46,"turns":8},{"damage":45,"enemies":"Reptomancer","floor":47,"turns":9},{"damage":9,"enemies":"Jaw Worm Horde","floor":48,"turns":5},{"damage":79,"enemies":"Time Eater","floor":50,"turns":9}],"seed_played":"2633629504892362125","potions_obtained":[{"floor":5.0,"key":"Block Potion"},{"floor":13.0,"key":"SmokeBomb"},{"floor":14.0,"key":"Energy Potion"},{"floor":16.0,"key":"Poison Potion"},{"floor":18.0,"key":"Fire Potion"},{"floor":22.0,"key":"GamblersBrew"},{"floor":24.0,"key":"SteroidPotion"},{"floor":33.0,"key":"LiquidBronze"},{"floor":41,"key":"EntropicBrew"},{"floor":45,"key":"Energy Potion"},{"floor":48,"key":"Poison Potion"}],"is_trial":false,"path_per_floor":["M","?","?","$","M","E","?","R","T","$","R","E","M","E","R","B",null,"M","M","?","M","?","R","?","R","T","M","M","M","$","?","R","B",null,"M","?","M","M","$","E","M","R","T","R","M","M","E","M","R","B",null],"character_chosen":"IRONCLAD","items_purchased":["Blood Vial","Shrug It Off","True Grit","Feel No Pain","Disarm","Bag of Preparation"],"campfire_rested":5,"item_purchase_floors":[4,10,10,30,30,39],"current_hp_per_floor":[74,67,67,67,69,40,40,40,40,40,66,67,75,56,56,24,74,80,85,85,69,69,69,69,69,69,47,61,69,69,69,106,47,91,70,60,56,56,56,32,22,72,72,119,119,114,77,82,125,70],"gold":214,"neow_bonus":"TEN_PERCENT_HP_BONUS","is_prod":false,"is_daily":false,"chose_seed":false,"campfire_upgraded":4,"win_rate":0,"timestamp":1549610681,"path_taken":["M","?","?","$","M","E","?","R","T","$","R","E","M","E","R","BOSS","M","M","?","M","?","R","?","R","T","?","M","M","?","?","R","BOSS","M","?","M","M","?","E","M","R","T","R","M","?","E","M","R","BOSS"],"build_version":"2019-01-23","purchased_purges":3,"victory":true,"max_hp_per_floor":[88,88,88,88,88,88,88,88,88,88,88,88,88,88,88,91,91,91,91,91,94,94,94,94,94,94,94,100,106,106,106,106,106,106,110,110,113,116,116,116,119,119,119,119,119,119,119,125,125,128],"card_choices":[{"not_picked":["Cleave","Anger"],"picked":"Shrug It Off","floor":1.0},{"not_picked":["Anger","Rampage"],"picked":"Iron Wave","floor":5.0},{"not_picked":["Dual Wield","Headbutt"],"picked":"Uppercut","floor":6.0},{"not_picked":["Body Slam","Anger"],"picked":"Shrug It Off","floor":12.0},{"not_picked":["Sever Soul","Perfected Strike"],"picked":"Feed","floor":13.0},{"not_picked":["Reckless Charge","Anger"],"picked":"Feed","floor":14.0},{"not_picked":["Feed","Barricade"],"picked":"Double Tap","floor":16.0},{"not_picked":["Clash+1","Perfected Strike"],"picked":"Cleave+1","floor":18.0},{"not_picked":["Rampage","Wild Strike"],"picked":"Armaments","floor":19.0},{"not_picked":["Dual Wield","Iron Wave","Entrench"],"picked":"SKIP","floor":21.0},{"not_picked":["Pommel Strike","Fire Breathing"],"picked":"Headbutt","floor":22.0},{"not_picked":["Berserk","Havoc","Shockwave+1"],"picked":"SKIP","floor":27.0},{"not_picked":["Clash","Perfected Strike+1"],"picked":"Flame Barrier","floor":28.0},{"not_picked":["Entrench","Infernal Blade"],"picked":"Warcry+1","floor":29.0},{"not_picked":["Metallicize","Hemokinesis"],"picked":"Clothesline+1","floor":32.0},{"not_picked":["Fiend Fire","Berserk"],"picked":"Limit Break","floor":33.0},{"not_picked":["Clothesline","Dual Wield+1","Sword Boomerang+1"],"picked":"SKIP","floor":35.0},{"not_picked":["Enlightenment","Panache"],"picked":"Flash of Steel","floor":36.0},{"not_picked":["PanicButton","Violence"],"picked":"Mind Blast","floor":36.0},{"not_picked":["Headbutt+1","Thunderclap+1","Flex+1"],"picked":"SKIP","floor":37.0},{"not_picked":["Burning Pact+1","Feel No Pain+1","Entrench+1"],"picked":"SKIP","floor":38.0},{"not_picked":["Combust","Feel No Pain","Bloodletting"],"picked":"SKIP","floor":40},{"not_picked":["Armaments","Warcry","Burning Pact+1"],"picked":"SKIP","floor":41},{"not_picked":["Reckless Charge+1","Anger"],"picked":"Shrug It Off+1","floor":42},{"not_picked":["Sever Soul+1","Thunderclap"],"picked":"Carnage+1","floor":44},{"not_picked":["Pommel Strike","Flex+1","Armaments+1"],"picked":"SKIP","floor":45},{"not_picked":["Clash+1","True Grit+1"],"picked":"Reaper","floor":46},{"not_picked":["Flame Barrier+1","Entrench+1","Cleave+1"],"picked":"SKIP","floor":47},{"not_picked":["Armaments+1","Infernal Blade+1"],"picked":"Inflame+1","floor":48},{"not_picked":["Wild Strike","Warcry+1"],"picked":"Corruption","floor":49}],"player_experience":946236,"relics_obtained":[{"floor":6.0,"key":"Smiling Mask"},{"floor":9.0,"key":"Red Skull"},{"floor":12.0,"key":"Regal Pillow"},{"floor":14.0,"key":"Dream Catcher"},{"floor":22.0,"key":"Red Mask"},{"floor":26.0,"key":"War Paint"},{"floor":40,"key":"Centennial Puzzle"},{"floor":43,"key":"Toxic Egg 2"},{"floor":47,"key":"Bottled Flame"}],"event_choices":[{"damage_healed":0.0,"max_hp_gain":0.0,"max_hp_loss":0.0,"gold_gain":0.0,"event_name":"Scrap Ooze","player_choice":"Success","floor":2.0,"gold_loss":0.0,"damage_taken":7.0,"relics_obtained":["Kunai"]},{"damage_healed":0.0,"max_hp_gain":0.0,"max_hp_loss":0.0,"gold_gain":175.0,"event_name":"Liars Game","player_choice":"AGREE","floor":3.0,"gold_loss":0.0,"damage_taken":0.0,"cards_obtained":["Doubt"]},{"damage_healed":0.0,"max_hp_gain":0.0,"max_hp_loss":0.0,"gold_gain":0.0,"event_name":"Match and Keep!","player_choice":"1 cards matched","floor":7.0,"gold_loss":0.0,"damage_taken":0.0,"cards_obtained":["Immolate"]},{"damage_healed":0.0,"max_hp_gain":0.0,"max_hp_loss":0.0,"gold_gain":0.0,"event_name":"The Library","player_choice":"Read","floor":20.0,"gold_loss":0.0,"damage_taken":0.0,"cards_obtained":["Shockwave"]},{"damage_healed":0.0,"max_hp_gain":0.0,"max_hp_loss":0.0,"gold_gain":0.0,"event_name":"Masked Bandits","player_choice":"Fought Bandits","floor":22.0,"gold_loss":0.0,"damage_taken":0.0},{"damage_healed":0.0,"max_hp_gain":0.0,"max_hp_loss":0.0,"gold_gain":0.0,"event_name":"The Woman in Blue","player_choice":"Bought 1 Potion","floor":24.0,"gold_loss":0.0,"damage_taken":0.0},{"damage_healed":0.0,"max_hp_gain":0.0,"max_hp_loss":0.0,"gold_gain":0.0,"event_name":"Upgrade Shrine","player_choice":"Upgraded","floor":31.0,"gold_loss":0.0,"damage_taken":0.0,"cards_upgraded":["Armaments"]},{"damage_healed":0.0,"max_hp_gain":0.0,"max_hp_loss":0.0,"gold_gain":0.0,"event_name":"SensoryStone","player_choice":"Memory 3","floor":36.0,"gold_loss":0.0,"damage_taken":10.0}],"is_beta":false,"boss_relics":[{"not_picked":["Eternal Feather","Runic Pyramid"],"picked":"Cursed Key"},{"not_picked":["Black Blood","Philosopher\u0027s Stone"],"picked":"Fusion Hammer"}],"items_purged_floors":[4,30,39],"is_endless":false,"potions_floor_spawned":[5,13,14,16,18,22,33,37,41,45,48],"ascension_level":8}