{"gold_per_floor":[114,264,264,281,281,281,306,306,333,364,375,389,389,415,415,415],"floor_reached":16,"playtime":379,"items_purged":[],"score":240,"play_id":"97c3cc3a-b167-4fbf-88c5-720824e1f58b","local_time":"20181215192312","is_ascension_mode":true,"campfire_choices":[{"data":"Zap","floor":6,"key":"SMITH"},{"data":"Loop","floor":8,"key":"SMITH"},{"data":"Hologram","floor":15,"key":"SMITH"}],"neow_cost":"NONE","seed_source_timestamp":177256947938492,"circlet_count":0,"master_deck":["AscendersBane","Strike_B","Strike_B","Strike_B","Strike_B","Defend_B","Defend_B","Defend_B","Defend_B","Zap+1","Dualcast","Ball Lightning","Doubt","Cold Snap","Leap","Loop+1","Rainbow","Leap","Hologram+1"],"relics":["Cracked Core","DataDisk","Bronze Scales","Lantern","Boot","Sundial"],"potions_floor_usage":[7,10,13],"damage_taken":[{"damage":9,"enemies":"Jaw Worm","floor":1,"turns":4},{"damage":2,"enemies":"2 Louse","floor":4,"turns":3},{"damage":15,"enemies":"3 Sentries","floor":7,"turns":8},{"damage":3,"enemies":"Lagavulin","floor":10,"turns":6},{"damage":3,"enemies":"Cultist","floor":11,"turns":3},{"damage":0,"enemies":"2 Fungi Beasts","floor":12,"turns":2},{"damage":0,"enemies":"Exordium Thugs","floor":13,"turns":1},{"damage":30,"enemies":"Gremlin Nob","floor":14,"turns":4},{"damage":8,"enemies":"Hexaghost","floor":16,"turns":7}],"seed_played":"2269567178873296989","potions_obtained":[{"floor":4,"key":"Dexterity Potion"},{"floor":7,"key":"Block Potion"},{"floor":11,"key":"SmokeBomb"},{"floor":14,"key":"Swift Potion"}],"is_trial":false,"path_per_floor":["M","?","?","M","?","R","E","R","T","E","M","M","M","E","R","B"],"character_chosen":"DEFECT","items_purchased":[],"campfire_rested":0,"item_purchase_floors":[],"current_hp_per_floor":[55,55,55,53,53,53,38,38,38,35,32,32,32,2,2,0],"gold":415,"neow_bonus":"RANDOM_COMMON_RELIC","is_prod":false,"is_daily":false,"chose_seed":false,"campfire_upgraded":3,"win_rate":0,"timestamp":1544869392,"path_taken":["M","?","?","?","?","R","E","R","T","E","M","M","M","E","R","BOSS"],"build_version":"2018-12-13","purchased_purges":0,"victory":false,"max_hp_per_floor":[71,71,71,71,71,71,71,71,71,71,71,71,71,71,71,71],"card_choices":[{"not_picked":["Beam Cell","Glacier"],"picked":"Ball Lightning","floor":1},{"not_picked":["Turbo","Go for the Eyes"],"picked":"Cold Snap","floor":4},{"not_picked":["Genetic Algorithm","Turbo"],"picked":"Loop","floor":7},{"not_picked":["Steam","Rip and Tear"],"picked":"Rainbow","floor":10},{"not_picked":["Chaos","Force Field"],"picked":"Leap","floor":11},{"not_picked":["Genetic Algorithm","Go for the Eyes"],"picked":"Hologram","floor":12},{"not_picked":["Redo","Lockon","Darkness"],"picked":"SKIP","floor":14}],"player_experience":794400,"relics_obtained":[{"floor":7,"key":"Bronze Scales"},{"floor":9,"key":"Lantern"},{"floor":10,"key":"Boot"},{"floor":14,"key":"Sundial"}],"event_choices":[{"damage_healed":0,"gold_gain":150,"player_choice":"AGREE","damage_taken":0,"max_hp_gain":0,"max_hp_loss":0,"event_name":"Liars Game","floor":2,"gold_loss":0,"cards_obtained":["Doubt"]},{"damage_healed":0,"gold_gain":0,"player_choice":"Ignored","damage_taken":0,"max_hp_gain":0,"max_hp_loss":0,"event_name":"Golden Idol","floor":3,"gold_loss":0},{"damage_healed":0,"gold_gain":0,"player_choice":"1 cards matched","damage_taken":0,"max_hp_gain":0,"max_hp_loss":0,"event_name":"Match and Keep!","floor":5,"gold_loss":0,"cards_obtained":["Leap"]}],"is_beta":false,"boss_relics":[],"items_purged_floors":[],"is_endless":false,"potions_floor_spawned":[4,7,11,14],"killed_by":"Hexaghost","ascension_level":20}