{"gold_per_floor":[119,119,133,133,133,189,202,202,226,226,256,37,37,70,70,149,149,149,64,64,64,64,64,64,64,64,64,64,64,64,64,64,64,64,64,64,64,64,64,64],"floor_reached":40,"playtime":1228,"items_purged":[],"score":836,"play_id":"b093524b-4920-477c-aac7-6fc857d123ef","local_time":"20181227142823","is_ascension_mode":true,"campfire_choices":[{"data":"Bouncing Flask","floor":8.0,"key":"SMITH"},{"data":"Neutralize","floor":10.0,"key":"SMITH"},{"data":"Noxious Fumes","floor":15.0,"key":"SMITH"},{"data":"True Grit","floor":23.0,"key":"SMITH"},{"floor":29,"key":"REST"},{"floor":32,"key":"REST"}],"neow_cost":"NONE","seed_source_timestamp":342845317059691,"circlet_count":0,"master_deck":["AscendersBane","Defend_G+1","Defend_G+1","Defend_G+1","Defend_G+1","Defend_G+1","Strike_G+1","Strike_G+1","Strike_G+1","Survivor","Neutralize+1","Bouncing Flask+1","Corpse Explosion+1","Neutralize+1","Cloak And Dagger","Cloak And Dagger","Cloak And Dagger","Cloak And Dagger","Backflip","Noxious Fumes+1","Master of Strategy","Cold Snap","Acrobatics","True Grit+1","Concentrate+1","Steam","Burst","Footwork+1"],"special_seed":0,"relics":["Ring of the Snake","NeowsBlessing","Tiny Chest","Vajra","Whetstone","PrismaticShard","Question Card","Ectoplasm","Boot","Pen Nib","Oddly Smooth Stone","Bottled Flame","Singing Bowl","WristBlade"],"potions_floor_usage":[39,40],"damage_taken":[{"damage":0.0,"enemies":"2 Louse","floor":1.0,"turns":1.0},{"damage":0.0,"enemies":"Cultist","floor":3.0,"turns":1.0},{"damage":0.0,"enemies":"3 Sentries","floor":6.0,"turns":2.0},{"damage":0.0,"enemies":"Jaw Worm","floor":7.0,"turns":4.0},{"damage":8.0,"enemies":"Gremlin Nob","floor":11.0,"turns":3.0},{"damage":24.0,"enemies":"3 Sentries","floor":14.0,"turns":4.0},{"damage":19.0,"enemies":"Slime Boss","floor":16.0,"turns":9.0},{"damage":21.0,"enemies":"Shell Parasite","floor":18.0,"turns":5.0},{"damage":0.0,"enemies":"Chosen","floor":20.0,"turns":3.0},{"damage":1.0,"enemies":"Centurion and Healer","floor":21.0,"turns":4.0},{"damage":12,"enemies":"Sentry and Sphere","floor":25,"turns":5},{"damage":11,"enemies":"Snake Plant","floor":27,"turns":4},{"damage":31,"enemies":"Collector","floor":33,"turns":10},{"damage":13,"enemies":"3 Darklings","floor":35,"turns":4},{"damage":3,"enemies":"Orb Walker","floor":38,"turns":3},{"damage":6,"enemies":"Maw","floor":39,"turns":7},{"damage":52,"enemies":"Giant Head","floor":40,"turns":9}],"seed_played":"-4881322894269974876","potions_obtained":[{"floor":1.0,"key":"SteroidPotion"},{"floor":3.0,"key":"Swift Potion"},{"floor":11.0,"key":"Poison Potion"},{"floor":20.0,"key":"SteroidPotion"},{"floor":25,"key":"GamblersBrew"},{"floor":39,"key":"Fruit Juice"}],"is_trial":false,"path_per_floor":["M","?","M","?","?","E","M","R","T","R","E","$","$","E","R","B",null,"M","?","M","M","T","R","?","M","T","M","T","R","?","$","R","B",null,"M","?","?","M","M","E"],"character_chosen":"THE_SILENT","items_purchased":["PrismaticShard"],"campfire_rested":2,"item_purchase_floors":[12],"current_hp_per_floor":[59,59,59,59,52,52,52,52,52,52,44,44,44,20,20,1,50,29,29,29,28,28,28,28,16,16,5,5,24,24,24,43,12,53,42,42,42,39,40,0],"gold":64,"neow_bonus":"THREE_ENEMY_KILL","is_prod":false,"is_daily":false,"chose_seed":false,"campfire_upgraded":4,"win_rate":0,"timestamp":1545888503,"path_taken":["M","?","?","?","?","E","M","R","T","R","E","?","$","E","R","BOSS","M","?","M","M","?","R","?","M","T","?","?","R","?","?","R","BOSS","M","?","?","M","M","E"],"build_version":"2018-12-20","purchased_purges":0,"victory":false,"max_hp_per_floor":[66,66,66,66,66,66,66,66,66,66,66,66,66,66,66,66,66,66,66,66,66,66,66,66,66,66,66,66,66,66,66,66,66,66,68,68,68,68,75,75],"card_choices":[{"not_picked":["Well Laid Plans","Finisher"],"picked":"Bouncing Flask","floor":1.0},{"not_picked":["Flying Knee","Finisher"],"picked":"Cloak And Dagger","floor":3.0},{"not_picked":["Deadly Poison","Dash"],"picked":"Cloak And Dagger","floor":6.0},{"not_picked":["Flying Knee","Dagger Spray"],"picked":"Cloak And Dagger","floor":7.0},{"not_picked":["Flying Knee","Sucker Punch"],"picked":"Backflip","floor":11.0},{"not_picked":["Skim","Headbutt"],"picked":"Noxious Fumes","floor":14.0},{"not_picked":["Panache","Night Terror","Double Tap"],"picked":"Master of Strategy","floor":16.0},{"not_picked":["Disarm","Coolheaded","Gash"],"picked":"Cold Snap","floor":18.0},{"not_picked":["Slice","Stack","Anger"],"picked":"Acrobatics","floor":20.0},{"not_picked":["Headbutt","Pommel Strike","Forethought"],"picked":"True Grit","floor":21.0},{"not_picked":["Pommel Strike","Cleave","Sunder"],"picked":"Concentrate+1","floor":25},{"not_picked":["Streamline","Acrobatics","Good Instincts"],"picked":"Steam","floor":27},{"not_picked":["Wraith Form v2","Glass Knife","Doppelganger"],"picked":"Burst","floor":33},{"not_picked":["Dodge and Roll","Iron Wave","Distraction","Backflip"],"picked":"Singing Bowl","floor":35},{"not_picked":["Evolve","Beam Cell","Flying Knee+1"],"picked":"Footwork+1","floor":38},{"not_picked":["Masterful Stab+1","Thunderclap","Deflect","Sweeping Beam"],"picked":"Singing Bowl","floor":39}],"player_experience":829651,"relics_obtained":[{"floor":6.0,"key":"Tiny Chest"},{"floor":9.0,"key":"Vajra"},{"floor":11.0,"key":"Whetstone"},{"floor":14.0,"key":"Question Card"},{"floor":22.0,"key":"Pen Nib"},{"floor":26,"key":"Bottled Flame"},{"floor":28,"key":"Singing Bowl"}],"event_choices":[{"damage_healed":0.0,"max_hp_gain":0.0,"max_hp_loss":0.0,"gold_gain":0.0,"event_name":"Match and Keep!","player_choice":"3 cards matched","floor":2.0,"gold_loss":0.0,"damage_taken":0.0,"cards_obtained":["Corpse Explosion","Neutralize","Cloak And Dagger"]},{"damage_healed":0.0,"max_hp_gain":0.0,"max_hp_loss":0.0,"gold_gain":0.0,"event_name":"Living Wall","player_choice":"Grow","floor":4.0,"gold_loss":0.0,"damage_taken":0.0,"cards_upgraded":["Corpse Explosion"]},{"cards_removed":["Strike_G"],"damage_healed":0.0,"max_hp_gain":0.0,"max_hp_loss":0.0,"gold_gain":0.0,"event_name":"Golden Wing","player_choice":"Card Removal","floor":5.0,"gold_loss":0.0,"damage_taken":7.0},{"damage_healed":0.0,"max_hp_gain":0.0,"max_hp_loss":0.0,"gold_gain":0.0,"event_name":"Addict","player_choice":"Obtained Relic","floor":19.0,"gold_loss":85.0,"damage_taken":0.0,"relics_obtained":["Boot"]},{"damage_healed":0.0,"max_hp_gain":0.0,"max_hp_loss":0.0,"gold_gain":0.0,"event_name":"WeMeetAgain","player_choice":"Gave Potion","floor":24.0,"gold_loss":0.0,"damage_taken":0.0,"relics_obtained":["Oddly Smooth Stone"]},{"damage_healed":0,"gold_gain":0,"player_choice":"Simplicity","damage_taken":0,"max_hp_gain":0,"max_hp_loss":0,"event_name":"Back to Basics","floor":30,"gold_loss":0,"cards_upgraded":["Defend_G","Defend_G","Defend_G","Defend_G","Defend_G","Strike_G","Strike_G","Strike_G"]},{"cards_removed":["Strike_G"],"damage_healed":0,"gold_gain":0,"player_choice":"Removed Attack","damage_taken":0,"max_hp_gain":0,"max_hp_loss":0,"event_name":"Falling","floor":36,"gold_loss":0},{"damage_healed":0,"gold_gain":0,"player_choice":"Ignored","damage_taken":0,"max_hp_gain":0,"max_hp_loss":0,"event_name":"Mysterious Sphere","floor":37,"gold_loss":0}],"is_beta":false,"boss_relics":[{"not_picked":["Snecko Eye","Coffee Dripper"],"picked":"Ectoplasm"},{"not_picked":["Philosopher\u0027s Stone","Lizard Tail"],"picked":"WristBlade"}],"items_purged_floors":[],"is_endless":false,"potions_floor_spawned":[1,3,11,20,25,39],"killed_by":"Giant Head","ascension_level":18}