{"gold_per_floor":[112,49,49,49,49,49,75,75,100,120,120,120,131,157,157,257,257,270,281,7,20,51,51,71,71],"floor_reached":25,"playtime":988,"items_purged":["Defend_B"],"score":230,"play_id":"762c5327-2b4f-4e1c-b862-23d34d83d047","local_time":"20180906062226","is_ascension_mode":true,"campfire_choices":[{"data":"Dualcast","floor":6,"key":"SMITH"},{"data":"Streamline","floor":8,"key":"SMITH"},{"data":"Gash","floor":15,"key":"SMITH"},{"data":"Conserve Battery","floor":23,"key":"SMITH"}],"neow_cost":"","seed_source_timestamp":773338462304672,"circlet_count":0,"master_deck":["Strike_B","Strike_B","Defend_B","Defend_B","Zap","Dualcast+1","Streamline+1","Streamline+1","Self Repair","Gash+1","Core Surge","Melter+1","Darkness+1","Glacier+1","Conserve Battery+1","Seek","Auto Shields+1","Gash"],"relics":["Cracked Core","Symbiotic Virus","Juzu Bracelet","Anchor","Oddly Smooth Stone","Vajra","Regal Pillow","Astrolabe","Strange Spoon","Red Mask"],"potions_floor_usage":[14,16,16],"damage_taken":[{"damage":3,"enemies":"Jaw Worm","floor":1,"turns":5},{"damage":18,"enemies":"Gremlin Nob","floor":7,"turns":3},{"damage":0,"enemies":"Cultist","floor":10,"turns":2},{"damage":0,"enemies":"2 Louse","floor":13,"turns":1},{"damage":3,"enemies":"3 Sentries","floor":14,"turns":4},{"damage":22,"enemies":"Hexaghost","floor":16,"turns":5},{"damage":0,"enemies":"Spheric Guardian","floor":18,"turns":2},{"damage":8,"enemies":"Chosen","floor":19,"turns":4},{"damage":23,"enemies":"Snake Plant","floor":21,"turns":3},{"damage":34,"enemies":"Masked Bandits","floor":22,"turns":6},{"damage":14,"enemies":"Centurion and Healer","floor":24,"turns":4},{"damage":19,"enemies":"Book of Stabbing","floor":25,"turns":4}],"seed_played":"-2256645197903226154","potions_obtained":[{"floor":5,"key":"SmokeBomb"},{"floor":5,"key":"LiquidBronze"},{"floor":5,"key":"Swift Potion"},{"floor":13,"key":"Explosive Potion"},{"floor":14,"key":"Poison Potion"},{"floor":19,"key":"Dexterity Potion"},{"floor":22,"key":"SteroidPotion"}],"is_trial":false,"path_per_floor":["M","?","?","?","?","R","E","R","T","M","?","?","M","E","R","B",null,"M","M","$","M","?","R","M"],"character_chosen":"DEFECT","items_purchased":["Strange Spoon"],"campfire_rested":0,"item_purchase_floors":[20],"current_hp_per_floor":[72,72,72,72,72,72,54,54,54,54,54,42,42,46,46,31,75,75,74,74,58,31,31,17,0],"gold":71,"neow_bonus":"","is_prod":false,"is_daily":false,"chose_seed":false,"campfire_upgraded":4,"win_rate":0,"timestamp":1536180746,"path_taken":["M","?","?","?","?","R","E","R","T","M","?","?","M","E","R","BOSS","M","M","$","M","?","R","M","E"],"build_version":"2018-08-30","purchased_purges":1,"victory":false,"max_hp_per_floor":[75,75,75,75,75,75,75,75,75,75,75,75,75,75,75,75,75,75,75,75,75,75,75,75,75],"card_choices":[{"not_picked":["Rebound","Stack"],"picked":"Streamline","floor":1},{"not_picked":["Aggregate","Redo"],"picked":"Streamline","floor":7},{"not_picked":["Compile Driver","Rebound"],"picked":"Self Repair","floor":10},{"not_picked":["Lockon","Barrage","Coolheaded"],"picked":"SKIP","floor":13},{"not_picked":["Double Energy","Cold Snap"],"picked":"Gash","floor":14},{"not_picked":["Fission","Hyperbeam"],"picked":"Core Surge","floor":16},{"not_picked":["Leap","Rebound"],"picked":"Conserve Battery","floor":18},{"not_picked":["Loop","Chill","Go for the Eyes"],"picked":"SKIP","floor":19},{"not_picked":["Redo","Barrage"],"picked":"Seek","floor":21},{"not_picked":["Defragment+1","Turbo+1"],"picked":"Auto Shields+1","floor":22},{"not_picked":["Stack","Skim+1"],"picked":"Gash","floor":24}],"player_experience":130954,"relics_obtained":[{"floor":7,"key":"Anchor"},{"floor":9,"key":"Oddly Smooth Stone"},{"floor":14,"key":"Regal Pillow"},{"floor":22,"key":"Red Mask"}],"event_choices":[{"event_name":"WeMeetAgain","player_choice":"Gold","floor":2,"damage_taken":0},{"event_name":"Living Wall","player_choice":"Grow","floor":3,"damage_taken":0},{"event_name":"Big Fish","player_choice":"Box","floor":4,"damage_taken":0},{"event_name":"The Lab","player_choice":"Got Potions","floor":5,"damage_taken":0},{"event_name":"Fountain of Cleansing","player_choice":"Removed Curse","floor":11,"damage_taken":0},{"event_name":"Scrap Ooze","player_choice":"success","floor":12,"damage_taken":12},{"event_name":"Masked Bandits","player_choice":"Fought Bandits","floor":22,"damage_taken":0}],"is_beta":false,"boss_relics":[{"not_picked":["Inserter","White Beast Statue"],"picked":"Astrolabe"}],"items_purged_floors":[20],"is_endless":false,"potions_floor_spawned":[13,14,19,22],"killed_by":"Book of Stabbing","ascension_level":2}