{"gold_per_floor":[366,541,555,555,410,410,443,457,457,457,473,473,13,25,25,129,129,142,159,34,51,51,51,80,80,80,4,4,38,38,55,55,154,204,219,232,332,349,349,380,380,412,412,412,427,60,60,87,87,87],"floor_reached":51,"playtime":2227,"items_purged":["Doubt","Defend_B","Defend_B","Strike_B"],"score":1073,"play_id":"7f920102-f685-4032-883f-3d4d52cdb2f5","local_time":"20190216193308","is_ascension_mode":true,"campfire_choices":[{"data":"Zap","floor":6.0,"key":"SMITH"},{"data":"Dualcast","floor":10.0,"key":"SMITH"},{"data":"Streamline","floor":12.0,"key":"SMITH"},{"floor":15.0,"key":"REST"},{"data":"Defragment","floor":23.0,"key":"SMITH"},{"data":"Defragment","floor":25.0,"key":"SMITH"},{"data":"Capacitor","floor":28.0,"key":"SMITH"},{"floor":32.0,"key":"REST"},{"data":"Electrodynamics","floor":41.0,"key":"SMITH"},{"data":"Biased Cognition","floor":44,"key":"SMITH"},{"data":"Static Discharge","floor":47,"key":"SMITH"},{"data":"Double Energy","floor":49,"key":"SMITH"}],"neow_cost":"PERCENT_DAMAGE","seed_source_timestamp":16796963151500,"circlet_count":0,"master_deck":["Strike_B","Strike_B","Defend_B","Defend_B","Zap+1","Dualcast+1","BootSequence","Glacier+1","Auto Shields","Conserve Battery","Streamline+1","Defragment+1","White Noise","Capacitor+1","Defragment+1","Double Energy+1","Biased Cognition+1","White Noise","Heatsinks+1","Undo+1","Electrodynamics+1","Coolheaded+1","Static Discharge+1"],"special_seed":0,"relics":["Cracked Core","Ice Cream","FossilizedHelix","Oddly Smooth Stone","Cursed Key","Bag of Preparation","Thread and Needle","Tiny House","Pen Nib","Blood Vial","Happy Flower","PreservedInsect"],"potions_floor_usage":[50],"damage_taken":[{"damage":4.0,"enemies":"2 Louse","floor":1.0,"turns":2.0},{"damage":2.0,"enemies":"Jaw Worm","floor":3.0,"turns":4.0},{"damage":20.0,"enemies":"Gremlin Nob","floor":7.0,"turns":5.0},{"damage":0.0,"enemies":"Cultist","floor":8.0,"turns":4.0},{"damage":0.0,"enemies":"Exordium Thugs","floor":11.0,"turns":5.0},{"damage":10.0,"enemies":"Gremlin Gang","floor":14.0,"turns":4.0},{"damage":0.0,"enemies":"Slime Boss","floor":16.0,"turns":11.0},{"damage":0.0,"enemies":"2 Thieves","floor":18.0,"turns":4.0},{"damage":0.0,"enemies":"Shell Parasite","floor":19.0,"turns":7.0},{"damage":0.0,"enemies":"Chosen and Byrds","floor":21.0,"turns":8.0},{"damage":30.0,"enemies":"Slavers","floor":24.0,"turns":7.0},{"damage":0.0,"enemies":"Book of Stabbing","floor":29.0,"turns":5.0},{"damage":9.0,"enemies":"Snecko","floor":31.0,"turns":5.0},{"damage":12.0,"enemies":"Collector","floor":33.0,"turns":9.0},{"damage":0.0,"enemies":"3 Darklings","floor":35.0,"turns":2.0},{"damage":0.0,"enemies":"3 Shapes","floor":36.0,"turns":5.0},{"damage":0.0,"enemies":"Spire Growth","floor":38.0,"turns":5.0},{"damage":0.0,"enemies":"Giant Head","floor":40.0,"turns":8.0},{"damage":0.0,"enemies":"Reptomancer","floor":42.0,"turns":6.0},{"damage":11,"enemies":"Sphere and 2 Shapes","floor":45,"turns":3},{"damage":7,"enemies":"Nemesis","floor":48,"turns":7},{"damage":14,"enemies":"Donu and Deca","floor":50,"turns":7}],"seed_played":"-1682096285073109273","potions_obtained":[{"floor":4.0,"key":"Weak Potion"},{"floor":4.0,"key":"FairyPotion"},{"floor":4.0,"key":"Dexterity Potion"},{"floor":8.0,"key":"Poison Potion"},{"floor":16.0,"key":"SteroidPotion"},{"floor":19.0,"key":"Swift Potion"},{"floor":31.0,"key":"SteroidPotion"},{"floor":45,"key":"Explosive Potion"}],"is_trial":false,"path_per_floor":["M","?","M","?","$","R","E","M","T","R","M","R","$","M","R","B",null,"M","M","$","M","?","R","E","R","T","$","R","E","?","M","R","B",null,"M","M","?","M","?","E","R","E","T","R","M","$","R","E","R","B",null],"character_chosen":"DEFECT","items_purchased":["Auto Shields","Defragment","White Noise","Oddly Smooth Stone","PowerPotion","Biased Cognition","Happy Flower","Static Discharge"],"campfire_rested":2,"item_purchase_floors":[5,13,13,13,13,27,46,46],"current_hp_per_floor":[50,50,48,48,48,48,28,28,28,28,28,28,28,18,40,40,75,75,75,75,75,85,85,55,55,55,55,55,55,55,46,71,59,90,90,90,90,90,90,90,90,90,90,90,79,79,79,74,74,62],"gold":87,"neow_bonus":"TWO_FIFTY_GOLD","is_prod":false,"is_daily":false,"chose_seed":false,"campfire_upgraded":10,"win_rate":0,"timestamp":1550338388,"path_taken":["M","?","M","?","$","R","E","M","T","R","?","R","?","M","R","BOSS","M","?","$","?","?","R","E","R","T","?","R","E","?","M","R","BOSS","M","M","?","?","?","E","R","E","T","R","M","$","R","E","R","BOSS"],"build_version":"2019-01-23","purchased_purges":4,"victory":true,"max_hp_per_floor":[75,75,75,75,75,75,75,75,75,75,75,75,75,75,75,75,75,75,75,75,75,85,85,85,85,85,85,85,85,85,85,85,85,90,90,90,90,90,90,90,90,90,90,90,90,90,90,90,90,90],"card_choices":[{"not_picked":["Coolheaded","Cold Snap"],"picked":"BootSequence","floor":1.0},{"not_picked":["Coolheaded","Blizzard"],"picked":"Glacier","floor":3.0},{"not_picked":["Storm","Leap","Gash"],"picked":"SKIP","floor":7.0},{"not_picked":["Rip and Tear","Amplify"],"picked":"Conserve Battery","floor":8.0},{"not_picked":["Coolheaded","Reprogram"],"picked":"Streamline","floor":11.0},{"not_picked":["Sweeping Beam","Reinforced Body","Reprogram"],"picked":"SKIP","floor":14.0},{"not_picked":["Thunder Strike","Amplify"],"picked":"Fission","floor":16.0},{"not_picked":["Conserve Battery+1","Compile Driver"],"picked":"Capacitor","floor":18.0},{"not_picked":["Reprogram","FTL"],"picked":"Defragment","floor":19.0},{"not_picked":["Double Energy","Compile Driver+1","Hologram"],"picked":"SKIP","floor":21.0},{"not_picked":["Compile Driver+1","Hologram"],"picked":"Double Energy","floor":21.0},{"not_picked":["Go for the Eyes","BootSequence","Recycle"],"picked":"SKIP","floor":24.0},{"not_picked":["Beam Cell","Heatsinks+1","Leap+1"],"picked":"SKIP","floor":29.0},{"not_picked":["Multi-Cast","Redo","Sweeping Beam"],"picked":"SKIP","floor":31.0},{"not_picked":["Ball Lightning+1","Gash+1"],"picked":"Heatsinks+1","floor":35.0},{"not_picked":["Sweeping Beam+1","Coolheaded+1"],"picked":"Undo+1","floor":36.0},{"not_picked":["Sweeping Beam","Cold Snap+1"],"picked":"Electrodynamics","floor":38.0},{"not_picked":["Redo+1","Melter","Steam"],"picked":"SKIP","floor":40.0},{"not_picked":["Redo","Force Field+1","Rebound+1"],"picked":"SKIP","floor":42.0},{"not_picked":["Cold Snap","Beam Cell"],"picked":"Coolheaded+1","floor":45},{"not_picked":["Redo+1","Reboot","Cold Snap"],"picked":"SKIP","floor":48}],"player_experience":773328,"relics_obtained":[{"floor":7.0,"key":"Ice Cream"},{"floor":9.0,"key":"FossilizedHelix"},{"floor":24.0,"key":"Bag of Preparation"},{"floor":29.0,"key":"Thread and Needle"},{"floor":40.0,"key":"Pen Nib"},{"floor":42.0,"key":"Blood Vial"},{"floor":48,"key":"PreservedInsect"}],"event_choices":[{"damage_healed":0.0,"max_hp_gain":0.0,"max_hp_loss":0.0,"gold_gain":175.0,"event_name":"Liars Game","player_choice":"AGREE","floor":2.0,"gold_loss":0.0,"damage_taken":0.0,"cards_obtained":["Doubt"]},{"damage_healed":0.0,"max_hp_gain":0.0,"max_hp_loss":0.0,"gold_gain":0.0,"event_name":"Lab","player_choice":"Got Potions","floor":4.0,"gold_loss":0.0,"damage_taken":0.0},{"cards_removed":["Fission"],"damage_healed":0.0,"max_hp_gain":10.0,"max_hp_loss":0.0,"gold_gain":0.0,"event_name":"Bonfire Elementals","player_choice":"Offered Rare","floor":22.0,"gold_loss":0.0,"damage_taken":0.0},{"damage_healed":0.0,"max_hp_gain":0.0,"max_hp_loss":0.0,"gold_gain":0.0,"cards_transformed":["Strike_B"],"event_name":"Transmorgrifier","player_choice":"Transformed","floor":30.0,"gold_loss":0.0,"damage_taken":0.0,"cards_obtained":["White Noise"]},{"damage_healed":0.0,"max_hp_gain":0.0,"max_hp_loss":0.0,"gold_gain":100.0,"event_name":"Golden Shrine","player_choice":"Pray","floor":37.0,"gold_loss":0.0,"damage_taken":0.0},{"damage_healed":0.0,"max_hp_gain":0.0,"max_hp_loss":0.0,"gold_gain":0.0,"event_name":"Tomb of Lord Red Mask","player_choice":"Ignored","floor":39.0,"gold_loss":0.0,"damage_taken":0.0}],"is_beta":false,"boss_relics":[{"not_picked":["White Beast Statue","Astrolabe"],"picked":"Cursed Key"},{"not_picked":["Velvet Choker","FrozenCore"],"picked":"Tiny House"}],"items_purged_floors":[5,13,20,46],"is_endless":false,"potions_floor_spawned":[8,14,16,19,21,31,35,36,45],"ascension_level":3}