{"gold_per_floor":[110,110,126,126,150,150,5,44,44,44,44],"floor_reached":11,"playtime":212,"items_purged":[],"score":124,"play_id":"5b1e918d-e9fe-44ff-b5e9-84e64792c6e4","local_time":"20180831005851","is_ascension_mode":true,"campfire_choices":[{"data":"Terror","floor":6,"key":"SMITH"}],"neow_cost":"NONE","seed_source_timestamp":92377105502669,"circlet_count":0,"master_deck":["Defend_G","Defend_G","Defend_G","Defend_G","Defend_G","Strike_G","Strike_G","Strike_G","Strike_G","Strike_G","Survivor","Neutralize","AscendersBane","Caltrops","Terror+1","Poisoned Stab","Deadly Poison"],"relics":["Ring of the Snake","NeowsBlessing","Potion Belt","Golden Idol","Snake Skull","Blue Candle","The Courier"],"potions_floor_usage":[],"damage_taken":[{"damage":0,"enemies":"2 Louse","floor":1,"turns":1},{"damage":0,"enemies":"Cultist","floor":3,"turns":1},{"damage":0,"enemies":"Small Slimes","floor":5,"turns":1},{"damage":34,"enemies":"3 Sentries","floor":8,"turns":12},{"damage":0,"enemies":"3 Louse","floor":11,"turns":2}],"seed_played":"5934874311322040808","potions_obtained":[{"floor":1,"key":"Regen Potion"}],"is_trial":false,"path_per_floor":["M","?","M","?","M","R","$","E","T","?"],"character_chosen":"THE_SILENT","items_purchased":["Snake Skull"],"campfire_rested":0,"item_purchase_floors":[7],"current_hp_per_floor":[59,59,59,36,36,36,36,2,2,2,2],"gold":44,"neow_bonus":"THREE_ENEMY_KILL","is_prod":false,"is_daily":false,"chose_seed":false,"campfire_upgraded":1,"win_rate":0,"timestamp":1535644731,"path_taken":["M","?","M","?","M","R","$","E","T","?","M"],"build_version":"2018-08-23v2","purchased_purges":0,"victory":false,"max_hp_per_floor":[66,66,66,66,66,66,66,66,66,66,66],"card_choices":[{"not_picked":["Heel Hook","Sucker Punch"],"picked":"Caltrops","floor":1},{"not_picked":["Deflect","Slice"],"picked":"Terror","floor":3},{"not_picked":["Bane","Blade Dance"],"picked":"Poisoned Stab","floor":5},{"not_picked":["Prepared","Slice"],"picked":"Deadly Poison","floor":8}],"player_experience":543875,"relics_obtained":[{"floor":8,"key":"Blue Candle"},{"floor":9,"key":"The Courier"}],"event_choices":[{"event_name":"WeMeetAgain","player_choice":"Potion","floor":2,"damage_taken":0},{"event_name":"Golden Idol","player_choice":"Take Damage","floor":4,"damage_taken":0},{"event_name":"Golden Wing","player_choice":"Ignored","floor":10,"damage_taken":0}],"is_beta":false,"boss_relics":[],"items_purged_floors":[],"is_endless":false,"potions_floor_spawned":[1],"killed_by":"3 Louse","ascension_level":15}