{"gold_per_floor":[115,115,133,34,34,34,54,129,129,149,149,10,10,29,29,133,133,153,24,24,41,67,98,98],"floor_reached":24,"playtime":1105,"items_purged":["Regret","Strike_R"],"score":235,"play_id":"09384e91-b1f2-4f4e-984d-6e3dcffa43b3","local_time":"20181005141237","is_ascension_mode":true,"campfire_choices":[{"data":"Armaments","floor":6,"key":"SMITH"},{"data":"Shockwave","floor":11,"key":"SMITH"},{"data":"Inflame","floor":13,"key":"SMITH"},{"data":"Corruption","floor":15,"key":"SMITH"}],"neow_cost":"NONE","seed_source_timestamp":354480376323581,"circlet_count":0,"master_deck":["Strike_R","Strike_R","Strike_R","Strike_R","Defend_R","Defend_R","Defend_R","Defend_R","Bash","Iron Wave","Shockwave+1","Armaments+1","Impervious","Headbutt","Inflame+1","Corruption+1","Dark Embrace","Shrug It Off","Combust","Bandage Up","Shrug It Off+1","Combust","Shrug It Off"],"relics":["Black Blood","Ornamental Fan","Gremlin Horn","Omamori","Red Mask","Champion Belt"],"potions_floor_usage":[16],"damage_taken":[{"damage":0,"enemies":"Small Slimes","floor":1,"turns":3},{"damage":19,"enemies":"Jaw Worm","floor":3,"turns":4},{"damage":0,"enemies":"Cultist","floor":7,"turns":4},{"damage":11,"enemies":"Red Slaver","floor":10,"turns":4},{"damage":10,"enemies":"3 Louse","floor":14,"turns":2},{"damage":43,"enemies":"The Guardian","floor":16,"turns":9},{"damage":14,"enemies":"3 Byrds","floor":18,"turns":8},{"damage":19,"enemies":"2 Thieves","floor":21,"turns":5},{"damage":46,"enemies":"Masked Bandits","floor":22,"turns":7},{"damage":47,"enemies":"Slavers","floor":23,"turns":7},{"damage":26,"enemies":"Sentry and Sphere","floor":24,"turns":3}],"seed_played":"1102856434213619696","potions_obtained":[{"floor":7,"key":"SteroidPotion"},{"floor":16,"key":"PowerPotion"}],"is_trial":false,"path_per_floor":["M","?","M","$","?","R","M","?","T","M","R","$","R","M","R","B",null,"M","$","?","M","?","E"],"character_chosen":"IRONCLAD","items_purchased":["Armaments","Inflame","Combust","Bandage Up"],"campfire_rested":0,"item_purchase_floors":[4,12,19,19],"current_hp_per_floor":[88,88,75,75,75,75,81,70,70,65,65,65,65,61,61,24,88,84,84,84,79,49,16,0],"gold":98,"neow_bonus":"TEN_PERCENT_HP_BONUS","is_prod":false,"is_daily":false,"chose_seed":false,"campfire_upgraded":4,"win_rate":0,"timestamp":1538714557,"path_taken":["M","?","?","?","?","R","M","?","T","?","R","$","R","M","R","BOSS","M","$","?","M","?","E","M"],"build_version":"2018-10-04","purchased_purges":2,"victory":false,"max_hp_per_floor":[88,88,88,88,88,88,88,88,88,88,88,88,88,88,88,88,88,88,88,88,88,88,88,88],"card_choices":[{"not_picked":["Warcry","Heavy Blade"],"picked":"Iron Wave","floor":1},{"not_picked":["Body Slam","Pummel"],"picked":"Shockwave","floor":3},{"not_picked":["Shrug It Off","Burning Pact"],"picked":"Impervious","floor":7},{"not_picked":["Havoc","Iron Wave"],"picked":"Headbutt","floor":10},{"not_picked":["Twin Strike","Pummel"],"picked":"Corruption","floor":14},{"not_picked":["Immolate","Berserk"],"picked":"Dark Embrace","floor":16},{"not_picked":["Heavy Blade","Clothesline"],"picked":"Shrug It Off","floor":18},{"not_picked":["Entrench","Heavy Blade"],"picked":"Shrug It Off+1","floor":21},{"not_picked":["Body Slam","Wild Strike+1"],"picked":"Combust","floor":22},{"not_picked":["Body Slam","Rupture"],"picked":"Shrug It Off","floor":23}],"player_experience":266772,"relics_obtained":[{"floor":9,"key":"Gremlin Horn"},{"floor":22,"key":"Red Mask"},{"floor":23,"key":"Champion Belt"}],"event_choices":[{"event_name":"Big Fish","player_choice":"Box","floor":2,"damage_taken":0},{"event_name":"The Cleric","player_choice":"Leave","floor":5,"damage_taken":0},{"event_name":"World of Goop","player_choice":"Gather Gold","floor":8,"damage_taken":0},{"event_name":"WeMeetAgain","player_choice":"Potion","floor":20,"damage_taken":0},{"event_name":"Masked Bandits","player_choice":"Fought Bandits","floor":22,"damage_taken":0}],"is_beta":false,"boss_relics":[{"not_picked":["Philosopher\u0027s Stone","Velvet Choker"],"picked":"Black Blood"}],"items_purged_floors":[4,12],"is_endless":false,"potions_floor_spawned":[7,16],"killed_by":"Sentry and Sphere","ascension_level":3}