{"gold_per_floor":[117,136,152,110,110,127,144,144,196,121,137,137],"floor_reached":12,"playtime":33971,"items_purged":["Strike_R"],"score":122,"play_id":"2b06a249-83ba-4aad-8e66-c7240109085f","local_time":"20190129021727","is_ascension_mode":true,"campfire_choices":[],"neow_cost":"NONE","seed_source_timestamp":1465163870780929,"circlet_count":0,"master_deck":["AscendersBane","Strike_R","Strike_R","Strike_R","Defend_R","Defend_R","Defend_R","Defend_R","Bash","Dropkick"],"relics":["Runic Pyramid"],"potions_floor_usage":[7,12],"damage_taken":[{"damage":4,"enemies":"Cultist","floor":1,"turns":5},{"damage":4,"enemies":"2 Louse","floor":2,"turns":6},{"damage":6,"enemies":"Small Slimes","floor":3,"turns":5},{"damage":7,"enemies":"Looter","floor":6,"turns":4},{"damage":0,"enemies":"Large Slime","floor":7,"turns":4},{"damage":19,"enemies":"3 Louse","floor":11,"turns":5},{"damage":40,"enemies":"Gremlin Gang","floor":12,"turns":3}],"seed_played":"-636863145218131199","potions_obtained":[{"floor":1,"key":"BloodPotion"},{"floor":3,"key":"Strength Potion"},{"floor":11,"key":"Ancient Potion"}],"is_trial":false,"path_per_floor":["M","M","M","?","?","M","M","?","T","$","M","M"],"character_chosen":"IRONCLAD","items_purchased":[],"campfire_rested":0,"item_purchase_floors":[],"current_hp_per_floor":[64,60,54,54,54,47,54,47,47,47,28,0],"gold":137,"neow_bonus":"BOSS_RELIC","is_prod":false,"is_daily":false,"chose_seed":false,"campfire_upgraded":0,"win_rate":0,"timestamp":1548721047,"path_taken":["M","M","?","?","?","M","M","?","T","$","M","M"],"build_version":"2019-01-23","purchased_purges":1,"victory":false,"max_hp_per_floor":[75,75,75,75,75,75,75,75,75,75,75,75],"card_choices":[{"not_picked":["Rampage","Infernal Blade"],"picked":"Dropkick","floor":1},{"not_picked":["Battle Trance","Perfected Strike","Anger"],"picked":"SKIP","floor":2},{"not_picked":["Shrug It Off","Armaments","Body Slam"],"picked":"SKIP","floor":3},{"not_picked":["Battle Trance","Reckless Charge","Iron Wave"],"picked":"SKIP","floor":6},{"not_picked":["Havoc","True Grit","Seeing Red"],"picked":"SKIP","floor":7},{"not_picked":["Flame Barrier","Sword Boomerang","Rampage"],"picked":"SKIP","floor":11}],"player_experience":415554,"relics_obtained":[],"event_choices":[{"damage_healed":0,"gold_gain":0,"player_choice":"Left Gold","damage_taken":0,"max_hp_gain":0,"max_hp_loss":0,"event_name":"World of Goop","floor":4,"gold_loss":42},{"damage_healed":0,"gold_gain":0,"player_choice":"Ignored","damage_taken":0,"max_hp_gain":0,"max_hp_loss":0,"event_name":"Liars Game","floor":5,"gold_loss":0},{"cards_removed":["Strike_R"],"damage_healed":0,"gold_gain":0,"player_choice":"Card Removal","damage_taken":7,"max_hp_gain":0,"max_hp_loss":0,"event_name":"Golden Wing","floor":8,"gold_loss":0}],"is_beta":false,"boss_relics":[],"items_purged_floors":[10],"is_endless":false,"potions_floor_spawned":[1,3,6,11],"killed_by":"Gremlin Gang","ascension_level":14}