{"gold_per_floor":[116,116,116,129,14,14,52,75,98,142,92,112,112,112,112,238,238],"floor_reached":17,"playtime":591,"items_purged":["Strike_G"],"score":213,"play_id":"fa111acd-f89e-45a1-8267-7823b6207ab9","local_time":"20190306191710","is_ascension_mode":false,"campfire_choices":[{"data":"Dash","floor":6,"key":"SMITH"},{"data":"Dagger Spray","floor":13,"key":"SMITH"},{"data":"Poisoned Stab","floor":15,"key":"SMITH"}],"neow_cost":"NONE","seed_source_timestamp":362879249408356,"circlet_count":0,"master_deck":["Defend_G","Defend_G","Defend_G","Defend_G","Survivor","Neutralize","Backstab+1","Dash+1","Blur+1","Dash+1","Well Laid Plans","Dagger Spray+1","Dagger Throw","Poisoned Stab+1","Malaise"],"relics":["Astrolabe","Golden Idol","PreservedInsect","Paper Crane","Dream Catcher","Tingsha"],"potions_floor_usage":[],"damage_taken":[{"damage":0,"enemies":"Jaw Worm","floor":1,"turns":3},{"damage":0,"enemies":"Small Slimes","floor":4,"turns":2},{"damage":0,"enemies":"3 Sentries","floor":7,"turns":9},{"damage":0,"enemies":"Cultist","floor":8,"turns":4},{"damage":0,"enemies":"Gremlin Nob","floor":10,"turns":4},{"damage":0,"enemies":"Large Slime","floor":12,"turns":5},{"damage":15,"enemies":"Slime Boss","floor":16,"turns":10}],"seed_played":"5408028535370106857","potions_obtained":[{"floor":1,"key":"SkillPotion"},{"floor":4,"key":"Energy Potion"},{"floor":12,"key":"Swift Potion"},{"floor":16,"key":"EntropicBrew"}],"is_trial":false,"path_per_floor":["M","?","?","M","$","R","E","M","T","E","?","M","R","?","R","B",null],"character_chosen":"THE_SILENT","items_purchased":["Well Laid Plans"],"campfire_rested":0,"item_purchase_floors":[5],"current_hp_per_floor":[70,65,65,65,65,65,65,65,65,65,65,65,65,65,65,50,50],"gold":238,"neow_bonus":"BOSS_RELIC","is_prod":false,"is_daily":false,"chose_seed":false,"campfire_upgraded":3,"win_rate":0,"timestamp":1551917830,"path_taken":["M","?","?","M","$","R","E","?","T","E","?","M","R","?","R","BOSS"],"build_version":"2019-01-23","purchased_purges":1,"victory":false,"max_hp_per_floor":[70,65,65,65,65,65,65,65,65,65,65,65,65,65,65,65,65],"card_choices":[{"not_picked":["Quick Slash","Eviscerate"],"picked":"Dash","floor":1},{"not_picked":["Outmaneuver","Finisher","Masterful Stab"],"picked":"SKIP","floor":4},{"not_picked":["Tools of the Trade","Prepared"],"picked":"Dagger Spray","floor":7},{"not_picked":["Backflip","Quick Slash"],"picked":"Dagger Throw","floor":8},{"not_picked":["Dagger Throw","Caltrops","Acrobatics"],"picked":"SKIP","floor":10},{"not_picked":["Sucker Punch","PiercingWail"],"picked":"Poisoned Stab","floor":12},{"not_picked":["Die Die Die","Bullet Time"],"picked":"Malaise","floor":16}],"player_experience":459075,"relics_obtained":[{"floor":7,"key":"Paper Crane"},{"floor":9,"key":"Dream Catcher"},{"floor":10,"key":"Tingsha"}],"event_choices":[{"damage_healed":0,"gold_gain":0,"player_choice":"Lose Max HP","damage_taken":0,"relics_obtained":["Golden Idol"],"max_hp_gain":0,"max_hp_loss":5,"event_name":"Golden Idol","floor":2,"gold_loss":0},{"damage_healed":0,"gold_gain":0,"player_choice":"Gave Potion","damage_taken":0,"relics_obtained":["PreservedInsect"],"max_hp_gain":0,"max_hp_loss":0,"event_name":"WeMeetAgain","floor":3,"gold_loss":0},{"cards_removed":["Strike_G"],"damage_healed":0,"gold_gain":0,"player_choice":"Card Removal","damage_taken":0,"max_hp_gain":0,"max_hp_loss":0,"event_name":"The Cleric","floor":11,"gold_loss":50},{"cards_removed":["Defend_G"],"damage_healed":0,"gold_gain":0,"player_choice":"Offered Basic","damage_taken":0,"max_hp_gain":0,"max_hp_loss":0,"event_name":"Bonfire Elementals","floor":14,"gold_loss":0}],"is_beta":false,"boss_relics":[],"items_purged_floors":[5],"is_endless":false,"potions_floor_spawned":[1,4,12,16],"ascension_level":0}