{"gold_per_floor":[115,23,40,50,50,77,77,91,91,91,107,132,194,212,212,316,316,328,23,43,43,59,59,84,96,96,96,196,228,228,243,243,343,343,354,354,354,366,89,114,36,36,61,61,79,79,105,125,125,125],"floor_reached":50,"playtime":9393,"items_purged":["Strike_G","Survivor"],"score":575,"play_id":"19c2e5d4-36c8-4512-8bcd-dcae21de0410","local_time":"20190105000303","is_ascension_mode":false,"campfire_choices":[{"data":"Noxious Fumes","floor":7.0,"key":"SMITH"},{"floor":10.0,"key":"REST"},{"floor":15.0,"key":"REST"},{"floor":23.0,"key":"REST"},{"floor":27.0,"key":"REST"},{"data":"Noxious Fumes","floor":32.0,"key":"SMITH"},{"floor":42,"key":"REST"},{"data":"Venomology","floor":44,"key":"SMITH"},{"floor":46,"key":"REST"},{"floor":49,"key":"REST"}],"neow_cost":"NONE","seed_source_timestamp":0,"circlet_count":0,"master_deck":["Defend_G","Defend_G","Defend_G","Defend_G","Defend_G","Strike_G+1","Strike_G","Strike_G","Strike_G","Neutralize","Noxious Fumes+1","Flying Knee","Dagger Throw","Dagger Spray","Noxious Fumes+1","Die Die Die","Poisoned Stab","Sucker Punch+1","Flying Knee","Venomology+1","Well Laid Plans","Heel Hook","Poisoned Stab+1","Choke","Adrenaline","All Out Attack+1","Secret Weapon"],"special_seed":0,"relics":["Ring of the Snake","NeowsBlessing","Sundial","Orichalcum","Paper Crane","Ninja Scroll","Darkstone Periapt","Busted Crown","Whetstone","MutagenicStrength","Boot","Anchor","Tough Bandages","Bottled Lightning","Regal Pillow","White Beast Statue","Gremlin Horn","Centennial Puzzle","Letter Opener"],"potions_floor_usage":[40,40,40,45,45,47,47,48,50,50,50,50],"damage_taken":[{"damage":0.0,"enemies":"Cultist","floor":1.0,"turns":1.0},{"damage":0.0,"enemies":"Small Slimes","floor":3.0,"turns":1.0},{"damage":0.0,"enemies":"Jaw Worm","floor":4.0,"turns":1.0},{"damage":23.0,"enemies":"3 Sentries","floor":6.0,"turns":7.0},{"damage":6.0,"enemies":"Blue Slaver","floor":8.0,"turns":5.0},{"damage":0.0,"enemies":"Large Slime","floor":11.0,"turns":4.0},{"damage":1.0,"enemies":"Lagavulin","floor":12.0,"turns":5.0},{"damage":5.0,"enemies":"3 Sentries","floor":13.0,"turns":4.0},{"damage":0.0,"enemies":"2 Fungi Beasts","floor":14.0,"turns":1.0},{"damage":23.0,"enemies":"The Guardian","floor":16.0,"turns":8.0},{"damage":16.0,"enemies":"Spheric Guardian","floor":18.0,"turns":4.0},{"damage":0.0,"enemies":"3 Byrds","floor":20.0,"turns":3.0},{"damage":10.0,"enemies":"Snake Plant","floor":22.0,"turns":3.0},{"damage":10.0,"enemies":"Book of Stabbing","floor":24.0,"turns":5.0},{"damage":5.0,"enemies":"Snecko","floor":25.0,"turns":4.0},{"damage":0.0,"enemies":"Colosseum Slavers","floor":28.0,"turns":2.0},{"damage":17.0,"enemies":"Colosseum Nobs","floor":28.0,"turns":5.0},{"damage":0.0,"enemies":"Gremlin Leader","floor":29.0,"turns":6.0},{"damage":0.0,"enemies":"Shelled Parasite and Fungi","floor":31.0,"turns":3.0},{"damage":59.0,"enemies":"Collector","floor":33.0,"turns":7.0},{"damage":0.0,"enemies":"Orb Walker","floor":35.0,"turns":2.0},{"damage":7.0,"enemies":"3 Shapes","floor":38.0,"turns":3.0},{"damage":33,"enemies":"Nemesis","floor":40,"turns":6},{"damage":12,"enemies":"Maw","floor":45,"turns":6},{"damage":32,"enemies":"Giant Head","floor":47,"turns":8},{"damage":2,"enemies":"Sphere and 2 Shapes","floor":48,"turns":1},{"damage":78,"enemies":"Time Eater","floor":50,"turns":8}],"seed_played":"7377191819012665881","potions_obtained":[{"floor":1.0,"key":"SkillPotion"},{"floor":11.0,"key":"SkillPotion"},{"floor":12.0,"key":"EssenceOfSteel"},{"floor":13.0,"key":"EssenceOfSteel"},{"floor":14.0,"key":"Ancient Potion"},{"floor":18.0,"key":"PowerPotion"},{"floor":24.0,"key":"Block Potion"},{"floor":28.0,"key":"AttackPotion"},{"floor":29.0,"key":"PowerPotion"},{"floor":33.0,"key":"EssenceOfSteel"},{"floor":35.0,"key":"Block Potion"},{"floor":38,"key":"Block Potion"},{"floor":40,"key":"EssenceOfSteel"},{"floor":45,"key":"SkillPotion"},{"floor":47,"key":"SteroidPotion"},{"floor":48,"key":"SteroidPotion"}],"is_trial":false,"path_per_floor":["M","$","M","M","T","E","R","M","T","R","M","E","?","M","R","B",null,"M","$","M","?","M","R","E","M","T","R","?","E","?","M","R","B",null,"M","?","?","M","$","E","$","R","T","R","M","R","E","M","R","B"],"character_chosen":"THE_SILENT","items_purchased":["Flying Knee","Dagger Throw","Well Laid Plans","Whetstone","Secret Weapon","GhostInAJar"],"campfire_rested":7,"item_purchase_floors":[2,2,19,19,39,41],"current_hp_per_floor":[70,70,70,70,70,47,47,41,41,62,62,61,56,56,70,47,70,54,54,54,54,44,65,55,50,50,70,53,53,53,62,62,3,70,70,70,70,63,63,30,30,66,66,66,54,70,38,36,70,0],"gold":125,"neow_bonus":"THREE_ENEMY_KILL","is_prod":false,"is_daily":false,"chose_seed":false,"campfire_upgraded":3,"win_rate":0.0,"timestamp":1546639383,"path_taken":["M","?","?","M","?","E","R","M","T","R","M","E","?","M","R","BOSS","M","$","M","?","M","R","E","M","T","R","?","E","?","M","R","BOSS","M","?","?","?","$","E","?","R","T","R","?","R","E","M","R","BOSS"],"build_version":"2019-01-03v4","purchased_purges":2,"victory":false,"max_hp_per_floor":[70,70,70,70,70,70,70,70,70,70,70,70,70,70,70,70,70,70,70,70,70,70,70,70,70,70,70,70,70,70,70,70,70,70,70,70,70,70,70,70,70,70,70,70,70,70,70,70,70,70],"card_choices":[{"not_picked":["Deadly Poison","Sucker Punch"],"picked":"Noxious Fumes","floor":1.0},{"not_picked":["PiercingWail","Flechettes"],"picked":"Dagger Spray","floor":3.0},{"not_picked":["Sucker Punch","Poisoned Stab"],"picked":"Noxious Fumes","floor":4.0},{"not_picked":["Escape Plan","Slice"],"picked":"Die Die Die","floor":6.0},{"not_picked":["Catalyst","Expertise"],"picked":"Poisoned Stab","floor":8.0},{"not_picked":["Calculated Gamble","Slice"],"picked":"Sucker Punch","floor":11.0},{"not_picked":["Dagger Throw","PiercingWail"],"picked":"Deadly Poison","floor":12.0},{"not_picked":["Slice","Quick Slash"],"picked":"Flying Knee","floor":13.0},{"not_picked":["Outmaneuver","Prepared","Dodge and Roll"],"picked":"SKIP","floor":14.0},{"not_picked":["Night Terror","Tools of the Trade"],"picked":"Venomology","floor":16.0},{"not_picked":["Dagger Throw"],"picked":"SKIP","floor":18.0},{"not_picked":[],"picked":"Heel Hook","floor":20.0},{"not_picked":[],"picked":"Poisoned Stab+1","floor":22.0},{"not_picked":["Deadly Poison"],"picked":"SKIP","floor":24.0},{"not_picked":[],"picked":"Choke","floor":25.0},{"not_picked":[],"picked":"Adrenaline","floor":29.0},{"not_picked":["Flechettes+1"],"picked":"SKIP","floor":31.0},{"not_picked":["Skewer"],"picked":"SKIP","floor":35.0},{"not_picked":[],"picked":"All Out Attack+1","floor":38},{"not_picked":["Blade Dance+1"],"picked":"SKIP","floor":40},{"not_picked":["Outmaneuver"],"picked":"SKIP","floor":45},{"not_picked":["Outmaneuver+1"],"picked":"SKIP","floor":47},{"not_picked":["Infinite Blades"],"picked":"SKIP","floor":48}],"player_experience":54997,"relics_obtained":[{"floor":5.0,"key":"Sundial"},{"floor":6.0,"key":"Orichalcum"},{"floor":9.0,"key":"Paper Crane"},{"floor":12.0,"key":"Ninja Scroll"},{"floor":24.0,"key":"Boot"},{"floor":26.0,"key":"Anchor"},{"floor":28.0,"key":"Tough Bandages"},{"floor":28.0,"key":"Bottled Lightning"},{"floor":29.0,"key":"Regal Pillow"},{"floor":40,"key":"Gremlin Horn"},{"floor":43,"key":"Centennial Puzzle"},{"floor":47,"key":"Letter Opener"}],"event_choices":[{"damage_healed":0.0,"max_hp_gain":0.0,"max_hp_loss":0.0,"gold_gain":0.0,"event_name":"Dead Adventurer","player_choice":"Searched \u00272\u0027 times","floor":13.0,"gold_loss":0.0,"damage_taken":0.0,"relics_obtained":["Darkstone Periapt"]},{"damage_healed":0.0,"max_hp_gain":0.0,"max_hp_loss":0.0,"gold_gain":0.0,"event_name":"Drug Dealer","player_choice":"Inject Mutagens","floor":21.0,"gold_loss":0.0,"damage_taken":0.0,"relics_obtained":["MutagenicStrength"]},{"damage_healed":0.0,"max_hp_gain":0.0,"max_hp_loss":0.0,"gold_gain":0.0,"event_name":"Colosseum","player_choice":"Fight","floor":28.0,"gold_loss":0.0,"damage_taken":0.0},{"damage_healed":0.0,"max_hp_gain":0.0,"max_hp_loss":0.0,"gold_gain":0.0,"event_name":"Colosseum","player_choice":"Fought Nobs","floor":28.0,"gold_loss":0.0,"damage_taken":0.0},{"damage_healed":0.0,"max_hp_gain":0.0,"max_hp_loss":0.0,"gold_gain":0.0,"event_name":"The Mausoleum","player_choice":"Ignored","floor":30.0,"gold_loss":0.0,"damage_taken":0.0},{"cards_removed":["Deadly Poison"],"damage_healed":0.0,"max_hp_gain":0.0,"max_hp_loss":0.0,"gold_gain":0.0,"event_name":"Falling","player_choice":"Removed Skill","floor":36.0,"gold_loss":0.0,"damage_taken":0.0},{"damage_healed":0.0,"max_hp_gain":0.0,"max_hp_loss":0.0,"gold_gain":0.0,"event_name":"Match and Keep!","player_choice":"0 cards matched","floor":37.0,"gold_loss":0.0,"damage_taken":0.0,"cards_obtained":[]}],"is_beta":false,"boss_relics":[{"not_picked":["Philosopher\u0027s Stone","Velvet Choker"],"picked":"Busted Crown"},{"not_picked":["HoveringKite","Snecko Eye"],"picked":"White Beast Statue"}],"items_purged_floors":[19,39],"is_endless":false,"potions_floor_spawned":[1,11,12,13,14,18,24,28,29,33,35,38,40,45,47,48],"killed_by":"Time Eater","ascension_level":0}