{"gold_per_floor":[119,134,134,37,37,67,67,79,79,79,94,107,170,200,200,200],"floor_reached":16,"playtime":312,"items_purged":[],"score":142,"play_id":"14ae2cfe-9b62-4c96-9966-527a8e32ca8d","local_time":"20190420164044","is_ascension_mode":true,"campfire_choices":[{"data":"Multi-Cast","floor":7,"key":"SMITH"},{"data":"Dualcast","floor":10,"key":"SMITH"},{"data":"Zap","floor":15,"key":"SMITH"}],"neow_cost":"NONE","seed_source_timestamp":324614011756763,"circlet_count":0,"master_deck":["Strike_B","Strike_B","Strike_B","Strike_B+1","Defend_B","Defend_B+1","Defend_B","Defend_B","Zap+1","Dualcast+1","Sweeping Beam","Flash of Steel","Blizzard","Multi-Cast+1","Recycle","Compile Driver","Ball Lightning","All For One","Gash"],"relics":["Cracked Core","NeowsBlessing","Shuriken","Meat on the Bone","Boot","Nunchaku"],"potions_floor_usage":[13,13,13,14],"damage_taken":[{"damage":0,"enemies":"Small Slimes","floor":1,"turns":1},{"damage":0,"enemies":"Cultist","floor":2,"turns":1},{"damage":0,"enemies":"3 Sentries","floor":6,"turns":1},{"damage":11,"enemies":"Jaw Worm","floor":8,"turns":2},{"damage":0,"enemies":"2 Fungi Beasts","floor":11,"turns":2},{"damage":12,"enemies":"Blue Slaver","floor":12,"turns":3},{"damage":0,"enemies":"Gremlin Nob","floor":13,"turns":2},{"damage":31,"enemies":"Lagavulin","floor":14,"turns":5},{"damage":13,"enemies":"The Guardian","floor":16,"turns":4}],"seed_played":"-6209284875815055931","potions_obtained":[{"floor":6,"key":"Ancient Potion"},{"floor":8,"key":"Explosive Potion"},{"floor":11,"key":"FearPotion"},{"floor":13,"key":"Poison Potion"}],"is_trial":false,"path_per_floor":["M","M","?","$","?","E","R","M","T","R","M","M","?","E","R","B"],"character_chosen":"DEFECT","items_purchased":["Flash of Steel"],"campfire_rested":0,"item_purchase_floors":[4],"current_hp_per_floor":[75,75,60,60,60,60,60,49,49,49,49,49,49,30,30,17],"gold":200,"neow_bonus":"THREE_ENEMY_KILL","is_prod":false,"is_daily":false,"chose_seed":false,"campfire_upgraded":3,"win_rate":0,"timestamp":1555746044,"path_taken":["M","M","?","$","?","E","R","M","T","R","M","?","?","E","R","BOSS"],"build_version":"2019-01-23","purchased_purges":0,"victory":false,"max_hp_per_floor":[75,75,75,75,75,75,75,75,75,75,75,75,75,75,75,75],"card_choices":[{"not_picked":["Go for the Eyes","Darkness"],"picked":"Rip and Tear","floor":1},{"not_picked":["Coolheaded","Streamline"],"picked":"Sweeping Beam","floor":2},{"not_picked":["Sweeping Beam","Streamline"],"picked":"Multi-Cast","floor":6},{"not_picked":["Scrape","Steam Power"],"picked":"Recycle","floor":8},{"not_picked":["Reprogram","Recycle"],"picked":"Compile Driver","floor":11},{"not_picked":["Compile Driver","Conserve Battery"],"picked":"Ball Lightning","floor":12},{"not_picked":["Hologram","Capacitor"],"picked":"All For One","floor":13},{"not_picked":["Buffer","Reprogram"],"picked":"Gash","floor":14}],"player_experience":320723,"relics_obtained":[{"floor":6,"key":"Shuriken"},{"floor":9,"key":"Meat on the Bone"},{"floor":14,"key":"Nunchaku"}],"event_choices":[{"damage_healed":0,"gold_gain":0,"player_choice":"Entered Light","damage_taken":15,"max_hp_gain":0,"max_hp_loss":0,"event_name":"Shining Light","floor":3,"gold_loss":0,"cards_upgraded":["Defend_B","Strike_B"]},{"damage_healed":0,"gold_gain":0,"cards_transformed":["Rip and Tear"],"player_choice":"Transformed","damage_taken":0,"max_hp_gain":0,"max_hp_loss":0,"event_name":"Transmorgrifier","floor":5,"gold_loss":0,"cards_obtained":["Blizzard"]},{"damage_healed":0,"gold_gain":0,"player_choice":"Searched \u00272\u0027 times","damage_taken":0,"relics_obtained":["Boot"],"max_hp_gain":0,"max_hp_loss":0,"event_name":"Dead Adventurer","floor":13,"gold_loss":0}],"is_beta":false,"boss_relics":[],"items_purged_floors":[],"is_endless":false,"potions_floor_spawned":[6,8,11,13],"killed_by":"The Guardian","ascension_level":1}