{"gold_per_floor":[110,110,110,130,146,146,174,174,174,200,213,231,67,67,67,138,138,158,174,16,16],"floor_reached":21,"playtime":813,"items_purged":["Strike_R"],"score":369,"play_id":"65cc2846-ec8e-4343-ade9-02e0b0360c92","local_time":"20190327142817","is_ascension_mode":true,"campfire_choices":[{"floor":6,"key":"REST"},{"floor":8,"key":"REST"},{"data":"Bash","floor":15,"key":"SMITH"}],"neow_cost":"NONE","seed_source_timestamp":89564633193946,"circlet_count":0,"master_deck":["AscendersBane","Strike_R+1","Strike_R","Strike_R+1","Defend_R","Defend_R","Defend_R","Defend_R","Bash+1","Spot Weakness","Corruption","Headbutt","Impervious","Twin Strike","Barricade+1","Impervious","Shrug It Off","Armaments+1","Immolate"],"relics":["Burning Blood","Regal Pillow","Darkstone Periapt","Strawberry","Frozen Egg 2","Dodecahedron","Mark of Pain"],"potions_floor_usage":[16,16],"damage_taken":[{"damage":2,"enemies":"2 Louse","floor":1,"turns":2},{"damage":10,"enemies":"Small Slimes","floor":4,"turns":3},{"damage":9,"enemies":"Jaw Worm","floor":5,"turns":4},{"damage":60,"enemies":"3 Sentries","floor":7,"turns":12},{"damage":30,"enemies":"Lagavulin","floor":10,"turns":6},{"damage":6,"enemies":"Blue Slaver","floor":11,"turns":5},{"damage":3,"enemies":"3 Louse","floor":12,"turns":4},{"damage":28,"enemies":"Slime Boss","floor":16,"turns":8},{"damage":55,"enemies":"3 Byrds","floor":18,"turns":9},{"damage":0,"enemies":"Spheric Guardian","floor":19,"turns":6},{"damage":25,"enemies":"Shelled Parasite and Fungi","floor":21,"turns":4}],"seed_played":"-6551997112489377598","potions_obtained":[{"floor":4,"key":"Fire Potion"},{"floor":11,"key":"SteroidPotion"},{"floor":12,"key":"Weak Potion"}],"is_trial":false,"path_per_floor":["M","?","?","M","M","R","E","R","T","E","M","M","$","?","R","B",null,"M","M","$","M"],"character_chosen":"IRONCLAD","items_purchased":["Barricade+1","Immolate"],"campfire_rested":2,"item_purchase_floors":[13,20],"current_hp_per_floor":[72,49,42,38,35,72,18,55,62,38,38,41,41,41,41,19,66,17,23,23,0],"gold":16,"neow_bonus":"RANDOM_COMMON_RELIC","is_prod":false,"is_daily":false,"chose_seed":false,"campfire_upgraded":1,"win_rate":0,"timestamp":1553711297,"path_taken":["M","?","?","M","M","R","E","R","T","E","M","M","$","?","R","BOSS","M","M","$","M"],"build_version":"2019-01-23","purchased_purges":1,"victory":false,"max_hp_per_floor":[75,75,75,75,75,75,75,75,82,82,82,82,82,82,82,82,82,82,82,82,82],"card_choices":[{"not_picked":["True Grit","Sword Boomerang"],"picked":"Spot Weakness","floor":1},{"not_picked":["Pummel","Bloodletting"],"picked":"Corruption","floor":4},{"not_picked":["Battle Trance","Spot Weakness"],"picked":"Headbutt","floor":5},{"not_picked":["Entrench","Thunderclap","Warcry"],"picked":"SKIP","floor":7},{"not_picked":["Heavy Blade","Pummel"],"picked":"Impervious","floor":10},{"not_picked":["Rampage","Dual Wield"],"picked":"Twin Strike","floor":11},{"not_picked":["Perfected Strike","Headbutt","Twin Strike"],"picked":"SKIP","floor":12},{"not_picked":["Perfected Strike","Headbutt","Twin Strike"],"picked":"SKIP","floor":12},{"not_picked":["Exhume","Berserk+1"],"picked":"Impervious","floor":16},{"not_picked":["Cleave","Rampage"],"picked":"Shrug It Off","floor":18},{"not_picked":["Perfected Strike","Flex"],"picked":"Armaments+1","floor":19}],"player_experience":523020,"relics_obtained":[{"floor":7,"key":"Darkstone Periapt"},{"floor":9,"key":"Strawberry"},{"floor":10,"key":"Frozen Egg 2"}],"event_choices":[{"damage_healed":0,"gold_gain":0,"player_choice":"Entered Light","damage_taken":23,"max_hp_gain":0,"max_hp_loss":0,"event_name":"Shining Light","floor":2,"gold_loss":0,"cards_upgraded":["Strike_R","Strike_R"]},{"cards_removed":["Strike_R"],"damage_healed":0,"gold_gain":0,"player_choice":"Card Removal","damage_taken":7,"max_hp_gain":0,"max_hp_loss":0,"event_name":"Golden Wing","floor":3,"gold_loss":0},{"damage_healed":0,"gold_gain":0,"player_choice":"Searched \u00271\u0027 times","damage_taken":0,"relics_obtained":["Dodecahedron"],"max_hp_gain":0,"max_hp_loss":0,"event_name":"Dead Adventurer","floor":14,"gold_loss":0}],"is_beta":false,"boss_relics":[{"not_picked":["Velvet Choker","Eternal Feather"],"picked":"Mark of Pain"}],"items_purged_floors":[20],"is_endless":false,"potions_floor_spawned":[4,11,12],"killed_by":"Shelled Parasite and Fungi","ascension_level":19}