{"gold_per_floor":[109,109,109,128,128,161,173,173,173,206,260,288,302,334,334,437,437,452,452,452,149,167,167,183,108,135,147,169,181],"floor_reached":29,"playtime":1010,"items_purged":["Shame"],"score":303,"play_id":"08507713-7384-4de0-b168-2430590c87bf","local_time":"20190422112731","is_ascension_mode":true,"campfire_choices":[{"data":"Corruption","floor":8,"key":"SMITH"},{"data":"Armaments","floor":15,"key":"SMITH"},{"data":"Metamorphosis","floor":23,"key":"SMITH"},{"data":"Whirlwind","floor":27,"key":"SMITH"}],"neow_cost":"NONE","seed_source_timestamp":70556752264258,"circlet_count":0,"master_deck":["Strike_R","Strike_R","Strike_R","Defend_R","Defend_R+1","Defend_R","Defend_R+1","Bash","Iron Wave","Seeing Red","Corruption+1","Whirlwind+1","Evolve","Iron Wave+1","Shrug It Off","Clothesline+1","Armaments+1","Reaper+1","Sentinel","Feel No Pain","Metamorphosis+1","Dual Wield","Shrug It Off"],"relics":["Burning Blood","NeowsBlessing","Ancient Tea Set","Spirit Poop","Bag of Marbles","Pantograph","Molten Egg 2","War Paint","Smiling Mask","Art of War","Sozu","Regal Pillow","MawBank"],"potions_floor_usage":[10,12,12,14,24,29],"damage_taken":[{"damage":0,"enemies":"Jaw Worm","floor":1,"turns":1},{"damage":0,"enemies":"2 Louse","floor":4,"turns":1},{"damage":0,"enemies":"Lagavulin","floor":6,"turns":2},{"damage":5,"enemies":"Cultist","floor":7,"turns":4},{"damage":17,"enemies":"3 Sentries","floor":10,"turns":7},{"damage":16,"enemies":"Gremlin Nob","floor":12,"turns":4},{"damage":13,"enemies":"Exordium Thugs","floor":13,"turns":3},{"damage":8,"enemies":"Lagavulin","floor":14,"turns":5},{"damage":38,"enemies":"The Guardian","floor":16,"turns":12},{"damage":26,"enemies":"2 Thieves","floor":18,"turns":3},{"damage":8,"enemies":"Shell Parasite","floor":22,"turns":5},{"damage":33,"enemies":"Snake Plant","floor":24,"turns":5},{"damage":20,"enemies":"Shelled Parasite and Fungi","floor":28,"turns":6},{"damage":47,"enemies":"Book of Stabbing","floor":29,"turns":5}],"seed_played":"-7124294502825064214","potions_obtained":[{"floor":1,"key":"SteroidPotion"},{"floor":7,"key":"SteroidPotion"},{"floor":10,"key":"Strength Potion"},{"floor":13,"key":"Fire Potion"},{"floor":14,"key":"Ancient Potion"},{"floor":16,"key":"GamblersBrew"}],"is_trial":false,"path_per_floor":["M","?","?","M","?","E","M","R","T","E","T","E","M","E","R","B",null,"M","?","?","$","M","R","M","?","T","R","M","E"],"character_chosen":"IRONCLAD","items_purchased":["Feel No Pain","Metamorphosis"],"campfire_rested":0,"item_purchase_floors":[21,21],"current_hp_per_floor":[80,80,80,80,80,80,80,80,80,69,69,59,52,50,50,43,80,70,70,70,70,73,73,51,51,51,51,42,0],"gold":181,"neow_bonus":"THREE_ENEMY_KILL","is_prod":false,"is_daily":false,"chose_seed":false,"campfire_upgraded":4,"win_rate":0,"timestamp":1555900051,"path_taken":["M","?","?","M","?","E","?","R","T","E","?","E","M","E","R","BOSS","M","?","?","$","M","R","M","?","T","R","M","E"],"build_version":"2019-01-23","purchased_purges":1,"victory":false,"max_hp_per_floor":[80,80,80,80,80,80,80,80,80,80,80,80,80,80,80,80,80,80,80,80,80,80,80,80,80,80,80,80,80],"card_choices":[{"not_picked":["Infernal Blade","Sword Boomerang"],"picked":"Iron Wave","floor":1},{"not_picked":["Power Through","Clash"],"picked":"Corruption","floor":4},{"not_picked":["Clash","Perfected Strike"],"picked":"Whirlwind","floor":6},{"not_picked":["Bludgeon","Burning Pact"],"picked":"Evolve","floor":7},{"not_picked":["Warcry","Burning Pact"],"picked":"Iron Wave","floor":10},{"not_picked":["Twin Strike+1","Blood for Blood+1"],"picked":"Shrug It Off","floor":12},{"not_picked":["Metallicize","Pummel+1"],"picked":"Clothesline+1","floor":13},{"not_picked":["Whirlwind+1","Sever Soul+1"],"picked":"Armaments","floor":14},{"not_picked":["Juggernaut","Immolate+1"],"picked":"Reaper+1","floor":16},{"not_picked":["Thunderclap+1","Heavy Blade+1"],"picked":"Sentinel","floor":18},{"not_picked":["Warcry","Perfected Strike+1","Burning Pact"],"picked":"SKIP","floor":22},{"not_picked":["Corruption+1","Body Slam+1"],"picked":"Dual Wield","floor":24},{"not_picked":["Anger+1","Thunderclap+1"],"picked":"Shrug It Off","floor":28}],"player_experience":333579,"relics_obtained":[{"floor":6,"key":"Bag of Marbles"},{"floor":9,"key":"Pantograph"},{"floor":10,"key":"Molten Egg 2"},{"floor":11,"key":"War Paint"},{"floor":12,"key":"Smiling Mask"},{"floor":14,"key":"Art of War"},{"floor":26,"key":"MawBank"}],"event_choices":[{"damage_healed":0,"gold_gain":0,"cards_transformed":["Strike_R"],"player_choice":"Change","damage_taken":0,"max_hp_gain":0,"max_hp_loss":0,"event_name":"Living Wall","floor":2,"gold_loss":0,"cards_obtained":["Seeing Red"]},{"damage_healed":0,"gold_gain":0,"player_choice":"Box","damage_taken":0,"relics_obtained":["Ancient Tea Set"],"max_hp_gain":0,"max_hp_loss":0,"event_name":"Big Fish","floor":3,"gold_loss":0,"cards_obtained":["Regret"]},{"cards_removed":["Regret"],"damage_healed":0,"gold_gain":0,"player_choice":"Offered Curse","damage_taken":0,"relics_obtained":["Spirit Poop"],"max_hp_gain":0,"max_hp_loss":0,"event_name":"Bonfire Elementals","floor":5,"gold_loss":0},{"damage_healed":0,"gold_gain":0,"player_choice":"Ignored","damage_taken":0,"max_hp_gain":0,"max_hp_loss":0,"event_name":"Ghosts","floor":19,"gold_loss":0},{"damage_healed":0,"gold_gain":0,"player_choice":"Stole Relic","damage_taken":0,"relics_obtained":["Regal Pillow"],"max_hp_gain":0,"max_hp_loss":0,"event_name":"Addict","floor":20,"gold_loss":0,"cards_obtained":["Shame"]},{"cards_removed":["Strike_R"],"damage_healed":0,"gold_gain":0,"player_choice":"Gave Gold","damage_taken":0,"max_hp_gain":0,"max_hp_loss":0,"event_name":"Beggar","floor":25,"gold_loss":75}],"is_beta":false,"boss_relics":[{"not_picked":["White Beast Statue","Mark of Pain"],"picked":"Sozu"}],"items_purged_floors":[21],"is_endless":false,"potions_floor_spawned":[1,7,10,13,14,16],"killed_by":"Book of Stabbing","ascension_level":2}