{"gold_per_floor":[113,128,128,128,138,138,172,189,212,229,229,246,265,190,190,292,292,306,306,325,335,351,351,365,365,365,365],"floor_reached":27,"playtime":1047,"items_purged":[],"score":244,"play_id":"f0d3058a-a969-4e73-8c93-760385b81869","local_time":"20190420143244","is_ascension_mode":false,"campfire_choices":[{"data":"Dualcast","floor":6,"key":"SMITH"},{"data":"Zap","floor":11,"key":"SMITH"},{"data":"Loop","floor":15,"key":"SMITH"},{"data":"Echo Form","floor":23,"key":"SMITH"},{"data":"White Noise","floor":25,"key":"SMITH"}],"neow_cost":"NONE","seed_source_timestamp":316195204302317,"circlet_count":0,"master_deck":["Strike_B","Strike_B","Strike_B","Strike_B","Defend_B","Defend_B","Defend_B","Defend_B","Zap+1","Dualcast+1","White Noise","Cold Snap","Heatsinks","Chill","Ball Lightning","Conserve Battery","Compile Driver","Loop+1","Echo Form+1","Cold Snap","Self Repair","Glacier","Steam Power","White Noise+1","Ball Lightning+1","Hello World+1"],"relics":["Cracked Core","DataDisk","Orrery","Gremlin Horn"],"potions_floor_usage":[7,16,24,27,27,27,27,27,27],"damage_taken":[{"damage":11,"enemies":"Jaw Worm","floor":1,"turns":3},{"damage":6,"enemies":"Cultist","floor":2,"turns":3},{"damage":6,"enemies":"2 Louse","floor":5,"turns":3},{"damage":30,"enemies":"Gremlin Nob","floor":7,"turns":6},{"damage":15,"enemies":"Lots of Slimes","floor":8,"turns":3},{"damage":6,"enemies":"Blue Slaver","floor":10,"turns":4},{"damage":2,"enemies":"Exordium Wildlife","floor":12,"turns":3},{"damage":5,"enemies":"Exordium Thugs","floor":13,"turns":5},{"damage":5,"enemies":"Hexaghost","floor":16,"turns":9},{"damage":12,"enemies":"Spheric Guardian","floor":18,"turns":4},{"damage":0,"enemies":"Shell Parasite","floor":20,"turns":6},{"damage":19,"enemies":"Shelled Parasite and Fungi","floor":21,"turns":8},{"damage":35,"enemies":"Snake Plant","floor":22,"turns":5},{"damage":27,"enemies":"Cultist and Chosen","floor":24,"turns":8},{"damage":29,"enemies":"Sentry and Sphere","floor":27,"turns":3}],"seed_played":"2979136190063910181","potions_obtained":[{"floor":1,"key":"PowerPotion"},{"floor":8,"key":"FearPotion"},{"floor":10,"key":"AttackPotion"},{"floor":19,"key":"SkillPotion"},{"floor":19,"key":"EntropicBrew"},{"floor":24,"key":"Strength Potion"}],"is_trial":false,"path_per_floor":["M","M","?","?","M","R","E","M","T","M","R","M","M","$","R","B",null,"M","?","M","M","M","R","M","R","T","M"],"character_chosen":"DEFECT","items_purchased":["Loop"],"campfire_rested":0,"item_purchase_floors":[14],"current_hp_per_floor":[64,58,63,90,84,84,54,39,39,33,33,31,26,26,26,21,90,78,78,85,73,45,45,25,25,25,0],"gold":365,"neow_bonus":"ONE_RANDOM_RARE_CARD","is_prod":false,"is_daily":false,"chose_seed":false,"campfire_upgraded":5,"win_rate":0,"timestamp":1555738364,"path_taken":["M","M","?","?","?","R","E","M","T","M","R","M","M","?","R","BOSS","M","?","?","M","M","R","M","R","T","M"],"build_version":"2019-01-23","purchased_purges":0,"victory":false,"max_hp_per_floor":[75,75,80,90,90,90,90,90,90,90,90,90,90,90,90,90,90,90,90,90,90,90,90,90,90,90,90],"card_choices":[{"not_picked":["Rip and Tear","Beam Cell"],"picked":"White Noise","floor":1},{"not_picked":["Gash","Sunder","Consume"],"picked":"SKIP","floor":2},{"not_picked":["Recycle","Stack"],"picked":"Cold Snap","floor":5},{"not_picked":["Tempest","Conserve Battery"],"picked":"Heatsinks","floor":7},{"not_picked":["Turbo","Go for the Eyes"],"picked":"Chill","floor":8},{"not_picked":["Melter","Compile Driver"],"picked":"Ball Lightning","floor":10},{"not_picked":["Stack","Barrage"],"picked":"Conserve Battery","floor":12},{"not_picked":["Steam","Undo"],"picked":"Compile Driver","floor":13},{"not_picked":["Rainbow","Multi-Cast"],"picked":"Echo Form","floor":16},{"not_picked":["Genetic Algorithm","Barrage"],"picked":"Cold Snap","floor":17},{"not_picked":["Loop","Lockon"],"picked":"Self Repair","floor":17},{"not_picked":["Barrage","Streamline"],"picked":"Glacier","floor":17},{"not_picked":["Streamline","Conserve Battery"],"picked":"Steam Power","floor":18},{"not_picked":["Reprogram","Leap"],"picked":"White Noise","floor":20},{"not_picked":["Steam","Redo+1"],"picked":"Ball Lightning+1","floor":21},{"not_picked":["Steam+1","Go for the Eyes"],"picked":"Hello World+1","floor":22},{"not_picked":["Static Discharge","Rebound","Skim+1"],"picked":"SKIP","floor":24}],"player_experience":314413,"relics_obtained":[{"floor":7,"key":"DataDisk"},{"floor":26,"key":"Gremlin Horn"}],"event_choices":[{"damage_healed":0,"gold_gain":0,"player_choice":"Donut","damage_taken":0,"max_hp_gain":5,"max_hp_loss":0,"event_name":"Big Fish","floor":3,"gold_loss":0},{"cards_removed":["Amplify"],"damage_healed":17,"gold_gain":0,"player_choice":"Offered Rare","damage_taken":0,"max_hp_gain":10,"max_hp_loss":0,"event_name":"Bonfire Elementals","floor":4,"gold_loss":0},{"damage_healed":0,"gold_gain":0,"player_choice":"Got Potions","damage_taken":0,"max_hp_gain":0,"max_hp_loss":0,"event_name":"Lab","floor":19,"gold_loss":0}],"is_beta":false,"boss_relics":[{"not_picked":["Snecko Eye","Velvet Choker"],"picked":"Orrery"}],"items_purged_floors":[],"is_endless":false,"potions_floor_spawned":[1,8,10,24],"killed_by":"Sentry and Sphere","ascension_level":0}