{"gold_per_floor":[109,109,109,127,143,184,202,218,243,243,319,338,338],"floor_reached":13,"playtime":307,"items_purged":[],"score":87,"play_id":"8f83d267-4a6a-4428-89b9-0947ff2c2457","local_time":"20190518105630","is_ascension_mode":false,"campfire_choices":[{"data":"Dualcast","floor":10,"key":"SMITH"}],"neow_cost":"NONE","seed_source_timestamp":211541993538833,"circlet_count":0,"master_deck":["Strike_B","Strike_B+1","Strike_B","Strike_B+1","Defend_B","Defend_B","Defend_B","Defend_B","Zap","Dualcast+1","Cold Snap","Streamline","Cold Snap","Conserve Battery","Turbo","Streamline"],"relics":["Cracked Core","Golden Idol","Pear","Blood Vial"],"potions_floor_usage":[6,6],"damage_taken":[{"damage":0,"enemies":"2 Louse","floor":1,"turns":2},{"damage":7,"enemies":"Small Slimes","floor":4,"turns":4},{"damage":6,"enemies":"Jaw Worm","floor":5,"turns":2},{"damage":25,"enemies":"Lagavulin","floor":6,"turns":4},{"damage":5,"enemies":"Exordium Thugs","floor":7,"turns":4},{"damage":0,"enemies":"2 Fungi Beasts","floor":8,"turns":2},{"damage":2,"enemies":"Exordium Wildlife","floor":12,"turns":3},{"damage":11,"enemies":"Gremlin Gang","floor":13,"turns":3}],"seed_played":"3631826857164337370","potions_obtained":[{"floor":0,"key":"Poison Potion"},{"floor":0,"key":"SneckoOil"},{"floor":0,"key":"Strength Potion"},{"floor":6,"key":"Explosive Potion"},{"floor":7,"key":"Block Potion"}],"is_trial":false,"path_per_floor":["M","?","?","M","M","E","M","M","T","R","?","M","M"],"character_chosen":"DEFECT","items_purchased":[],"campfire_rested":0,"item_purchase_floors":[],"current_hp_per_floor":[75,60,42,35,29,14,9,9,9,9,9,9,0],"gold":338,"neow_bonus":"THREE_SMALL_POTIONS","is_prod":false,"is_daily":false,"chose_seed":false,"campfire_upgraded":1,"win_rate":0,"timestamp":1558144590,"path_taken":["M","?","?","M","M","E","M","M","T","R","?","M","?"],"build_version":"2019-01-23","purchased_purges":0,"victory":false,"max_hp_per_floor":[75,75,75,75,75,85,85,85,85,85,85,85,85],"card_choices":[{"not_picked":["Streamline","Echo Form"],"picked":"Cold Snap","floor":1},{"not_picked":["Go for the Eyes","Redo"],"picked":"Streamline","floor":4},{"not_picked":["Aggregate","Force Field"],"picked":"Cold Snap","floor":5},{"not_picked":["Turbo","Cold Snap"],"picked":"Conserve Battery","floor":6},{"not_picked":["Barrage","Hyperbeam"],"picked":"Turbo","floor":7},{"not_picked":["Tempest","Melter","Storm"],"picked":"SKIP","floor":8},{"not_picked":["Barrage","Auto Shields"],"picked":"Streamline","floor":12}],"player_experience":375130,"relics_obtained":[{"floor":6,"key":"Pear"},{"floor":9,"key":"Blood Vial"}],"event_choices":[{"damage_healed":0,"gold_gain":0,"player_choice":"Entered Light","damage_taken":15,"max_hp_gain":0,"max_hp_loss":0,"event_name":"Shining Light","floor":2,"gold_loss":0,"cards_upgraded":["Strike_B","Strike_B"]},{"damage_healed":0,"gold_gain":0,"player_choice":"Take Damage","damage_taken":18,"relics_obtained":["Golden Idol"],"max_hp_gain":0,"max_hp_loss":0,"event_name":"Golden Idol","floor":3,"gold_loss":0},{"damage_healed":0,"gold_gain":76,"player_choice":"Gained Gold","damage_taken":0,"max_hp_gain":0,"max_hp_loss":0,"event_name":"Golden Wing","floor":11,"gold_loss":0}],"is_beta":false,"boss_relics":[],"items_purged_floors":[],"is_endless":false,"potions_floor_spawned":[6,7],"killed_by":"Gremlin Gang","ascension_level":0}