{"gold_per_floor":[218,230,230,246,261,261,261,273,273,330,356,102,121,135,135,233,233,245,277,277,552,248,248,266,266,314,314,314],"floor_reached":28,"playtime":571,"items_purged":[],"score":218,"play_id":"9195cc0e-e75f-485a-889d-3718eccae323","local_time":"20190508182707","is_ascension_mode":false,"campfire_choices":[{"data":"Cleave","floor":7,"key":"SMITH"},{"data":"Clash","floor":15,"key":"SMITH"},{"data":"Demon Form","floor":23,"key":"SMITH"},{"data":"Perfected Strike","floor":25,"key":"SMITH"},{"data":"Bash","floor":27,"key":"SMITH"}],"neow_cost":"NONE","seed_source_timestamp":5935600777300,"circlet_count":0,"master_deck":["Strike_R+1","Strike_R","Strike_R","Strike_R","Strike_R","Defend_R+1","Defend_R","Defend_R","Defend_R","Bash+1","Cleave+1","Twin Strike","Whirlwind+1","Perfected Strike+1","Warcry+1","Perfected Strike","Clash+1","Shrug It Off+1","Demon Form+1","Pommel Strike+1","Havoc+1","Regret"],"relics":["Burning Blood","Toxic Egg 2","Dodecahedron","Darkstone Periapt","Paper Frog","Philosopher\u0027s Stone","Red Mask","Ginger","Potion Belt"],"potions_floor_usage":[10,13,16,16,16],"damage_taken":[{"damage":6,"enemies":"Cultist","floor":1,"turns":3},{"damage":7,"enemies":"Small Slimes","floor":2,"turns":3},{"damage":0,"enemies":"2 Louse","floor":4,"turns":2},{"damage":20,"enemies":"Looter","floor":5,"turns":3},{"damage":0,"enemies":"3 Louse","floor":8,"turns":1},{"damage":5,"enemies":"3 Sentries","floor":10,"turns":4},{"damage":27,"enemies":"3 Sentries","floor":11,"turns":4},{"damage":4,"enemies":"Large Slime","floor":13,"turns":4},{"damage":0,"enemies":"Lots of Slimes","floor":14,"turns":1},{"damage":48,"enemies":"Slime Boss","floor":16,"turns":13},{"damage":25,"enemies":"Shell Parasite","floor":18,"turns":3},{"damage":20,"enemies":"Masked Bandits","floor":19,"turns":4},{"damage":9,"enemies":"Spheric Guardian","floor":24,"turns":3},{"damage":34,"enemies":"Snake Plant","floor":28,"turns":3}],"seed_played":"-534412371149237650","potions_obtained":[{"floor":4,"key":"Block Potion"},{"floor":10,"key":"Block Potion"},{"floor":11,"key":"Ancient Potion"},{"floor":13,"key":"BloodPotion"},{"floor":14,"key":"SpeedPotion"},{"floor":24,"key":"Explosive Potion"}],"is_trial":false,"path_per_floor":["M","M","?","M","M","?","R","M","T","?","E","$","M","M","R","B",null,"M","?","?","?","$","R","M","R","T","R","M"],"character_chosen":"IRONCLAD","items_purchased":["Paper Frog","Ginger"],"campfire_rested":0,"item_purchase_floors":[12,22],"current_hp_per_floor":[80,79,63,69,55,55,55,61,61,62,41,41,43,49,49,15,80,61,47,32,38,38,38,35,35,35,35,1],"gold":314,"neow_bonus":"HUNDRED_GOLD","is_prod":false,"is_daily":false,"chose_seed":false,"campfire_upgraded":5,"win_rate":0,"timestamp":1557329227,"path_taken":["M","?","?","M","M","?","R","M","T","?","E","$","M","M","R","BOSS","M","?","?","?","$","R","M","R","T","R","M"],"build_version":"2019-01-23","purchased_purges":0,"victory":false,"max_hp_per_floor":[80,80,80,80,80,80,80,80,80,80,80,80,80,80,80,80,80,80,80,85,91,91,91,91,91,91,91,91],"card_choices":[{"not_picked":["Thunderclap","Bloodletting"],"picked":"Cleave","floor":1},{"not_picked":["Evolve","Intimidate"],"picked":"Twin Strike","floor":2},{"not_picked":["Seeing Red","Twin Strike"],"picked":"Whirlwind","floor":4},{"not_picked":["Heavy Blade","Twin Strike"],"picked":"Perfected Strike","floor":5},{"not_picked":["Ghostly Armor","Iron Wave","Warcry"],"picked":"SKIP","floor":8},{"not_picked":["Body Slam","Anger"],"picked":"Warcry+1","floor":10},{"not_picked":["Hemokinesis","Clothesline"],"picked":"Perfected Strike","floor":11},{"not_picked":["Intimidate+1","Iron Wave"],"picked":"Clash","floor":13},{"not_picked":["Metallicize","Battle Trance+1"],"picked":"Shrug It Off+1","floor":14},{"not_picked":["Brutality","Offering+1"],"picked":"Demon Form","floor":16},{"not_picked":["Wild Strike","Thunderclap"],"picked":"Pommel Strike+1","floor":18},{"not_picked":["Headbutt","Wild Strike"],"picked":"Havoc+1","floor":19},{"not_picked":["Rampage","Clash","Clothesline"],"picked":"SKIP","floor":24}],"player_experience":305137,"relics_obtained":[{"floor":9,"key":"Toxic Egg 2"},{"floor":10,"key":"Dodecahedron"},{"floor":11,"key":"Darkstone Periapt"},{"floor":19,"key":"Red Mask"},{"floor":26,"key":"Potion Belt"}],"event_choices":[{"damage_healed":0,"gold_gain":0,"player_choice":"Entered Light","damage_taken":16,"max_hp_gain":0,"max_hp_loss":0,"event_name":"Shining Light","floor":3,"gold_loss":0,"cards_upgraded":["Strike_R","Defend_R"]},{"damage_healed":0,"gold_gain":0,"player_choice":"Grow","damage_taken":0,"max_hp_gain":0,"max_hp_loss":0,"event_name":"Living Wall","floor":6,"gold_loss":0,"cards_upgraded":["Whirlwind"]},{"damage_healed":0,"gold_gain":0,"player_choice":"Searched \u00272\u0027 times","damage_taken":0,"max_hp_gain":0,"max_hp_loss":0,"event_name":"Dead Adventurer","floor":10,"gold_loss":0},{"damage_healed":0,"gold_gain":0,"player_choice":"Fought Bandits","damage_taken":0,"max_hp_gain":0,"max_hp_loss":0,"event_name":"Masked Bandits","floor":19,"gold_loss":0},{"damage_healed":0,"gold_gain":0,"player_choice":"Shed Blood","damage_taken":20,"max_hp_gain":5,"max_hp_loss":0,"event_name":"Forgotten Altar","floor":20,"gold_loss":0},{"damage_healed":0,"gold_gain":275,"player_choice":"Desecrate","damage_taken":0,"max_hp_gain":0,"max_hp_loss":0,"event_name":"Golden Shrine","floor":21,"gold_loss":0,"cards_obtained":["Regret"]}],"is_beta":false,"boss_relics":[{"not_picked":["Eternal Feather","Black Blood"],"picked":"Philosopher\u0027s Stone"}],"items_purged_floors":[],"is_endless":false,"potions_floor_spawned":[4,10,11,13,14,24],"killed_by":"Snake Plant","ascension_level":0}