{"gold_per_floor":[115,132,132,151,326,361,361,361,384,48,78,92,110,130,130,130],"floor_reached":16,"playtime":1087,"items_purged":["Strike_B"],"score":112,"play_id":"25d12a6c-a03d-4e73-b0ec-e70cd2b22216","local_time":"20190516185659","is_ascension_mode":false,"campfire_choices":[{"data":"Conserve Battery","floor":8,"key":"SMITH"},{"floor":15,"key":"REST"}],"neow_cost":"NONE","seed_source_timestamp":584780651309,"circlet_count":0,"master_deck":["Strike_B","Strike_B","Strike_B","Defend_B","Defend_B","Defend_B","Defend_B+1","Zap","Dualcast+1","White Noise","Conserve Battery+1","Reboot+1","Doubt","Cold Snap","Fusion","Capacitor","Turbo"],"relics":["Cracked Core","NeowsBlessing","Lantern","PreservedInsect","Bottled Lightning","Vajra"],"potions_floor_usage":[6,14,16,16],"damage_taken":[{"damage":0,"enemies":"Small Slimes","floor":1,"turns":1},{"damage":0,"enemies":"2 Louse","floor":2,"turns":1},{"damage":0,"enemies":"Cultist","floor":4,"turns":1},{"damage":23,"enemies":"3 Sentries","floor":6,"turns":9},{"damage":18,"enemies":"Gremlin Nob","floor":11,"turns":3},{"damage":1,"enemies":"2 Fungi Beasts","floor":12,"turns":5},{"damage":15,"enemies":"Gremlin Gang","floor":13,"turns":4},{"damage":2,"enemies":"Red Slaver","floor":14,"turns":4},{"damage":24,"enemies":"The Guardian","floor":16,"turns":10}],"seed_played":"-1742734046877332015","potions_obtained":[{"floor":1,"key":"Strength Potion"},{"floor":2,"key":"AttackPotion"},{"floor":11,"key":"Weak Potion"},{"floor":14,"key":"Energy Potion"}],"is_trial":false,"path_per_floor":["M","M","?","M","?","E","?","R","T","$","E","M","M","M","R","B"],"character_chosen":"DEFECT","items_purchased":["Bottled Lightning"],"campfire_rested":1,"item_purchase_floors":[10],"current_hp_per_floor":[75,75,60,60,60,37,37,37,37,37,19,18,3,1,23,0],"gold":130,"neow_bonus":"THREE_ENEMY_KILL","is_prod":false,"is_daily":false,"chose_seed":false,"campfire_upgraded":1,"win_rate":0.0,"timestamp":1558047419,"path_taken":["M","M","?","M","?","E","?","R","T","$","E","M","M","M","R","BOSS"],"build_version":"2019-01-23","purchased_purges":1,"victory":false,"max_hp_per_floor":[75,75,75,75,75,75,75,75,75,75,75,75,75,75,75,75],"card_choices":[{"not_picked":["Rebound","BootSequence"],"picked":"White Noise","floor":1},{"not_picked":["Consume","Rebound"],"picked":"Conserve Battery","floor":2},{"not_picked":["FTL","Rebound"],"picked":"Reboot","floor":4},{"not_picked":["Defragment","Rebound"],"picked":"Cold Snap","floor":6},{"not_picked":["Lockon","Rainbow"],"picked":"Fusion","floor":11},{"not_picked":["Sweeping Beam","Conserve Battery"],"picked":"Capacitor","floor":12},{"not_picked":["Rebound","Hyperbeam"],"picked":"Turbo","floor":13},{"not_picked":["Beam Cell","Go for the Eyes","Compile Driver"],"picked":"SKIP","floor":14}],"player_experience":219083,"relics_obtained":[{"floor":6,"key":"Lantern"},{"floor":9,"key":"PreservedInsect"},{"floor":11,"key":"Vajra"}],"event_choices":[{"damage_healed":0,"gold_gain":0,"player_choice":"Entered Light","damage_taken":15,"max_hp_gain":0,"max_hp_loss":0,"event_name":"Shining Light","floor":3,"gold_loss":0,"cards_upgraded":["Defend_B","Dualcast"]},{"damage_healed":0,"gold_gain":175,"player_choice":"AGREE","damage_taken":0,"max_hp_gain":0,"max_hp_loss":0,"event_name":"Liars Game","floor":5,"gold_loss":0,"cards_obtained":["Doubt"]},{"damage_healed":0,"gold_gain":0,"player_choice":"Forge","damage_taken":0,"max_hp_gain":0,"max_hp_loss":0,"event_name":"Accursed Blacksmith","floor":7,"gold_loss":0,"cards_upgraded":["Reboot"]}],"is_beta":false,"boss_relics":[],"items_purged_floors":[10],"is_endless":false,"potions_floor_spawned":[1,2,11,14],"killed_by":"The Guardian","ascension_level":0}