{"gold_per_floor":[114,114,64,79,96,96,122,122,122,122,157,169,183,52,52,155,155,170,0,14,14,29,29,44,44,44,57,69,98,198,210,210,210],"floor_reached":33,"playtime":3793,"items_purged":[],"score":363,"play_id":"e8b649c8-95ef-4567-95f1-cfb6f34ccff2","local_time":"20190115013401","is_ascension_mode":true,"campfire_choices":[{"data":"Bash","floor":6,"key":"SMITH"},{"data":"Armaments","floor":8,"key":"SMITH"},{"data":"Cleave","floor":10,"key":"SMITH"},{"data":"1","floor":15,"key":"LIFT"},{"floor":23,"key":"REST"},{"data":"2","floor":25,"key":"LIFT"},{"floor":32,"key":"REST"}],"neow_cost":"NONE","seed_source_timestamp":283017104685332,"circlet_count":0,"master_deck":["Strike_R","Strike_R","Strike_R","Strike_R","Strike_R","Defend_R","Defend_R","Defend_R","Defend_R","Bash+1","Anger","Armaments+1","Cleave","Cleave+1","Reaper","Ghostly Armor+1","Bandage Up+1","Warcry+1","Limit Break+1","Inflame","Shockwave+1","Ghostly Armor+1","Inflame","Battle Trance+1","Headbutt","Seeing Red+1","Burning Pact+1","Second Wind+1"],"relics":["Burning Blood","Strawberry","Darkstone Periapt","Kunai","Toxic Egg 2","Girya","Black Star","Shuriken","Regal Pillow","Prayer Wheel"],"potions_floor_usage":[7,12,16,22,28,28,31,31],"damage_taken":[{"damage":0,"enemies":"Small Slimes","floor":1,"turns":3},{"damage":2,"enemies":"2 Louse","floor":4,"turns":3},{"damage":4,"enemies":"Jaw Worm","floor":5,"turns":4},{"damage":8,"enemies":"Gremlin Nob","floor":7,"turns":3},{"damage":12,"enemies":"3 Sentries","floor":11,"turns":7},{"damage":1,"enemies":"2 Fungi Beasts","floor":12,"turns":4},{"damage":14,"enemies":"Exordium Wildlife","floor":13,"turns":6},{"damage":66,"enemies":"Hexaghost","floor":16,"turns":12},{"damage":42,"enemies":"Shell Parasite","floor":18,"turns":6},{"damage":22,"enemies":"Spheric Guardian","floor":20,"turns":5},{"damage":25,"enemies":"Centurion and Healer","floor":22,"turns":8},{"damage":18,"enemies":"3 Cultists","floor":24,"turns":4},{"damage":13,"enemies":"Cultist and Chosen","floor":27,"turns":5},{"damage":36,"enemies":"Centurion and Healer","floor":28,"turns":6},{"damage":60,"enemies":"Slavers","floor":29,"turns":7},{"damage":35,"enemies":"Snake Plant","floor":31,"turns":2},{"damage":92,"enemies":"Automaton","floor":33,"turns":8}],"seed_played":"-2596023287784591149","potions_obtained":[{"floor":1,"key":"Strength Potion"},{"floor":4,"key":"Ancient Potion"},{"floor":11,"key":"BloodPotion"},{"floor":16,"key":"PowerPotion"},{"floor":22,"key":"Regen Potion"},{"floor":24,"key":"LiquidBronze"},{"floor":27,"key":"Regen Potion"},{"floor":29,"key":"Poison Potion"}],"is_trial":false,"path_per_floor":["M","?","?","M","M","R","E","R","T","R","E","M","M","$","R","B",null,"M","?","M","?","M","R","M","R","T","M","M","E","?","M","R","B"],"character_chosen":"IRONCLAD","items_purchased":["Bandage Up+1","Warcry+1"],"campfire_rested":2,"item_purchase_floors":[14,14],"current_hp_per_floor":[85,91,91,93,93,93,91,91,91,91,85,93,85,85,85,49,82,52,52,42,42,41,68,81,81,81,80,80,42,42,13,55,0],"gold":210,"neow_bonus":"RANDOM_COMMON_RELIC","is_prod":false,"is_daily":false,"chose_seed":false,"campfire_upgraded":3,"win_rate":0,"timestamp":1547508841,"path_taken":["M","?","?","M","M","R","E","R","T","R","E","M","?","$","R","BOSS","M","?","M","?","M","R","M","R","T","M","?","E","?","M","R","BOSS"],"build_version":"2019-01-10","purchased_purges":0,"victory":false,"max_hp_per_floor":[87,93,93,93,93,93,93,93,93,93,93,93,93,93,93,93,93,93,93,93,93,93,93,93,93,93,93,93,93,93,93,93,93],"card_choices":[{"not_picked":["Infernal Blade","Heavy Blade"],"picked":"Anger","floor":1},{"not_picked":["Sword Boomerang","Pummel"],"picked":"Armaments","floor":4},{"not_picked":["Iron Wave","Barricade"],"picked":"Cleave","floor":5},{"not_picked":["Body Slam","Thunderclap"],"picked":"Cleave","floor":7},{"not_picked":["Perfected Strike","Fire Breathing"],"picked":"Reaper","floor":11},{"not_picked":["Headbutt","Body Slam"],"picked":"Ghostly Armor+1","floor":12},{"not_picked":["Twin Strike","Whirlwind","Hemokinesis"],"picked":"SKIP","floor":13},{"not_picked":["Barricade","Immolate"],"picked":"Limit Break+1","floor":16},{"not_picked":["Thunderclap","Heavy Blade"],"picked":"Inflame","floor":18},{"not_picked":["Ghostly Armor+1","Headbutt+1"],"picked":"Shockwave+1","floor":20},{"not_picked":["Whirlwind","Clothesline"],"picked":"Inflame","floor":22},{"not_picked":["Sword Boomerang","Pommel Strike"],"picked":"Battle Trance+1","floor":24},{"not_picked":["Bludgeon","Intimidate+1"],"picked":"Headbutt","floor":27},{"not_picked":["Wild Strike","Perfected Strike"],"picked":"Seeing Red+1","floor":28},{"not_picked":["Rampage+1","Iron Wave","Searing Blow"],"picked":"SKIP","floor":29},{"not_picked":["Iron Wave","Perfected Strike"],"picked":"Burning Pact+1","floor":31},{"not_picked":["Headbutt","True Grit+1"],"picked":"Second Wind+1","floor":31}],"player_experience":259415,"relics_obtained":[{"floor":7,"key":"Kunai"},{"floor":9,"key":"Toxic Egg 2"},{"floor":11,"key":"Girya"},{"floor":26,"key":"Shuriken"},{"floor":29,"key":"Regal Pillow"},{"floor":29,"key":"Prayer Wheel"}],"event_choices":[{"damage_healed":0,"gold_gain":0,"player_choice":"Box","damage_taken":0,"relics_obtained":["Darkstone Periapt"],"max_hp_gain":0,"max_hp_loss":0,"event_name":"Big Fish","floor":2,"gold_loss":0,"cards_obtained":["Regret"]},{"cards_removed":["Regret"],"damage_healed":0,"gold_gain":0,"player_choice":"Card Removal","damage_taken":0,"max_hp_gain":0,"max_hp_loss":0,"event_name":"The Cleric","floor":3,"gold_loss":50},{"damage_healed":0,"gold_gain":0,"player_choice":"Paid Fearfully","damage_taken":0,"max_hp_gain":0,"max_hp_loss":0,"event_name":"Masked Bandits","floor":19,"gold_loss":170},{"damage_healed":0,"gold_gain":0,"player_choice":"Copied","damage_taken":0,"max_hp_gain":0,"max_hp_loss":0,"event_name":"Duplicator","floor":21,"gold_loss":0,"cards_obtained":["Ghostly Armor"]},{"damage_healed":0,"gold_gain":100,"player_choice":"Pray","damage_taken":0,"max_hp_gain":0,"max_hp_loss":0,"event_name":"Golden Shrine","floor":30,"gold_loss":0}],"is_beta":false,"boss_relics":[{"not_picked":["Empty Cage","Runic Cube"],"picked":"Black Star"}],"items_purged_floors":[],"is_endless":false,"potions_floor_spawned":[1,4,11,16,22,24,27,29],"killed_by":"Automaton","ascension_level":6}