{"gold_per_floor":[111,111,128,128,138,138,163,163,163,191,209,227,192,205,205,300,300,313,313,330,330,26,26,60,74,122,155,155,166,192,212,212,212],"floor_reached":33,"playtime":3243,"items_purged":[],"score":395,"play_id":"f3748971-ccd8-4727-ba96-aebd619d3fc2","local_time":"20190109021525","is_ascension_mode":true,"campfire_choices":[{"data":"Clothesline","floor":6,"key":"SMITH"},{"floor":8,"key":"REST"},{"floor":15,"key":"RECALL"},{"data":"Demon Form","floor":23,"key":"SMITH"},{"floor":28,"key":"REST"},{"data":"Shockwave","floor":32,"key":"SMITH"}],"neow_cost":"CURSE","seed_source_timestamp":547182672592489,"circlet_count":0,"master_deck":["Strike_R+1","Strike_R","Strike_R","Strike_R","Strike_R","Defend_R","Defend_R","Defend_R","Bash","Immolate","Clothesline+1","Inflame","Fire Breathing","Shockwave+1","Anger","Warcry","Ghostly Armor","Demon Form+1","Headbutt+1","Rampage","Immolate","Offering","Headbutt+1","Power Through+1"],"special_seed":0,"relics":["Burning Blood","Spirit Poop","Bottled Lightning","Orichalcum","Mark of Pain","Omamori","Whetstone","PreservedInsect","Happy Flower","Vajra","Pen Nib"],"potions_floor_usage":[5,16,16,16,30,33],"damage_taken":[{"damage":0.0,"enemies":"Small Slimes","floor":1.0,"turns":3.0},{"damage":0,"enemies":"Cultist","floor":3,"turns":3},{"damage":2,"enemies":"Jaw Worm","floor":5,"turns":3},{"damage":27,"enemies":"3 Sentries","floor":7,"turns":4},{"damage":25,"enemies":"Lagavulin","floor":10,"turns":6},{"damage":6,"enemies":"2 Fungi Beasts","floor":11,"turns":3},{"damage":8,"enemies":"Blue Slaver","floor":12,"turns":3},{"damage":14,"enemies":"Large Slime","floor":14,"turns":4},{"damage":38,"enemies":"Slime Boss","floor":16,"turns":9},{"damage":0,"enemies":"3 Byrds","floor":18,"turns":5},{"damage":3,"enemies":"Shell Parasite","floor":20,"turns":4},{"damage":20,"enemies":"Slavers","floor":24,"turns":5},{"damage":2,"enemies":"Cultist and Chosen","floor":25,"turns":4},{"damage":16,"enemies":"Gremlin Leader","floor":27,"turns":3},{"damage":10,"enemies":"Centurion and Healer","floor":29,"turns":2},{"damage":4,"enemies":"Book of Stabbing","floor":30,"turns":2},{"damage":5,"enemies":"Sentry and Sphere","floor":31,"turns":3},{"damage":82,"enemies":"Automaton","floor":33,"turns":8}],"seed_played":"1644418832231212971","potions_obtained":[{"floor":3,"key":"SpeedPotion"},{"floor":10,"key":"Strength Potion"},{"floor":11,"key":"FearPotion"},{"floor":12,"key":"Dexterity Potion"},{"floor":18,"key":"FearPotion"},{"floor":27,"key":"SteroidPotion"},{"floor":30,"key":"SneckoOil"}],"is_trial":false,"path_per_floor":["M","?","M","?","M","R","E","R","T","E","M","M","?","M","R","B",null,"M","?","M","?","$","R","E","M","T","E","R","M","E","M","R","B"],"character_chosen":"IRONCLAD","items_purchased":["Immolate","Whetstone"],"campfire_rested":2,"item_purchase_floors":[22,22],"current_hp_per_floor":[80,80,80,80,80,80,59,80,80,61,61,59,79,71,71,39,70,76,76,79,79,79,79,65,69,69,59,80,76,78,79,79,0],"gold":212,"neow_bonus":"THREE_RARE_CARDS","is_prod":false,"is_daily":false,"chose_seed":false,"campfire_upgraded":3,"win_rate":0,"timestamp":1546992925,"path_taken":["M","?","?","?","M","R","E","R","T","E","M","M","?","M","R","BOSS","M","?","M","?","$","R","E","M","T","E","R","M","E","M","R","BOSS"],"build_version":"2019-01-03v4","purchased_purges":0,"victory":false,"max_hp_per_floor":[80,80,80,80,80,80,80,80,80,80,80,80,80,80,80,80,80,80,80,80,80,80,80,80,80,80,80,80,80,80,80,80,80],"card_choices":[{"not_picked":["Fiend Fire","Juggernaut"],"picked":"Immolate","floor":0.0},{"not_picked":["Carnage","Body Slam"],"picked":"Clothesline","floor":1.0},{"not_picked":["Perfected Strike","Havoc"],"picked":"Inflame","floor":3},{"not_picked":["Warcry","Perfected Strike"],"picked":"Shockwave","floor":5},{"not_picked":["Armaments","Combust"],"picked":"Anger","floor":7},{"not_picked":["Feel No Pain","Armaments"],"picked":"Warcry","floor":10},{"not_picked":["Twin Strike","Perfected Strike","Heavy Blade"],"picked":"SKIP","floor":11},{"not_picked":["Fire Breathing","Warcry","Reckless Charge"],"picked":"SKIP","floor":12},{"not_picked":["Battle Trance","Bludgeon"],"picked":"Ghostly Armor","floor":14},{"not_picked":["Brutality","Dark Embrace"],"picked":"Demon Form","floor":16},{"not_picked":["Clash","Body Slam","Anger"],"picked":"SKIP","floor":18},{"not_picked":["Combust+1","Flex"],"picked":"Rampage","floor":20},{"not_picked":["Iron Wave","Flame Barrier","Feel No Pain"],"picked":"SKIP","floor":24},{"not_picked":["Perfected Strike","Searing Blow+1"],"picked":"Offering","floor":25},{"not_picked":["Second Wind","Metallicize"],"picked":"Headbutt+1","floor":27},{"not_picked":["Pommel Strike","Dropkick"],"picked":"Power Through+1","floor":29},{"not_picked":["Feel No Pain+1","Clash+1","Pommel Strike"],"picked":"SKIP","floor":30},{"not_picked":["Burning Pact","Hemokinesis","Twin Strike"],"picked":"SKIP","floor":31}],"player_experience":151432,"relics_obtained":[{"floor":7,"key":"Bottled Lightning"},{"floor":10,"key":"Orichalcum"},{"floor":24,"key":"PreservedInsect"},{"floor":26,"key":"Happy Flower"},{"floor":27,"key":"Vajra"},{"floor":30,"key":"Pen Nib"}],"event_choices":[{"cards_removed":["Normality"],"damage_healed":0,"gold_gain":0,"player_choice":"Offered Curse","damage_taken":0,"relics_obtained":["Spirit Poop"],"max_hp_gain":0,"max_hp_loss":0,"event_name":"Bonfire Elementals","floor":2,"gold_loss":0},{"damage_healed":0,"gold_gain":0,"cards_transformed":["Defend_R"],"player_choice":"Change","damage_taken":0,"max_hp_gain":0,"max_hp_loss":0,"event_name":"Living Wall","floor":4,"gold_loss":0,"cards_obtained":["Fire Breathing"]},{"damage_healed":20,"gold_gain":0,"player_choice":"Healed","damage_taken":0,"max_hp_gain":0,"max_hp_loss":0,"event_name":"The Cleric","floor":13,"gold_loss":35},{"damage_healed":0,"gold_gain":0,"player_choice":"Read","damage_taken":0,"max_hp_gain":0,"max_hp_loss":0,"event_name":"The Library","floor":19,"gold_loss":0,"cards_obtained":["Headbutt"]},{"damage_healed":0,"gold_gain":0,"player_choice":"Gave Potion","damage_taken":0,"relics_obtained":["Omamori"],"max_hp_gain":0,"max_hp_loss":0,"event_name":"WeMeetAgain","floor":21,"gold_loss":0}],"is_beta":false,"boss_relics":[{"not_picked":["Tiny House","Orrery"],"picked":"Mark of Pain"}],"items_purged_floors":[],"is_endless":false,"potions_floor_spawned":[3,10,11,12,14,18,27,30],"killed_by":"Automaton","ascension_level":5}