{"gold_per_floor":[115,134,59,25,25,58,58,93,116,16,16,16,16,39,39,163,163,176,176,51,75,99,99,137,137,164,164,164,200,121,221,221,347,347,368,388,721,280,280,280],"floor_reached":40,"playtime":4118,"items_purged":["Strike_R","Strike_R","Strike_R","Defend_R"],"score":499,"play_id":"f8bcf372-1d6a-401e-9966-ae660b7316bc","local_time":"20190428110040","is_ascension_mode":true,"campfire_choices":[{"data":"Evolve","floor":7,"key":"SMITH"},{"data":"Armaments","floor":15,"key":"SMITH"},{"floor":23,"key":"REST"},{"floor":25,"key":"REST"},{"floor":27,"key":"REST"},{"floor":32,"key":"REST"}],"neow_cost":"TEN_PERCENT_HP_LOSS","seed_source_timestamp":1194398026363224,"circlet_count":0,"master_deck":["Strike_R","Defend_R","Defend_R","Bash","Immolate","Evolve+1","Power Through","Reckless Charge","Reckless Charge","Armaments+1","Reaper","Searing Blow+1","Second Wind+1","Dual Wield","Feed","Feed"],"relics":["Burning Blood","Anchor","Potion Belt","Juzu Bracelet","Fusion Hammer","Blood Vial","Happy Flower","Bag of Marbles","Mark of Pain","Ice Cream"],"potions_floor_usage":[8,8,21,21,22,22,29,33,36],"damage_taken":[{"damage":6,"enemies":"Jaw Worm","floor":1,"turns":3},{"damage":2,"enemies":"Small Slimes","floor":2,"turns":4},{"damage":34,"enemies":"Gremlin Nob","floor":6,"turns":6},{"damage":0,"enemies":"3 Sentries","floor":8,"turns":5},{"damage":0,"enemies":"Cultist","floor":14,"turns":3},{"damage":40,"enemies":"Hexaghost","floor":16,"turns":11},{"damage":0,"enemies":"Chosen","floor":18,"turns":4},{"damage":0,"enemies":"3 Byrds","floor":21,"turns":3},{"damage":8,"enemies":"Cultist and Chosen","floor":22,"turns":7},{"damage":72,"enemies":"Book of Stabbing","floor":24,"turns":6},{"damage":17,"enemies":"Gremlin Leader","floor":29,"turns":6},{"damage":54,"enemies":"Champ","floor":33,"turns":15},{"damage":35,"enemies":"3 Shapes","floor":35,"turns":5},{"damage":9,"enemies":"3 Darklings","floor":36,"turns":2},{"damage":82,"enemies":"Giant Head","floor":40,"turns":7}],"seed_played":"6403589791987494024","potions_obtained":[{"floor":1,"key":"SteroidPotion"},{"floor":6,"key":"Explosive Potion"},{"floor":18,"key":"EssenceOfSteel"},{"floor":19,"key":"GamblersBrew"},{"floor":19,"key":"Explosive Potion"},{"floor":19,"key":"Fire Potion"},{"floor":21,"key":"EssenceOfSteel"},{"floor":22,"key":"Strength Potion"},{"floor":35,"key":"Explosive Potion"}],"is_trial":false,"path_per_floor":["M","M","$","?","?","E","R","E","T","$","?","?","?","M","R","B",null,"M","?","$","M","M","R","E","R","T","R","?","E","$","?","R","B",null,"M","M","?","$","?","E"],"character_chosen":"IRONCLAD","items_purchased":["Feed","Ice Cream"],"campfire_rested":4,"item_purchase_floors":[30,38],"current_hp_per_floor":[72,72,72,72,77,49,49,55,55,55,55,55,55,61,61,27,71,71,71,71,71,69,71,9,30,30,51,51,60,60,60,71,27,75,49,59,59,59,59,0],"gold":280,"neow_bonus":"THREE_RARE_CARDS","is_prod":false,"is_daily":false,"chose_seed":false,"campfire_upgraded":2,"win_rate":0,"timestamp":1556463640,"path_taken":["M","M","$","?","?","E","R","E","T","$","?","?","?","M","R","BOSS","M","?","$","M","M","R","E","R","T","R","?","E","?","?","R","BOSS","M","M","?","$","?","E"],"build_version":"2019-01-23","purchased_purges":4,"victory":false,"max_hp_per_floor":[72,72,72,72,77,77,77,77,77,77,77,71,71,71,71,71,71,71,71,71,71,71,71,71,71,71,71,71,71,71,71,71,75,75,78,81,81,81,81,81],"card_choices":[{"not_picked":["Limit Break","Impervious"],"picked":"Immolate","floor":0},{"not_picked":["Blood for Blood","True Grit"],"picked":"Evolve","floor":1},{"not_picked":["Fire Breathing","True Grit"],"picked":"Power Through","floor":2},{"not_picked":["Fire Breathing","Shrug It Off"],"picked":"Reckless Charge","floor":6},{"not_picked":["Perfected Strike","Feel No Pain"],"picked":"Reckless Charge","floor":8},{"not_picked":["Sentinel","True Grit"],"picked":"Armaments","floor":14},{"not_picked":["Exhume","Limit Break"],"picked":"Reaper","floor":16},{"not_picked":["Clothesline","Twin Strike"],"picked":"Searing Blow+1","floor":18},{"not_picked":["Perfected Strike+1","Clash"],"picked":"Second Wind","floor":21},{"not_picked":["Pummel","Heavy Blade","Intimidate"],"picked":"SKIP","floor":22},{"not_picked":["Heavy Blade","Battle Trance+1","Thunderclap"],"picked":"SKIP","floor":24},{"not_picked":["Rampage+1","True Grit"],"picked":"Dual Wield","floor":29},{"not_picked":["Exhume","Berserk"],"picked":"Feed","floor":33},{"not_picked":["Thunderclap+1","Clothesline","Iron Wave"],"picked":"SKIP","floor":35},{"not_picked":["Wild Strike","Searing Blow","Havoc+1"],"picked":"SKIP","floor":36}],"player_experience":143534,"relics_obtained":[{"floor":6,"key":"Anchor"},{"floor":8,"key":"Potion Belt"},{"floor":9,"key":"Juzu Bracelet"},{"floor":24,"key":"Blood Vial"},{"floor":26,"key":"Happy Flower"},{"floor":29,"key":"Bag of Marbles"}],"event_choices":[{"damage_healed":0,"gold_gain":0,"player_choice":"Left Gold","damage_taken":0,"max_hp_gain":0,"max_hp_loss":0,"event_name":"World of Goop","floor":4,"gold_loss":34},{"damage_healed":0,"gold_gain":0,"player_choice":"Donut","damage_taken":0,"max_hp_gain":5,"max_hp_loss":0,"event_name":"Big Fish","floor":5,"gold_loss":0},{"cards_removed":["Defend_R"],"damage_healed":0,"gold_gain":0,"player_choice":"Forget","damage_taken":0,"max_hp_gain":0,"max_hp_loss":0,"event_name":"Living Wall","floor":11,"gold_loss":0},{"damage_healed":0,"gold_gain":0,"player_choice":"Lose Max HP","damage_taken":0,"relics_obtained":["Golden Idol"],"max_hp_gain":0,"max_hp_loss":6,"event_name":"Golden Idol","floor":12,"gold_loss":0},{"damage_healed":0,"gold_gain":0,"player_choice":"Ignored","damage_taken":0,"max_hp_gain":0,"max_hp_loss":0,"event_name":"Liars Game","floor":13,"gold_loss":0},{"damage_healed":0,"gold_gain":0,"player_choice":"Got Potions","damage_taken":0,"max_hp_gain":0,"max_hp_loss":0,"event_name":"Lab","floor":19,"gold_loss":0},{"damage_healed":0,"gold_gain":0,"player_choice":"Forge","damage_taken":0,"max_hp_gain":0,"max_hp_loss":0,"event_name":"Accursed Blacksmith","floor":28,"gold_loss":0,"cards_upgraded":["Second Wind"]},{"damage_healed":0,"gold_gain":100,"player_choice":"Pray","damage_taken":0,"max_hp_gain":0,"max_hp_loss":0,"event_name":"Golden Shrine","floor":31,"gold_loss":0},{"damage_healed":0,"gold_gain":333,"player_choice":"Gave Idol","damage_taken":0,"max_hp_gain":0,"max_hp_loss":0,"event_name":"The Moai Head","floor":37,"relics_lost":["Golden Idol"],"gold_loss":0},{"cards_removed":["Strike_R"],"damage_healed":0,"gold_gain":0,"player_choice":"Purged","damage_taken":0,"max_hp_gain":0,"max_hp_loss":0,"event_name":"Purifier","floor":39,"gold_loss":0}],"is_beta":false,"boss_relics":[{"not_picked":["Orrery","Runic Dome"],"picked":"Fusion Hammer"},{"not_picked":["Black Star","Runic Pyramid"],"picked":"Mark of Pain"}],"items_purged_floors":[3,10,20,38],"is_endless":false,"potions_floor_spawned":[1,6,18,21,22,35],"killed_by":"Giant Head","ascension_level":1}