{"gold_per_floor":[112,123,136,146,146,177,177,177,203,203,228,178,193,212,212,212],"floor_reached":16,"playtime":1498,"items_purged":[],"score":118,"play_id":"60ab9740-8479-46cc-a353-fdd105cfab53","local_time":"20190505194007","is_ascension_mode":true,"campfire_choices":[{"floor":7,"key":"REST"},{"floor":10,"key":"REST"},{"floor":15,"key":"REST"}],"neow_cost":"NONE","seed_source_timestamp":1832996900785873,"circlet_count":0,"master_deck":["Strike_R","Strike_R","Strike_R","Strike_R","Strike_R","Defend_R","Defend_R","Defend_R","Defend_R","Bash","Parasite","Clumsy","Second Wind","Fire Breathing+1","Inflame+1","Brutality+1","Second Wind"],"relics":["Calling Bell","Juzu Bracelet","Frozen Egg 2","Torii","Bag of Marbles","Smiling Mask","Oddly Smooth Stone"],"potions_floor_usage":[5,6,11],"damage_taken":[{"damage":6,"enemies":"Jaw Worm","floor":1,"turns":4},{"damage":17,"enemies":"Cultist","floor":2,"turns":6},{"damage":10,"enemies":"Small Slimes","floor":3,"turns":5},{"damage":8,"enemies":"Looter","floor":4,"turns":5},{"damage":26,"enemies":"3 Sentries","floor":6,"turns":8},{"damage":36,"enemies":"Gremlin Nob","floor":11,"turns":5},{"damage":16,"enemies":"2 Fungi Beasts","floor":13,"turns":4},{"damage":4,"enemies":"Large Slime","floor":14,"turns":5},{"damage":46,"enemies":"The Guardian","floor":16,"turns":6}],"seed_played":"-5290305315581811933","potions_obtained":[{"floor":1,"key":"GamblersBrew"},{"floor":2,"key":"Block Potion"},{"floor":4,"key":"SpeedPotion"},{"floor":5,"key":"Fruit Juice"},{"floor":5,"key":"SkillPotion"}],"is_trial":false,"path_per_floor":["M","M","M","M","?","E","R","?","T","R","E","?","M","M","R","B"],"character_chosen":"IRONCLAD","items_purchased":[],"campfire_rested":3,"item_purchase_floors":[],"current_hp_per_floor":[74,57,47,39,44,18,43,48,48,75,39,39,23,19,46,0],"gold":212,"neow_bonus":"BOSS_RELIC","is_prod":false,"is_daily":false,"chose_seed":false,"campfire_upgraded":0,"win_rate":0,"timestamp":1557099607,"path_taken":["M","M","M","M","?","E","R","?","T","R","E","?","M","M","R","BOSS"],"build_version":"2019-01-23","purchased_purges":0,"victory":false,"max_hp_per_floor":[80,80,80,80,85,85,85,90,90,90,90,90,90,90,90,90],"card_choices":[{"not_picked":["Perfected Strike","Anger"],"picked":"Second Wind","floor":1},{"not_picked":["True Grit","Warcry","Dual Wield"],"picked":"SKIP","floor":2},{"not_picked":["Warcry","Evolve+1"],"picked":"Fire Breathing+1","floor":3},{"not_picked":["Thunderclap","Pommel Strike"],"picked":"Inflame+1","floor":4},{"not_picked":["Juggernaut+1","Ghostly Armor","Thunderclap"],"picked":"SKIP","floor":6},{"not_picked":["Body Slam","Twin Strike"],"picked":"Brutality+1","floor":11},{"not_picked":["Uppercut","Shrug It Off"],"picked":"Second Wind","floor":13},{"not_picked":["Warcry","Havoc","Sword Boomerang"],"picked":"SKIP","floor":14}],"player_experience":173338,"relics_obtained":[{"floor":0,"key":"Juzu Bracelet"},{"floor":0,"key":"Frozen Egg 2"},{"floor":0,"key":"Torii"},{"floor":6,"key":"Bag of Marbles"},{"floor":9,"key":"Smiling Mask"},{"floor":11,"key":"Oddly Smooth Stone"}],"event_choices":[{"damage_healed":0,"gold_gain":0,"player_choice":"Got Potions","damage_taken":0,"max_hp_gain":0,"max_hp_loss":0,"event_name":"Lab","floor":5,"gold_loss":0},{"damage_healed":0,"gold_gain":0,"player_choice":"Donut","damage_taken":0,"max_hp_gain":5,"max_hp_loss":0,"event_name":"Big Fish","floor":8,"gold_loss":0},{"cards_removed":["Normality"],"damage_healed":0,"gold_gain":0,"player_choice":"Card Removal","damage_taken":0,"max_hp_gain":0,"max_hp_loss":0,"event_name":"The Cleric","floor":12,"gold_loss":50}],"is_beta":false,"boss_relics":[],"items_purged_floors":[],"is_endless":false,"potions_floor_spawned":[1,2,4],"killed_by":"The Guardian","ascension_level":1}