{"gold_per_floor":[114,66,80,45,45,77,77,89,89,89,124,124,136,162,162,264,264,280,280,299,105,125,125,158,158,184,184,184,184,202,202,202,202],"floor_reached":33,"playtime":2860,"items_purged":["Defend_G"],"score":348,"play_id":"b6bbabb0-c6f3-4597-9e40-fa6a04c80124","local_time":"20190113195102","is_ascension_mode":true,"campfire_choices":[{"floor":7,"key":"REST"},{"floor":10,"key":"REST"},{"floor":12,"key":"REST"},{"floor":15,"key":"REST"},{"floor":23,"key":"REST"},{"floor":25,"key":"REST"},{"floor":27,"key":"REST"},{"floor":29,"key":"REST"},{"data":"Terror","floor":32,"key":"SMITH"}],"neow_cost":"NONE","seed_source_timestamp":176970474514343,"circlet_count":0,"master_deck":["Defend_G","Defend_G","Defend_G","Defend_G","Survivor","Neutralize","Underhanded Strike","Backstab","Finisher","Infinite Blades","Predator","Acrobatics","Dagger Throw","Tools of the Trade","Corpse Explosion","Sucker Punch","Blade Dance+1","Expertise","Quick Slash","Slice","Terror+1","Dagger Throw+1","Finisher","Bite","Bite","Bite","Bite","Bite"],"relics":["Runic Dome","Calipers","Unceasing Top","Art of War","Smiling Mask","Sozu","Nunchaku","Bottled Flame"],"potions_floor_usage":[11,16,16],"damage_taken":[{"damage":4,"enemies":"Cultist","floor":1,"turns":5},{"damage":1,"enemies":"Small Slimes","floor":3,"turns":4},{"damage":35,"enemies":"3 Sentries","floor":6,"turns":12},{"damage":1,"enemies":"2 Louse","floor":8,"turns":2},{"damage":25,"enemies":"Lagavulin","floor":11,"turns":5},{"damage":8,"enemies":"Gremlin Gang","floor":13,"turns":5},{"damage":12,"enemies":"Gremlin Nob","floor":14,"turns":3},{"damage":10,"enemies":"Slime Boss","floor":16,"turns":10},{"damage":4,"enemies":"Shell Parasite","floor":18,"turns":4},{"damage":14,"enemies":"Chosen","floor":20,"turns":4},{"damage":24,"enemies":"3 Cultists","floor":22,"turns":4},{"damage":41,"enemies":"Slavers","floor":24,"turns":5},{"damage":21,"enemies":"Centurion and Healer","floor":30,"turns":4},{"damage":83,"enemies":"Automaton","floor":33,"turns":6}],"seed_played":"6711166090151539939","potions_obtained":[{"floor":3,"key":"Poison Potion"},{"floor":6,"key":"Ancient Potion"},{"floor":14,"key":"Fire Potion"},{"floor":16,"key":"FearPotion"}],"is_trial":false,"path_per_floor":["M","?","M","$","?","E","R","M","T","R","E","R","M","E","R","B",null,"M","?","M","$","M","R","E","R","T","R","?","R","M","?","R","B"],"character_chosen":"THE_SILENT","items_purchased":["Finisher","Expertise","Quick Slash","Slice"],"campfire_rested":8,"item_purchase_floors":[4,21,21,21],"current_hp_per_floor":[66,66,65,65,65,30,51,50,50,70,45,66,58,46,67,57,70,66,66,52,52,28,49,8,29,29,50,50,70,49,49,49,0],"gold":202,"neow_bonus":"BOSS_RELIC","is_prod":false,"is_daily":false,"chose_seed":false,"campfire_upgraded":1,"win_rate":0,"timestamp":1547401862,"path_taken":["M","?","M","$","?","E","R","M","T","R","E","R","M","E","R","BOSS","M","?","?","$","M","R","E","R","T","R","?","R","?","?","R","BOSS"],"build_version":"2019-01-10","purchased_purges":1,"victory":false,"max_hp_per_floor":[70,70,70,70,70,70,70,70,70,70,70,70,70,70,70,70,70,70,70,70,70,70,70,70,70,70,70,70,70,70,49,49,49],"card_choices":[{"not_picked":["Prepared","PiercingWail"],"picked":"Underhanded Strike","floor":1},{"not_picked":["Slice","Quick Slash"],"picked":"Backstab","floor":3},{"not_picked":["Slice","PiercingWail"],"picked":"Infinite Blades","floor":6},{"not_picked":["Blade Dance","Concentrate"],"picked":"Predator","floor":8},{"not_picked":["Deflect","PiercingWail"],"picked":"Acrobatics","floor":11},{"not_picked":["Deflect","All Out Attack"],"picked":"Dagger Throw","floor":13},{"not_picked":["Prepared","Tactician"],"picked":"Tools of the Trade","floor":14},{"not_picked":["Storm of Steel","Grand Finale"],"picked":"Corpse Explosion","floor":16},{"not_picked":["Bane","Slice"],"picked":"Sucker Punch","floor":18},{"not_picked":["Dodge and Roll","Riddle With Holes"],"picked":"Blade Dance+1","floor":20},{"not_picked":["Distraction","Setup"],"picked":"Terror","floor":22},{"not_picked":["Setup+1","Slice"],"picked":"Dagger Throw+1","floor":24},{"not_picked":["Masterful Stab","Cloak And Dagger","Predator"],"picked":"SKIP","floor":30}],"player_experience":218006,"relics_obtained":[{"floor":6,"key":"Calipers"},{"floor":9,"key":"Unceasing Top"},{"floor":11,"key":"Art of War"},{"floor":14,"key":"Smiling Mask"},{"floor":24,"key":"Bottled Flame"}],"event_choices":[{"damage_healed":0,"gold_gain":0,"player_choice":"Left Gold","damage_taken":0,"max_hp_gain":0,"max_hp_loss":0,"event_name":"World of Goop","floor":2,"gold_loss":48},{"damage_healed":0,"gold_gain":0,"player_choice":"Ignored","damage_taken":0,"max_hp_gain":0,"max_hp_loss":0,"event_name":"Liars Game","floor":5,"gold_loss":0},{"damage_healed":0,"gold_gain":0,"player_choice":"Gave Potion","damage_taken":0,"relics_obtained":["Nunchaku"],"max_hp_gain":0,"max_hp_loss":0,"event_name":"WeMeetAgain","floor":19,"gold_loss":0},{"damage_healed":0,"gold_gain":0,"player_choice":"Copied","damage_taken":0,"max_hp_gain":0,"max_hp_loss":0,"event_name":"Duplicator","floor":28,"gold_loss":0,"cards_obtained":["Finisher"]},{"damage_healed":0,"gold_gain":0,"player_choice":"Became a vampire","damage_taken":0,"max_hp_gain":0,"max_hp_loss":21,"event_name":"Vampires","floor":31,"gold_loss":0,"cards_obtained":["Bite","Bite","Bite","Bite","Bite"]}],"is_beta":false,"boss_relics":[{"not_picked":["Philosopher\u0027s Stone","Empty Cage"],"picked":"Sozu"}],"items_purged_floors":[21],"is_endless":false,"potions_floor_spawned":[3,6,14,16,18,22],"killed_by":"Automaton","ascension_level":3}