{"gold_per_floor":[110,129,8,8,8,8,42,42,87,114,114,131,131,141,141,217,217,227,50,70,70,83,108,208,208,208,267,267,267,267,287,287,360,360,375,106,106,122,1121,1121,1151,1151,1175,1188,358,378,392,392,392,392,392,392,96,129,129],"floor_reached":55,"playtime":5758,"items_purged":["Strike_B","Zap","Strike_B","Strike_B+1"],"score":1319,"play_id":"2c5b9ea5-af03-4326-8019-175da2835841","local_time":"20190310013624","is_ascension_mode":true,"campfire_choices":[{"floor":6.0,"key":"REST"},{"floor":8.0,"key":"REST"},{"data":"Hyperbeam","floor":11.0,"key":"SMITH"},{"floor":15.0,"key":"REST"},{"floor":25.0,"key":"REST"},{"floor":28.0,"key":"REST"},{"floor":30.0,"key":"REST"},{"floor":32.0,"key":"REST"},{"data":"Conserve Battery","floor":40.0,"key":"SMITH"},{"floor":42.0,"key":"RECALL"},{"data":"Conserve Battery","floor":49,"key":"SMITH"},{"floor":52,"key":"REST"}],"neow_cost":"PERCENT_DAMAGE","seed_source_timestamp":686472788528638,"circlet_count":0,"master_deck":["AscendersBane","Defend_B","Defend_B","Defend_B","Defend_B","Dualcast","Undo","Streamline+1","Rebound","Hyperbeam+1","FTL","Parasite","Beam Cell+1","Go for the Eyes+1","Conserve Battery+1","Echo Form","Conserve Battery+1","Conserve Battery+1"],"special_seed":0,"relics":["Cracked Core","Pocketwatch","Happy Flower","Bronze Scales","Du-Vu Doll","Black Star","Strawberry","Question Card","Bag of Preparation","Ice Cream","Dodecahedron","Singing Bowl","Omamori","Tiny Chest","White Beast Statue","Regal Pillow","Bottled Tornado","Whetstone","MealTicket","Dream Catcher","Mummified Hand","Mango","Mercury Hourglass","Incense Burner"],"potions_floor_usage":[47,50,50],"damage_taken":[{"damage":1.0,"enemies":"Cultist","floor":1.0,"turns":3.0},{"damage":1.0,"enemies":"Small Slimes","floor":2.0,"turns":3.0},{"damage":19.0,"enemies":"Gremlin Nob","floor":7.0,"turns":5.0},{"damage":19.0,"enemies":"3 Sentries","floor":10.0,"turns":6.0},{"damage":2.0,"enemies":"Jaw Worm","floor":12.0,"turns":2.0},{"damage":0.0,"enemies":"3 Louse","floor":14.0,"turns":2.0},{"damage":1.0,"enemies":"The Guardian","floor":16.0,"turns":7.0},{"damage":0.0,"enemies":"Spheric Guardian","floor":18.0,"turns":2.0},{"damage":12.0,"enemies":"2 Thieves","floor":20.0,"turns":2.0},{"damage":7.0,"enemies":"Cultist and Chosen","floor":22.0,"turns":4.0},{"damage":41.0,"enemies":"Book of Stabbing","floor":23.0,"turns":4.0},{"damage":8.0,"enemies":"Colosseum Slavers","floor":24.0,"turns":2.0},{"damage":11.0,"enemies":"Colosseum Nobs","floor":24.0,"turns":4.0},{"damage":38.0,"enemies":"Slavers","floor":27.0,"turns":4.0},{"damage":0.0,"enemies":"Gremlin Leader","floor":29.0,"turns":1.0},{"damage":10.0,"enemies":"3 Cultists","floor":31.0,"turns":4.0},{"damage":41.0,"enemies":"Automaton","floor":33.0,"turns":10.0},{"damage":4.0,"enemies":"3 Darklings","floor":35.0,"turns":2.0},{"damage":11.0,"enemies":"3 Shapes","floor":38.0,"turns":3.0},{"damage":4.0,"enemies":"Nemesis","floor":41.0,"turns":7.0},{"damage":0.0,"enemies":"3 Darklings","floor":44.0,"turns":2.0},{"damage":9.0,"enemies":"4 Shapes","floor":46.0,"turns":4.0},{"damage":0,"enemies":"Spire Growth","floor":47,"turns":2},{"damage":96,"enemies":"Donu and Deca","floor":50,"turns":9},{"damage":48,"enemies":"Shield and Spear","floor":54,"turns":8},{"damage":76,"enemies":"The Heart","floor":55,"turns":3}],"seed_played":"3651349902294507664","potions_obtained":[{"floor":1.0,"key":"Weak Potion"},{"floor":2.0,"key":"Block Potion"},{"floor":14.0,"key":"SteroidPotion"},{"floor":16.0,"key":"SmokeBomb"},{"floor":20.0,"key":"LiquidBronze"},{"floor":23.0,"key":"FocusPotion"},{"floor":27.0,"key":"Swift Potion"},{"floor":31.0,"key":"Energy Potion"},{"floor":33.0,"key":"Block Potion"},{"floor":35.0,"key":"AttackPotion"},{"floor":38.0,"key":"PowerPotion"},{"floor":41.0,"key":"SpeedPotion"},{"floor":44.0,"key":"Fire Potion"},{"floor":47,"key":"Poison Potion"},{"floor":54,"key":"FearPotion"}],"is_trial":false,"path_per_floor":["M","M","$","?","?","R","E","R","T","E","R","M","?","M","R","B",null,"M","$","M","?","M","E","?","R","T","E","R","E","R","M","R","B",null,"M","$","?","M","?","R","E","R","T","M","$","M","M","?","R","B",null,"R","$","E","B"],"character_chosen":"DEFECT","items_purchased":["Streamline","Self Repair","Regal Pillow","MealTicket","Dream Catcher","Mummified Hand","Regen Potion","Mango"],"campfire_rested":8,"item_purchase_floors":[3,19,36,45,45,45,45,53],"current_hp_per_floor":[45,44,44,44,37,58,39,60,60,41,41,39,56,56,71,70,71,71,71,66,73,73,39,34,57,57,19,42,42,65,64,80,46,72,70,70,70,73,73,73,84,84,84,86,86,88,90,90,90,8,70,92,106,58,0],"gold":129,"neow_bonus":"ONE_RARE_RELIC","is_prod":false,"is_daily":false,"chose_seed":false,"campfire_upgraded":3,"win_rate":0,"timestamp":1552174584,"path_taken":["M","M","$","?","?","R","E","R","T","E","R","?","?","M","R","BOSS","M","$","M","?","?","E","?","R","T","E","R","E","R","M","R","BOSS","M","$","?","M","?","R","E","R","T","M","$","M","M","?","R","BOSS","R","$","E","BOSS"],"build_version":"2019-01-23","purchased_purges":4,"victory":false,"max_hp_per_floor":[71,71,71,71,71,71,71,71,71,71,71,71,71,71,71,71,71,71,71,71,78,78,78,78,78,78,78,78,78,78,80,80,80,80,82,82,82,82,82,82,84,84,84,86,86,88,90,90,90,90,90,92,106,106,106],"card_choices":[{"not_picked":["Consume","Capacitor"],"picked":"Undo","floor":1.0},{"not_picked":["Consume","Compile Driver","Hologram"],"picked":"SKIP","floor":2.0},{"not_picked":["Stack","Ball Lightning"],"picked":"Rebound","floor":7.0},{"not_picked":["Conserve Battery","Sweeping Beam"],"picked":"Hyperbeam","floor":10.0},{"not_picked":["Go for the Eyes","Beam Cell"],"picked":"FTL","floor":12.0},{"not_picked":["Sunder","Rebound","FTL"],"picked":"SKIP","floor":14.0},{"not_picked":["Sunder","Coolheaded","Streamline"],"picked":"SKIP","floor":18.0},{"not_picked":["Rebound","BootSequence"],"picked":"Beam Cell","floor":20.0},{"not_picked":["Hello World","Turbo","Go for the Eyes"],"picked":"SKIP","floor":22.0},{"not_picked":["Reprogram","Go for the Eyes","Aggregate"],"picked":"SKIP","floor":23.0},{"not_picked":["Chill","Ball Lightning","Capacitor"],"picked":"Go for the Eyes+1","floor":24.0},{"not_picked":["Turbo+1","Compile Driver","Electrodynamics"],"picked":"Conserve Battery","floor":27.0},{"not_picked":["Beam Cell","Go for the Eyes","Gash","Steam Power"],"picked":"Singing Bowl","floor":31.0},{"not_picked":["Creative AI","Electrodynamics","Seek"],"picked":"Echo Form","floor":33.0},{"not_picked":["Steam Power+1","Fusion","Lockon+1","Steam+1"],"picked":"Singing Bowl","floor":35.0},{"not_picked":["Skim","Force Field+1","Darkness"],"picked":"Conserve Battery","floor":38.0},{"not_picked":["Skim","Cold Snap","Doom and Gloom+1","Thunder Strike"],"picked":"Singing Bowl","floor":41.0},{"not_picked":["Coolheaded","Darkness","Stack+1","Recycle"],"picked":"Singing Bowl","floor":44.0},{"not_picked":["Hologram+1","Chill+1","Hello World","Reprogram+1"],"picked":"Singing Bowl","floor":46.0},{"not_picked":["Sweeping Beam","Go for the Eyes","Steam","Beam Cell"],"picked":"Singing Bowl","floor":47},{"not_picked":["Rebound","Blizzard+1","Go for the Eyes","Beam Cell"],"picked":"Singing Bowl","floor":52},{"not_picked":["Gash","Streamline+1","Blizzard"],"picked":"Conserve Battery+1","floor":54}],"player_experience":734736,"relics_obtained":[{"floor":7.0,"key":"Happy Flower"},{"floor":9.0,"key":"Bronze Scales"},{"floor":10.0,"key":"Du-Vu Doll"},{"floor":21.0,"key":"Strawberry"},{"floor":23.0,"key":"Question Card"},{"floor":23.0,"key":"Bag of Preparation"},{"floor":24.0,"key":"Ice Cream"},{"floor":24.0,"key":"Dodecahedron"},{"floor":26.0,"key":"Singing Bowl"},{"floor":27.0,"key":"Omamori"},{"floor":27.0,"key":"Tiny Chest"},{"floor":41.0,"key":"Bottled Tornado"},{"floor":41.0,"key":"Whetstone"},{"floor":54,"key":"Mercury Hourglass"},{"floor":54,"key":"Incense Burner"}],"event_choices":[{"damage_healed":0.0,"max_hp_gain":0.0,"max_hp_loss":0.0,"gold_gain":0.0,"event_name":"Living Wall","player_choice":"Grow","floor":4.0,"gold_loss":0.0,"damage_taken":0.0,"cards_upgraded":["Streamline"]},{"cards_removed":["Strike_B"],"damage_healed":0.0,"max_hp_gain":0.0,"max_hp_loss":0.0,"gold_gain":0.0,"event_name":"Golden Wing","player_choice":"Card Removal","floor":5.0,"gold_loss":0.0,"damage_taken":7.0},{"damage_healed":17.0,"max_hp_gain":0.0,"max_hp_loss":0.0,"gold_gain":0.0,"event_name":"Mushrooms","player_choice":"Healed and dodged fight","floor":13.0,"gold_loss":0.0,"damage_taken":0.0,"cards_obtained":["Parasite"]},{"damage_healed":0.0,"max_hp_gain":0.0,"max_hp_loss":0.0,"gold_gain":0.0,"event_name":"Wheel of Change","player_choice":"Relic","floor":21.0,"gold_loss":0.0,"damage_taken":0.0},{"damage_healed":0.0,"max_hp_gain":0.0,"max_hp_loss":0.0,"gold_gain":0.0,"event_name":"Colosseum","player_choice":"Fight","floor":24.0,"gold_loss":0.0,"damage_taken":0.0},{"damage_healed":0.0,"max_hp_gain":0.0,"max_hp_loss":0.0,"gold_gain":0.0,"event_name":"Colosseum","player_choice":"Fought Nobs","floor":24.0,"gold_loss":0.0,"damage_taken":0.0},{"damage_healed":0.0,"max_hp_gain":0.0,"max_hp_loss":0.0,"gold_gain":0.0,"event_name":"Tomb of Lord Red Mask","player_choice":"Ignored","floor":37.0,"gold_loss":0.0,"damage_taken":0.0},{"damage_healed":0.0,"max_hp_gain":0.0,"max_hp_loss":0.0,"gold_gain":999.0,"event_name":"MindBloom","player_choice":"Gold","floor":39.0,"gold_loss":0.0,"damage_taken":0.0,"cards_obtained":["Normality","Normality"]},{"cards_removed":["Self Repair"],"damage_healed":0,"gold_gain":0,"player_choice":"Removed Power","damage_taken":0,"max_hp_gain":0,"max_hp_loss":0,"event_name":"Falling","floor":48,"gold_loss":0}],"is_beta":false,"boss_relics":[{"not_picked":["Philosopher\u0027s Stone","Snecko Eye"],"picked":"Black Star"},{"not_picked":["Coffee Dripper","Pandora\u0027s Box"],"picked":"White Beast Statue"}],"items_purged_floors":[3,19,36,45],"is_endless":false,"potions_floor_spawned":[1,2,14,16,20,23,27,29,31,33,35,38,41,44,46,47,54],"killed_by":"The Heart","ascension_level":15}