{"gold_per_floor":[110,189,109,109,109,134,160,186,212,235,247,334,346,358,370,482,494,520,532,114,114,149,149,149,57,57,81,81,81,98,133,133,228,228,245,245,90,90,3,3,103,132,132,157,157,157,157,379,379,479,479,491,491,150,169,169,169,169,169,195,195,195,195,123,123,123,246,246,266,4,4,4,23,23,23,23,55,55,55,55,83,83,83,182,182,182],"floor_reached":86,"playtime":3353,"items_purged":[],"score":1878,"play_id":"247a4a7b-df0e-411e-b965-64a25aa284a6","local_time":"20190119210536","daily_mods":["Draft","Heirloom","Time Dilation","Flight"],"is_ascension_mode":false,"campfire_choices":[{"data":"Body Slam","floor":11,"key":"SMITH"},{"data":"Armaments","floor":13,"key":"SMITH"},{"data":"True Grit","floor":15,"key":"SMITH"},{"data":"Apotheosis","floor":23,"key":"SMITH"},{"data":"True Grit","floor":24,"key":"SMITH"},{"data":"RitualDagger","floor":29,"key":"SMITH"},{"data":"Exhume","floor":32,"key":"SMITH"},{"data":"Corruption","floor":40,"key":"SMITH"},{"data":"Havoc","floor":45,"key":"SMITH"},{"data":"Feel No Pain","floor":47,"key":"SMITH"},{"data":"Armaments","floor":49,"key":"SMITH"},{"data":"Barricade","floor":57,"key":"SMITH"},{"data":"Warcry","floor":59,"key":"SMITH"},{"data":"Secret Technique","floor":61,"key":"SMITH"},{"data":"Purity","floor":62,"key":"SMITH"},{"data":"Sentinel","floor":66,"key":"SMITH"},{"data":"Madness","floor":74,"key":"SMITH"},{"data":"Ghostly","floor":79,"key":"SMITH"},{"data":"Burning Pact","floor":80,"key":"SMITH"},{"data":"Fire Breathing","floor":83,"key":"SMITH"}],"neow_cost":"","seed_source_timestamp":0,"circlet_count":1,"master_deck":["Havoc+1","Pummel","Wild Strike","True Grit+1","Searing Blow","Armaments+1","Corruption+1","Flame Barrier","Evolve","Burning Pact+1","Warcry+1","Armaments+1","True Grit+1","Feel No Pain+1","Offering","Body Slam+1","Fiend Fire","True Grit","Blind","Apotheosis+1","Sentinel+1","True Grit+1","Purity+1","RitualDagger+1","Intimidate","Exhume+1","Feed","Madness+1","Madness","Madness","Body Slam+1","Exhume","Barricade+1","Secret Technique+1","Reckless Charge","Bandage Up+1","Second Wind","Shockwave","Exhume","Ghostly","Ghostly","Ghostly","Ghostly","Ghostly+1","Fire Breathing+1","Pain","Feed"],"relics":["Burning Blood","Incense Burner","Happy Flower","Dead Branch","Pen Nib","MawBank","Eternal Feather","Medical Kit","Nilry\u0027s Codex","Red Mask","Omamori","Blood Vial","Juzu Bracelet","Lizard Tail","Lantern","Charon\u0027s Ashes","Art of War","Mummified Hand","Paper Frog","Runic Pyramid","Strawberry","Pocketwatch","Bag of Marbles","Bloody Idol","Kunai","Pantograph","Circlet"],"potions_floor_usage":[7,22,31,42,42,84,86],"damage_taken":[{"damage":6,"enemies":"2 Louse","floor":1,"turns":3},{"damage":36,"enemies":"Lagavulin","floor":6,"turns":8},{"damage":3,"enemies":"3 Sentries","floor":7,"turns":6},{"damage":10,"enemies":"Lagavulin","floor":8,"turns":3},{"damage":1,"enemies":"Small Slimes","floor":10,"turns":4},{"damage":6,"enemies":"Hexaghost","floor":16,"turns":5},{"damage":6,"enemies":"Shell Parasite","floor":18,"turns":3},{"damage":12,"enemies":"Masked Bandits","floor":22,"turns":4},{"damage":6,"enemies":"Chosen","floor":30,"turns":1},{"damage":0,"enemies":"Book of Stabbing","floor":31,"turns":2},{"damage":14,"enemies":"Champ","floor":33,"turns":4},{"damage":14,"enemies":"3 Shapes","floor":35,"turns":4},{"damage":0,"enemies":"Mind Bloom Boss Battle","floor":41,"turns":2},{"damage":0,"enemies":"Reptomancer","floor":42,"turns":5},{"damage":6,"enemies":"Giant Head","floor":44,"turns":2},{"damage":24,"enemies":"Awakened One","floor":50,"turns":4},{"damage":0,"enemies":"2 Louse","floor":52,"turns":1},{"damage":6,"enemies":"Cultist","floor":55,"turns":2},{"damage":6,"enemies":"Slime Boss","floor":67,"turns":2},{"damage":17,"enemies":"2 Thieves","floor":69,"turns":3},{"damage":0,"enemies":"3 Byrds","floor":73,"turns":2},{"damage":0,"enemies":"Gremlin Leader","floor":77,"turns":2},{"damage":6,"enemies":"Masked Bandits","floor":81,"turns":1},{"damage":6,"enemies":"Champ","floor":84,"turns":3},{"damage":3,"enemies":"3 Darklings","floor":86,"turns":1}],"seed_played":"8522064203434877327","potions_obtained":[{"floor":6,"key":"BloodPotion"},{"floor":7,"key":"Strength Potion"},{"floor":16,"key":"PowerPotion"},{"floor":18,"key":"SpeedPotion"},{"floor":30,"key":"Explosive Potion"},{"floor":33,"key":"Fire Potion"},{"floor":42,"key":"SteroidPotion"},{"floor":44,"key":"FearPotion"},{"floor":52,"key":"Block Potion"},{"floor":77,"key":"Strength Potion"}],"is_trial":true,"path_per_floor":["M","?","$","?","$","E","E","E","T","M","R","?","R","?","R","B",null,"M","?","$","?","?","R","R","$","T","T","?","R","M","E","R","B",null,"M","?","$","?","$","R","?","E","T","E","R","?","R","?","R","B",null,"M","?","$","M","?","R","?","R","T","R","R","?","$","?","R","B",null,"M","$","?","?","M","R","?","$","E","?","R","R","?","?","R","B",null,"M"],"character_chosen":"IRONCLAD","items_purchased":["Feel No Pain","Apotheosis","Medical Kit","Sentinel","Purity","Lantern","Madness","Secret Technique","Reckless Charge","Bandage Up","Shockwave","Kunai"],"campfire_rested":0,"item_purchase_floors":[3,20,20,20,25,37,39,54,54,54,64,70],"current_hp_per_floor":[80,80,80,80,80,50,61,57,57,62,62,51,51,51,51,51,80,80,64,64,48,42,57,72,72,72,72,66,80,80,80,80,72,80,72,62,62,62,62,80,80,80,80,80,80,80,80,80,80,62,80,80,69,69,71,64,85,85,87,87,87,87,66,66,49,70,72,87,76,76,76,76,87,87,87,87,87,43,43,43,47,47,47,47,47,44],"gold":182,"neow_bonus":"","is_prod":false,"is_daily":false,"chose_seed":false,"campfire_upgraded":20,"win_rate":0,"timestamp":1547899536,"path_taken":["M","?","$","?","?","E","E","E","T","?","R","?","R","?","R","BOSS","M","?","?","?","?","R","R","?","T","?","?","R","?","E","R","BOSS","M","?","$","?","?","R","?","E","T","E","R","?","R","?","R","BOSS","M","?","$","M","?","R","?","R","T","R","R","?","$","?","R","BOSS","M","$","?","?","M","R","?","$","E","?","R","R","?","?","R","BOSS","M"],"build_version":"2019-01-17v2","purchased_purges":0,"victory":false,"max_hp_per_floor":[80,80,80,80,80,80,80,80,80,80,80,80,80,80,80,80,80,80,80,80,80,80,80,80,80,80,80,80,80,80,80,80,80,80,80,80,80,80,80,80,80,80,80,80,80,80,80,80,80,80,80,80,87,87,87,87,87,87,87,87,87,87,87,87,87,87,87,87,87,87,87,87,87,87,87,87,87,43,43,43,47,47,47,47,47,47],"card_choices":[{"not_picked":["Headbutt","Heavy Blade"],"picked":"Havoc","floor":0},{"not_picked":["Rage","Blood for Blood"],"picked":"Pummel","floor":0},{"not_picked":["Anger","Blood for Blood"],"picked":"Wild Strike","floor":0},{"not_picked":["Rupture","Whirlwind"],"picked":"True Grit","floor":0},{"not_picked":["Clash","Blood for Blood"],"picked":"Dropkick","floor":0},{"not_picked":["Anger","Thunderclap"],"picked":"Searing Blow","floor":0},{"not_picked":["Sword Boomerang","Rupture"],"picked":"Armaments","floor":0},{"not_picked":["Seeing Red","Intimidate"],"picked":"Evolve","floor":0},{"not_picked":["Cleave","Heavy Blade"],"picked":"Corruption","floor":0},{"not_picked":["Clothesline","Anger"],"picked":"Flame Barrier","floor":0},{"not_picked":["Perfected Strike","Clash"],"picked":"Evolve","floor":0},{"not_picked":["Evolve","Second Wind"],"picked":"Burning Pact","floor":0},{"not_picked":["Headbutt","Fire Breathing"],"picked":"Warcry","floor":0},{"not_picked":["Body Slam","Entrench"],"picked":"Anger","floor":0},{"not_picked":["True Grit","Anger"],"picked":"Armaments","floor":0},{"not_picked":["Twin Strike","Perfected Strike"],"picked":"True Grit","floor":1},{"not_picked":["Thunderclap","Dropkick","Rage"],"picked":"SKIP","floor":6},{"not_picked":["Perfected Strike","Havoc"],"picked":"Offering","floor":7},{"not_picked":["Inflame","Clothesline"],"picked":"Body Slam","floor":8},{"not_picked":["Headbutt","Twin Strike","Spot Weakness"],"picked":"SKIP","floor":10},{"not_picked":["Berserk","Immolate"],"picked":"Fiend Fire","floor":16},{"not_picked":["Flex","Wild Strike"],"picked":"True Grit","floor":18},{"not_picked":["Twin Strike+1","Ghostly Armor"],"picked":"True Grit+1","floor":22},{"not_picked":["Perfected Strike","Twin Strike+1"],"picked":"Intimidate","floor":30},{"not_picked":["Shrug It Off","Anger"],"picked":"Exhume","floor":31},{"not_picked":["Offering","Dark Embrace"],"picked":"Feed","floor":33},{"not_picked":["Thunderclap","Body Slam","Anger"],"picked":"SKIP","floor":35},{"not_picked":["Clash","Wild Strike+1"],"picked":"Body Slam+1","floor":41},{"not_picked":["Anger","Metallicize","Pommel Strike+1"],"picked":"SKIP","floor":42},{"not_picked":["Inflame+1","Burning Pact"],"picked":"Exhume","floor":44},{"not_picked":["Dark Embrace","Impervious"],"picked":"Barricade","floor":50},{"not_picked":["Pommel Strike","Armaments","Inflame"],"picked":"SKIP","floor":52},{"not_picked":["Fire Breathing","Clash"],"picked":"Second Wind","floor":55},{"not_picked":["Fiend Fire","Reaper"],"picked":"Exhume","floor":67},{"not_picked":["Second Wind","Clothesline","Perfected Strike+1"],"picked":"SKIP","floor":69},{"not_picked":["Body Slam","Clothesline","Twin Strike"],"picked":"SKIP","floor":73},{"not_picked":["Hemokinesis","Body Slam","Battle Trance"],"picked":"SKIP","floor":77},{"not_picked":["Combust","Anger"],"picked":"Fire Breathing","floor":81},{"not_picked":["Fiend Fire","Brutality"],"picked":"Feed","floor":84}],"player_experience":306790,"relics_obtained":[{"floor":6,"key":"Happy Flower"},{"floor":7,"key":"Dead Branch"},{"floor":8,"key":"Pen Nib"},{"floor":9,"key":"MawBank"},{"floor":21,"key":"Nilry\u0027s Codex"},{"floor":22,"key":"Red Mask"},{"floor":26,"key":"Omamori"},{"floor":27,"key":"Blood Vial"},{"floor":31,"key":"Juzu Bracelet"},{"floor":41,"key":"Charon\u0027s Ashes"},{"floor":42,"key":"Art of War"},{"floor":43,"key":"Mummified Hand"},{"floor":44,"key":"Paper Frog"},{"floor":60,"key":"Bag of Marbles"},{"floor":81,"key":"Circlet"}],"event_choices":[{"damage_healed":0,"gold_gain":79,"player_choice":"Gained Gold","damage_taken":0,"max_hp_gain":0,"max_hp_loss":0,"event_name":"Golden Wing","floor":2,"gold_loss":0},{"damage_healed":0,"gold_gain":0,"player_choice":"Leave","damage_taken":0,"max_hp_gain":0,"max_hp_loss":0,"event_name":"The Cleric","floor":4,"gold_loss":0},{"damage_healed":0,"gold_gain":75,"player_choice":"Gather Gold","damage_taken":11,"max_hp_gain":0,"max_hp_loss":0,"event_name":"World of Goop","floor":12,"gold_loss":0},{"damage_healed":0,"gold_gain":0,"player_choice":"Ignored","damage_taken":0,"max_hp_gain":0,"max_hp_loss":0,"event_name":"Liars Game","floor":14,"gold_loss":0},{"damage_healed":0,"gold_gain":0,"player_choice":"CARD ","damage_taken":16,"max_hp_gain":0,"max_hp_loss":0,"event_name":"Knowing Skull","floor":19,"potions_obtained":[],"gold_loss":0,"cards_obtained":["Blind"]},{"damage_healed":0,"gold_gain":0,"player_choice":"Obtained Book","damage_taken":16,"max_hp_gain":0,"max_hp_loss":0,"event_name":"Cursed Tome","floor":21,"gold_loss":0},{"damage_healed":0,"gold_gain":0,"player_choice":"Fought Bandits","damage_taken":0,"max_hp_gain":0,"max_hp_loss":0,"event_name":"Masked Bandits","floor":22,"gold_loss":0},{"damage_healed":0,"gold_gain":0,"player_choice":"Joined the Cult","damage_taken":6,"max_hp_gain":0,"max_hp_loss":0,"event_name":"Nest","floor":28,"gold_loss":0,"cards_obtained":["RitualDagger"]},{"damage_healed":0,"gold_gain":0,"player_choice":"Embrace Madness","damage_taken":10,"max_hp_gain":0,"max_hp_loss":0,"event_name":"Winding Halls","floor":36,"gold_loss":0,"cards_obtained":["Madness","Madness"]},{"cards_removed":["Evolve"],"damage_healed":0,"gold_gain":0,"player_choice":"Removed Power","damage_taken":0,"max_hp_gain":0,"max_hp_loss":0,"event_name":"Falling","floor":38,"gold_loss":0},{"damage_healed":0,"gold_gain":0,"player_choice":"Fight","damage_taken":0,"max_hp_gain":0,"max_hp_loss":0,"event_name":"MindBloom","floor":41,"gold_loss":0},{"damage_healed":0,"gold_gain":0,"player_choice":"Ignored","damage_taken":0,"max_hp_gain":0,"max_hp_loss":0,"event_name":"Mysterious Sphere","floor":46,"gold_loss":0},{"damage_healed":0,"gold_gain":222,"player_choice":"Wore Mask","damage_taken":0,"max_hp_gain":0,"max_hp_loss":0,"event_name":"Tomb of Lord Red Mask","floor":48,"gold_loss":0},{"damage_healed":0,"gold_gain":0,"player_choice":"Success","damage_taken":18,"relics_obtained":["Strawberry"],"max_hp_gain":0,"max_hp_loss":0,"event_name":"Scrap Ooze","floor":53,"gold_loss":0},{"cards_removed":["Anger"],"damage_healed":0,"gold_gain":0,"player_choice":"Card Removal","damage_taken":7,"max_hp_gain":0,"max_hp_loss":0,"event_name":"Golden Wing","floor":56,"gold_loss":0},{"damage_healed":0,"gold_gain":0,"player_choice":"Box","damage_taken":0,"relics_obtained":["Pocketwatch"],"max_hp_gain":0,"max_hp_loss":0,"event_name":"Big Fish","floor":58,"gold_loss":0,"cards_obtained":["Regret"]},{"damage_healed":0,"gold_gain":0,"player_choice":"Take Damage","damage_taken":21,"relics_obtained":["Golden Idol"],"max_hp_gain":0,"max_hp_loss":0,"event_name":"Golden Idol","floor":63,"gold_loss":0},{"damage_healed":0,"gold_gain":0,"player_choice":"Entered Light","damage_taken":17,"max_hp_gain":0,"max_hp_loss":0,"event_name":"Shining Light","floor":65,"gold_loss":0,"cards_upgraded":["Dropkick","Bandage Up"]},{"damage_healed":0,"gold_gain":0,"player_choice":"Gave Idol","damage_taken":0,"relics_obtained":["Bloody Idol"],"max_hp_gain":0,"max_hp_loss":0,"event_name":"Forgotten Altar","floor":71,"relics_lost":["Golden Idol"],"gold_loss":0},{"damage_healed":0,"gold_gain":0,"player_choice":"Ignored","damage_taken":0,"max_hp_gain":0,"max_hp_loss":0,"event_name":"Vampires","floor":72,"gold_loss":0},{"damage_healed":0,"gold_gain":0,"player_choice":"Gave Potion","damage_taken":0,"relics_obtained":["Pantograph"],"max_hp_gain":0,"max_hp_loss":0,"event_name":"WeMeetAgain","floor":75,"gold_loss":0},{"damage_healed":0,"gold_gain":0,"player_choice":"Became a Ghost","damage_taken":0,"max_hp_gain":0,"max_hp_loss":44,"event_name":"Ghosts","floor":78,"gold_loss":0,"cards_obtained":["Ghostly","Ghostly","Ghostly","Ghostly","Ghostly"]},{"damage_healed":0,"gold_gain":0,"player_choice":"Fought Bandits","damage_taken":0,"max_hp_gain":0,"max_hp_loss":0,"event_name":"Masked Bandits","floor":81,"gold_loss":0},{"cards_removed":["Dropkick"],"damage_healed":0,"gold_gain":0,"player_choice":"Purged","damage_taken":0,"max_hp_gain":0,"max_hp_loss":0,"event_name":"Purifier","floor":82,"gold_loss":0}],"is_beta":false,"boss_relics":[{"not_picked":["White Beast Statue","Orrery"],"picked":"Eternal Feather"},{"not_picked":["Runic Dome","Velvet Choker"],"picked":"Lizard Tail"},{"not_picked":["Busted Crown","Calling Bell"],"picked":"Runic Pyramid"},{"not_picked":["VoidEssence"],"picked":"Accursed"},{"not_picked":["Scatterbrain"],"picked":"GraspOfShadows"}],"items_purged_floors":[],"is_endless":true,"potions_floor_spawned":[6,7,16,18,30,33,42,44,52,55,77],"killed_by":"3 Darklings","ascension_level":0}