{"gold_per_floor":[109,123,134,147,147,173,186,186,186,186,200,212,212,237,237,237],"floor_reached":16,"playtime":946,"items_purged":[],"score":116,"play_id":"e15dbb19-7973-40fe-9764-428fd45a1b1c","local_time":"20190511093923","is_ascension_mode":false,"campfire_choices":[{"floor":10,"key":"REST"},{"data":"Uppercut","floor":15,"key":"SMITH"}],"neow_cost":"NONE","seed_source_timestamp":360898192051630,"circlet_count":0,"master_deck":["Strike_R","Strike_R","Strike_R","Strike_R","Strike_R","Defend_R","Defend_R","Defend_R","Corruption","Uppercut+1","Limit Break","Evolve","Bloodletting","Shrug It Off","Metallicize"],"relics":["Burning Blood","Torii","Dodecahedron","Singing Bowl"],"potions_floor_usage":[8,14],"damage_taken":[{"damage":11,"enemies":"2 Louse","floor":1,"turns":3},{"damage":1,"enemies":"Cultist","floor":2,"turns":4},{"damage":7,"enemies":"Small Slimes","floor":3,"turns":4},{"damage":10,"enemies":"2 Fungi Beasts","floor":4,"turns":4},{"damage":58,"enemies":"Gremlin Nob","floor":6,"turns":7},{"damage":16,"enemies":"Blue Slaver","floor":7,"turns":3},{"damage":0,"enemies":"3 Louse","floor":8,"turns":1},{"damage":12,"enemies":"Exordium Wildlife","floor":11,"turns":7},{"damage":2,"enemies":"Looter","floor":12,"turns":4},{"damage":17,"enemies":"Lagavulin","floor":14,"turns":12},{"damage":32,"enemies":"The Guardian","floor":16,"turns":8}],"seed_played":"-2472720351287836427","potions_obtained":[{"floor":1,"key":"Dexterity Potion"},{"floor":3,"key":"SmokeBomb"},{"floor":11,"key":"LiquidBronze"},{"floor":14,"key":"GamblersBrew"}],"is_trial":false,"path_per_floor":["M","M","M","M","?","E","M","M","T","R","M","M","?","E","R","B"],"character_chosen":"IRONCLAD","items_purchased":[],"campfire_rested":1,"item_purchase_floors":[],"current_hp_per_floor":[75,80,79,75,75,23,13,19,19,43,37,41,41,32,32,0],"gold":237,"neow_bonus":"REMOVE_CARD","is_prod":false,"is_daily":false,"chose_seed":false,"campfire_upgraded":1,"win_rate":0,"timestamp":1557560363,"path_taken":["M","M","M","M","?","E","M","?","T","R","M","M","?","E","R","BOSS"],"build_version":"2019-01-23","purchased_purges":0,"victory":false,"max_hp_per_floor":[80,80,80,80,80,80,80,80,80,80,80,80,80,82,82,82],"card_choices":[{"not_picked":["Intimidate","Wild Strike"],"picked":"Corruption","floor":1},{"not_picked":["Clothesline","Body Slam"],"picked":"Uppercut","floor":2},{"not_picked":["Twin Strike","Pommel Strike"],"picked":"Limit Break","floor":3},{"not_picked":["Uppercut","Sword Boomerang"],"picked":"Evolve","floor":4},{"not_picked":["Thunderclap","Body Slam","Second Wind"],"picked":"SKIP","floor":6},{"not_picked":["Pommel Strike","Havoc"],"picked":"Shrug It Off","floor":7},{"not_picked":["Havoc","Clothesline","Bloodletting"],"picked":"SKIP","floor":11},{"not_picked":["Intimidate","Warcry"],"picked":"Metallicize","floor":12},{"not_picked":["Body Slam","Limit Break","Sword Boomerang"],"picked":"Singing Bowl","floor":14}],"player_experience":248066,"relics_obtained":[{"floor":6,"key":"Torii"},{"floor":13,"key":"Dodecahedron"},{"floor":14,"key":"Singing Bowl"}],"event_choices":[{"damage_healed":0,"gold_gain":0,"cards_transformed":["Bash"],"player_choice":"Transformed","damage_taken":0,"max_hp_gain":0,"max_hp_loss":0,"event_name":"Transmorgrifier","floor":5,"gold_loss":0,"cards_obtained":["Bloodletting"]},{"damage_healed":0,"gold_gain":0,"player_choice":"Relic","damage_taken":0,"max_hp_gain":0,"max_hp_loss":0,"event_name":"Wheel of Change","floor":13,"gold_loss":0}],"is_beta":false,"boss_relics":[],"items_purged_floors":[],"is_endless":false,"potions_floor_spawned":[1,3,8,11,14],"killed_by":"The Guardian","ascension_level":0}