{"gold_per_floor":[119,44,44,57,74,74,84,84,110,110,140,42,57,67,67,67],"floor_reached":16,"playtime":262,"items_purged":["Defend_R"],"score":92,"play_id":"2fa79761-0019-4250-8c4e-90d2f0e8e9d8","local_time":"20181209164636","is_ascension_mode":false,"campfire_choices":[{"data":"Bash","floor":6,"key":"SMITH"},{"data":"Strike_R","floor":8,"key":"SMITH"},{"data":"Clash","floor":15,"key":"SMITH"}],"neow_cost":"NONE","seed_source_timestamp":200872418268134,"circlet_count":0,"master_deck":["Strike_R","Strike_R","Strike_R","Strike_R","Strike_R+1","Defend_R","Defend_R","Bash+1","Shrug It Off","Clash+1"],"relics":["Burning Blood","NeowsBlessing","Blood Vial","Self Forming Clay","Tiny Chest"],"potions_floor_usage":[16],"damage_taken":[{"damage":0,"enemies":"Jaw Worm","floor":1,"turns":1},{"damage":0,"enemies":"Cultist","floor":4,"turns":1},{"damage":0,"enemies":"2 Louse","floor":5,"turns":1},{"damage":13,"enemies":"Large Slime","floor":7,"turns":5},{"damage":8,"enemies":"3 Louse","floor":13,"turns":2},{"damage":7,"enemies":"Blue Slaver","floor":14,"turns":2},{"damage":59,"enemies":"The Guardian","floor":16,"turns":9}],"seed_played":"4303944284274485685","potions_obtained":[{"floor":4,"key":"Explosive Potion"},{"floor":7,"key":"Fruit Juice"}],"is_trial":false,"path_per_floor":["M","$","?","M","M","R","M","R","T","T","?","$","M","M","R","B"],"character_chosen":"IRONCLAD","items_purchased":["Shrug It Off","Clash"],"campfire_rested":0,"item_purchase_floors":[12,12],"current_hp_per_floor":[80,80,80,80,80,80,73,73,73,73,48,48,48,49,49,0],"gold":67,"neow_bonus":"THREE_ENEMY_KILL","is_prod":false,"is_daily":false,"chose_seed":false,"campfire_upgraded":3,"win_rate":0,"timestamp":1544391996,"path_taken":["M","$","?","M","?","R","M","R","T","?","?","$","M","M","R","BOSS"],"build_version":"2018-12-06","purchased_purges":1,"victory":false,"max_hp_per_floor":[80,80,80,80,80,80,80,80,80,80,80,80,80,80,80,85],"card_choices":[{"not_picked":["Perfected Strike","Flex","Hemokinesis"],"picked":"SKIP","floor":1},{"not_picked":["Perfected Strike","Heavy Blade","Thunderclap"],"picked":"SKIP","floor":4},{"not_picked":["Perfected Strike","Sword Boomerang","Pommel Strike"],"picked":"SKIP","floor":5},{"not_picked":["Rupture","Hemokinesis","Bloodletting"],"picked":"SKIP","floor":7},{"not_picked":["Sever Soul","Havoc","Body Slam"],"picked":"SKIP","floor":13},{"not_picked":["Clothesline","Body Slam","Anger"],"picked":"SKIP","floor":14}],"player_experience":306622,"relics_obtained":[{"floor":9,"key":"Blood Vial"},{"floor":10,"key":"Self Forming Clay"}],"event_choices":[{"cards_removed":["Defend_R"],"damage_healed":0,"gold_gain":0,"player_choice":"Purged","damage_taken":0,"max_hp_gain":0,"max_hp_loss":0,"event_name":"Purifier","floor":3,"gold_loss":0},{"damage_healed":0,"gold_gain":0,"player_choice":"Success","damage_taken":25,"relics_obtained":["Tiny Chest"],"max_hp_gain":0,"max_hp_loss":0,"event_name":"Scrap Ooze","floor":11,"gold_loss":0}],"is_beta":false,"boss_relics":[],"items_purged_floors":[2],"is_endless":false,"potions_floor_spawned":[4,7],"killed_by":"The Guardian","ascension_level":0}