{"gold_per_floor":[110,110,260,185,185,185,26,26,49,66,9,26,26,42,342,413,463,477,527,442,457,470,470,470],"floor_reached":24,"playtime":1811,"items_purged":["Defend_G"],"score":331,"play_id":"9964ba05-6979-474e-8d41-3268188485aa","local_time":"20190519142336","is_ascension_mode":true,"campfire_choices":[{"floor":6,"key":"DIG"},{"floor":8,"key":"DIG"},{"data":"Reflex","floor":13,"key":"SMITH"},{"floor":15,"key":"DIG"},{"floor":23,"key":"REST"}],"neow_cost":"NONE","seed_source_timestamp":331318321232146,"circlet_count":0,"master_deck":["AscendersBane","Defend_G+1","Defend_G","Defend_G","Defend_G","Strike_G","Strike_G","Strike_G","Strike_G","Survivor","Neutralize","Noxious Fumes","Acrobatics","Footwork","Underhanded Strike","Backflip","Reflex+1","Flying Knee","A Thousand Cuts","Reflex","Quick Slash","Crippling Poison"],"relics":["HoveringKite","Shovel","Art of War","Happy Flower","Ancient Tea Set","Old Coin","Tiny House","Girya"],"potions_floor_usage":[16,21],"damage_taken":[{"damage":7,"enemies":"Cultist","floor":1,"turns":5},{"damage":0,"enemies":"2 Louse","floor":10,"turns":3},{"damage":0,"enemies":"Small Slimes","floor":12,"turns":4},{"damage":0,"enemies":"3 Louse","floor":14,"turns":5},{"damage":37,"enemies":"Hexaghost","floor":16,"turns":12},{"damage":25,"enemies":"Shell Parasite","floor":18,"turns":9},{"damage":5,"enemies":"3 Byrds","floor":21,"turns":7},{"damage":38,"enemies":"Shelled Parasite and Fungi","floor":22,"turns":9},{"damage":34,"enemies":"Slavers","floor":24,"turns":4}],"seed_played":"-4423086502614105232","potions_obtained":[{"floor":14,"key":"Fruit Juice"},{"floor":17,"key":"Regen Potion"}],"is_trial":false,"path_per_floor":["M","T","?","?","?","R","$","R","T","M","$","M","R","M","R","B",null,"M","?","?","M","M","R","E"],"character_chosen":"THE_SILENT","items_purchased":["Footwork","Backflip"],"campfire_rested":1,"item_purchase_floors":[7,11],"current_hp_per_floor":[52,52,52,52,52,52,52,52,52,52,52,52,52,52,52,20,63,38,38,38,48,10,32,0],"gold":470,"neow_bonus":"BOSS_RELIC","is_prod":false,"is_daily":false,"chose_seed":false,"campfire_upgraded":1,"win_rate":0,"timestamp":1558265016,"path_taken":["M","?","?","?","?","R","?","R","T","?","$","M","R","M","R","BOSS","M","?","?","M","M","R","E"],"build_version":"2019-01-23","purchased_purges":1,"victory":false,"max_hp_per_floor":[66,66,66,66,66,66,66,66,66,66,66,66,66,66,66,71,76,76,76,76,76,76,76,76],"card_choices":[{"not_picked":["Sucker Punch","Outmaneuver"],"picked":"Noxious Fumes","floor":1},{"not_picked":["Flechettes","Outmaneuver"],"picked":"Underhanded Strike","floor":10},{"not_picked":["Deflect","Dagger Spray"],"picked":"Reflex","floor":12},{"not_picked":["Outmaneuver","Infinite Blades"],"picked":"Flying Knee","floor":14},{"not_picked":["Grand Finale","Envenom"],"picked":"A Thousand Cuts","floor":16},{"not_picked":["Sucker Punch","Riddle With Holes"],"picked":"Reflex","floor":17},{"not_picked":["Deflect","Setup","Blade Dance"],"picked":"SKIP","floor":18},{"not_picked":["Backstab","Outmaneuver"],"picked":"Quick Slash","floor":21},{"not_picked":["Dodge and Roll","Flechettes"],"picked":"Crippling Poison","floor":22}],"player_experience":1025337,"relics_obtained":[{"floor":2,"key":"Shovel"},{"floor":6,"key":"Art of War"},{"floor":8,"key":"Happy Flower"},{"floor":9,"key":"Ancient Tea Set"},{"floor":15,"key":"Old Coin"}],"event_choices":[{"damage_healed":0,"gold_gain":150,"player_choice":"AGREE","damage_taken":0,"max_hp_gain":0,"max_hp_loss":0,"event_name":"Liars Game","floor":3,"gold_loss":0,"cards_obtained":["Doubt"]},{"cards_removed":["Doubt"],"damage_healed":0,"gold_gain":0,"player_choice":"Card Removal","damage_taken":0,"max_hp_gain":0,"max_hp_loss":0,"event_name":"The Cleric","floor":4,"gold_loss":75},{"damage_healed":0,"gold_gain":0,"cards_transformed":["Strike_G"],"player_choice":"Change","damage_taken":0,"max_hp_gain":0,"max_hp_loss":0,"event_name":"Living Wall","floor":5,"gold_loss":0,"cards_obtained":["Acrobatics"]},{"damage_healed":0,"gold_gain":50,"player_choice":"Stole From Cult","damage_taken":0,"max_hp_gain":0,"max_hp_loss":0,"event_name":"Nest","floor":19,"gold_loss":0},{"damage_healed":0,"gold_gain":0,"player_choice":"Obtained Relic","damage_taken":0,"relics_obtained":["Girya"],"max_hp_gain":0,"max_hp_loss":0,"event_name":"Addict","floor":20,"gold_loss":85}],"is_beta":false,"boss_relics":[{"not_picked":["WristBlade","Ectoplasm"],"picked":"Tiny House"}],"items_purged_floors":[7],"is_endless":false,"potions_floor_spawned":[14],"killed_by":"Slavers","ascension_level":16}