{"gold_per_floor":[114,127,127,142,161,161,175,194,217,217,292,307,307,338,338,437,437,449,459,459],"floor_reached":20,"playtime":2609,"items_purged":[],"score":178,"play_id":"56c7b070-2717-45d4-80ab-0d4d37680ba2","local_time":"20180702195757","is_ascension_mode":false,"campfire_choices":[{"data":"Armaments","floor":6.0,"key":"SMITH"},{"data":"Iron Wave","floor":10.0,"key":"SMITH"},{"data":"Iron Wave","floor":13.0,"key":"SMITH"},{"floor":15.0,"key":"REST"}],"neow_cost":"","seed_source_timestamp":0,"circlet_count":0,"master_deck":["Strike_R","Strike_R","Strike_R","Strike_R","Strike_R","Defend_R+1","Defend_R","Defend_R","Defend_R+1","Bash+1","Iron Wave+1","Inflame","Armaments+1","Clothesline","Iron Wave+1","Pommel Strike","Rampage","Juggernaut","Juggernaut","Pain","Parasite","Doubt","Shrug It Off+1","Flame Barrier"],"special_seed":0,"relics":["Burning Blood","Potion Belt","Pear","Calling Bell","Orichalcum","Question Card","Red Skull"],"potions_floor_usage":[19],"damage_taken":[{"damage":24.0,"enemies":"Cultist","floor":1.0,"turns":7.0},{"damage":2.0,"enemies":"Small Slimes","floor":2.0,"turns":6.0},{"damage":1.0,"enemies":"Jaw Worm","floor":4.0,"turns":4.0},{"damage":0.0,"enemies":"Red Slaver","floor":5.0,"turns":5.0},{"damage":0.0,"enemies":"2 Fungi Beasts","floor":7.0,"turns":4.0},{"damage":0.0,"enemies":"3 Louse","floor":8.0,"turns":4.0},{"damage":7.0,"enemies":"Blue Slaver","floor":12.0,"turns":4.0},{"damage":11.0,"enemies":"Gremlin Nob","floor":14.0,"turns":5.0},{"damage":48.0,"enemies":"Slime Boss","floor":16.0,"turns":13.0},{"damage":27,"enemies":"Shell Parasite","floor":18,"turns":9},{"damage":60,"enemies":"3 Byrds","floor":19,"turns":7},{"damage":15,"enemies":"Centurion and Healer","floor":20,"turns":5}],"seed_played":"-1033236099674239419","potions_obtained":[{"floor":8.0,"key":"SpeedPotion"},{"floor":14.0,"key":"SpeedPotion"},{"floor":16.0,"key":"Poison Potion"}],"is_trial":false,"path_per_floor":["M","M","?","M","M","R","M","M","T","R","?","M","R","E","R","B",null,"M","M"],"character_chosen":"IRONCLAD","items_purchased":[],"campfire_rested":1,"item_purchase_floors":[],"current_hp_per_floor":[62,66,50,55,61,61,67,73,73,73,62,61,61,66,90,48,90,69,15,0],"gold":459,"neow_bonus":"","is_prod":false,"is_daily":false,"chose_seed":false,"campfire_upgraded":3,"win_rate":0.0,"timestamp":1530575877,"path_taken":["M","M","?","M","M","R","?","M","T","R","?","M","R","E","R","BOSS","M","M","M"],"build_version":"2018-06-28","purchased_purges":0,"victory":false,"max_hp_per_floor":[80,80,80,80,80,80,80,80,80,80,80,80,80,90,90,90,90,90,90,90],"card_choices":[{"not_picked":["Anger","Cleave"],"picked":"Iron Wave","floor":1.0},{"not_picked":["Second Wind","Twin Strike"],"picked":"Inflame","floor":2.0},{"not_picked":["Warcry","Intimidate"],"picked":"Armaments","floor":4.0},{"not_picked":["Perfected Strike","Whirlwind"],"picked":"Clothesline","floor":5.0},{"not_picked":["Entrench","Twin Strike"],"picked":"Iron Wave","floor":7.0},{"not_picked":["Pummel","Headbutt"],"picked":"Pommel Strike","floor":8.0},{"not_picked":["Clash","Impervious"],"picked":"Rampage","floor":12.0},{"not_picked":["Pummel","Heavy Blade"],"picked":"Juggernaut","floor":14.0},{"not_picked":["Fiend Fire","Double Tap"],"picked":"Juggernaut","floor":16.0},{"not_picked":["Heavy Blade+1","Pommel Strike","Iron Wave"],"picked":"Shrug It Off+1","floor":18},{"not_picked":["Carnage","Cleave","Warcry"],"picked":"Flame Barrier","floor":19}],"player_experience":7456,"relics_obtained":[{"floor":9.0,"key":"Potion Belt"},{"floor":14.0,"key":"Pear"},{"floor":17.0,"key":"Orichalcum"},{"floor":17.0,"key":"Question Card"},{"floor":17.0,"key":"Red Skull"}],"event_choices":[{"event_name":"Shining Light","player_choice":"Entered Light","floor":3.0,"damage_taken":0.0},{"event_name":"World of Goop","player_choice":"Gather Gold","floor":11.0,"damage_taken":0.0}],"boss_relics":[{"not_picked":["Snecko Eye","Runic Dome"],"picked":"Calling Bell"}],"items_purged_floors":[],"is_endless":false,"potions_floor_spawned":[8,14,16],"killed_by":"Centurion and Healer","ascension_level":0}