{"gold_per_floor":[110,125,143,38,56,56,83,83,151,162,192,192,208,208,208,284,284,284,239,239,239,239,239,199,199,199,20,20,20,20,20,20,20,20,20,20,20,20,20,20,20,20,20,20,20,20,20,20,20,20],"floor_reached":51,"playtime":3172,"items_purged":["Strike_R+1"],"score":1251,"play_id":"14d6a4af-4d93-4178-bc0e-fd9f08cd94bf","local_time":"20190112052728","is_ascension_mode":true,"campfire_choices":[{"data":"Bash","floor":6,"key":"SMITH"},{"floor":8,"key":"REST"},{"floor":15,"key":"REST"},{"data":"Juggernaut","floor":23,"key":"SMITH"},{"data":"Corruption","floor":25,"key":"SMITH"},{"data":"Pommel Strike","floor":32,"key":"SMITH"},{"data":"Clothesline","floor":40,"key":"SMITH"},{"data":"Inflame","floor":49,"key":"SMITH"}],"neow_cost":"NONE","seed_source_timestamp":113602508344180,"circlet_count":0,"master_deck":["AscendersBane","Strike_R+1","Strike_R+1","Strike_R+1","Defend_R+1","Defend_R+1","Defend_R+1","Defend_R+1","Bash+1","Pommel Strike+1","Headbutt","Shockwave+1","Corruption+1","Exhume+1","Sentinel+1","Juggernaut+1","Clothesline+1","Disarm+1","Feel No Pain+1","Immolate","Shrug It Off+1","Flame Barrier+1","Entrench+1","Warcry+1","Shrug It Off+1","Armaments+1","Reckless Charge+1","Offering+1","Body Slam+1","Armaments+1","Flame Barrier+1","Flame Barrier+1","Body Slam+1","Armaments+1","Inflame+1","Limit Break+1","Warcry+1","Power Through+1","Corruption+1","Inflame","Double Tap+1","Havoc+1","Armaments+1","Entrench+1"],"relics":["Burning Blood","NeowsBlessing","Prayer Wheel","Omamori","Toxic Egg 2","Gambling Chip","Ectoplasm","Blood Vial","Lantern","Ornamental Fan","Snecko Eye","Regal Pillow","Smiling Mask"],"potions_floor_usage":[11,35,50],"damage_taken":[{"damage":0,"enemies":"Jaw Worm","floor":1,"turns":1},{"damage":0,"enemies":"Cultist","floor":2,"turns":1},{"damage":0,"enemies":"2 Louse","floor":3,"turns":1},{"damage":36,"enemies":"Exordium Thugs","floor":5,"turns":6},{"damage":43,"enemies":"Lagavulin","floor":7,"turns":10},{"damage":4,"enemies":"Exordium Wildlife","floor":10,"turns":3},{"damage":23,"enemies":"3 Sentries","floor":11,"turns":8},{"damage":0,"enemies":"Blue Slaver","floor":13,"turns":3},{"damage":13,"enemies":"Slime Boss","floor":16,"turns":10},{"damage":10,"enemies":"Chosen","floor":18,"turns":6},{"damage":0,"enemies":"2 Thieves","floor":19,"turns":3},{"damage":0,"enemies":"Cultist and Chosen","floor":21,"turns":6},{"damage":9,"enemies":"Gremlin Leader","floor":28,"turns":5},{"damage":0,"enemies":"Centurion and Healer","floor":29,"turns":5},{"damage":12,"enemies":"Champ","floor":33,"turns":16},{"damage":6,"enemies":"3 Darklings","floor":35,"turns":4},{"damage":3,"enemies":"3 Shapes","floor":36,"turns":4},{"damage":6,"enemies":"3 Darklings","floor":38,"turns":3},{"damage":6,"enemies":"Reptomancer","floor":41,"turns":3},{"damage":6,"enemies":"Maw","floor":42,"turns":4},{"damage":6,"enemies":"Sphere and 2 Shapes","floor":44,"turns":2},{"damage":6,"enemies":"3 Darklings","floor":45,"turns":4},{"damage":6,"enemies":"Transient","floor":46,"turns":5},{"damage":6,"enemies":"Writhing Mass","floor":47,"turns":5},{"damage":6,"enemies":"Jaw Worm Horde","floor":48,"turns":2},{"damage":38,"enemies":"Donu and Deca","floor":50,"turns":8}],"seed_played":"3282548936308138025","potions_obtained":[{"floor":5,"key":"EssenceOfSteel"},{"floor":7,"key":"LiquidBronze"},{"floor":11,"key":"SteroidPotion"},{"floor":21,"key":"Weak Potion"},{"floor":36,"key":"Ancient Potion"}],"is_trial":false,"path_per_floor":["M","M","M","?","M","R","E","R","T","M","E","?","M","?","R","B",null,"M","M","?","M","T","R","?","R","T","$","E","M","?","$","R","B",null,"M","M","$","M","?","R","E","M","T","M","M","M","M","M","R","B",null],"character_chosen":"IRONCLAD","items_purchased":["Shrug It Off+1","Armaments+1"],"campfire_rested":2,"item_purchase_floors":[27,27],"current_hp_per_floor":[78,80,80,80,50,50,13,37,37,39,22,22,28,28,52,45,71,67,73,73,79,79,79,79,79,79,79,77,80,80,80,80,74,79,80,80,80,80,76,76,76,76,76,76,76,76,76,76,76,44],"gold":20,"neow_bonus":"THREE_ENEMY_KILL","is_prod":false,"is_daily":false,"chose_seed":false,"campfire_upgraded":6,"win_rate":0,"timestamp":1547288848,"path_taken":["M","M","M","?","?","R","E","R","T","M","E","?","M","?","R","BOSS","M","M","?","M","?","R","?","R","T","$","E","?","?","$","R","BOSS","M","M","$","?","?","R","E","M","T","M","M","M","M","M","R","BOSS"],"build_version":"2019-01-10","purchased_purges":1,"victory":true,"max_hp_per_floor":[80,80,80,80,80,80,80,80,80,80,80,80,80,80,80,80,80,80,80,80,80,80,80,80,80,80,80,80,80,80,80,80,80,80,80,80,80,80,76,76,76,76,76,76,76,76,76,76,76,76],"card_choices":[{"not_picked":["Havoc","Clash","True Grit"],"picked":"SKIP","floor":1},{"not_picked":["Rupture","Reckless Charge"],"picked":"Pommel Strike","floor":2},{"not_picked":["Feel No Pain","Combust"],"picked":"Headbutt","floor":3},{"not_picked":["Dual Wield","Flame Barrier"],"picked":"Shockwave","floor":5},{"not_picked":["Intimidate","Flex"],"picked":"Corruption","floor":5},{"not_picked":["Heavy Blade","Clash"],"picked":"Exhume","floor":7},{"not_picked":["Sword Boomerang","Cleave"],"picked":"Sentinel+1","floor":10},{"not_picked":["Pommel Strike","Heavy Blade"],"picked":"Juggernaut","floor":10},{"not_picked":["Flex+1","Twin Strike"],"picked":"Clothesline","floor":11},{"not_picked":["Evolve","Corruption"],"picked":"Disarm+1","floor":13},{"not_picked":["Pommel Strike","Reckless Charge"],"picked":"Feel No Pain","floor":13},{"not_picked":["Berserk","Bludgeon"],"picked":"Immolate","floor":16},{"not_picked":["Rupture","Clothesline"],"picked":"Shrug It Off+1","floor":18},{"not_picked":["Pommel Strike","Rage+1"],"picked":"Flame Barrier+1","floor":18},{"not_picked":["Evolve","Perfected Strike"],"picked":"Entrench+1","floor":19},{"not_picked":["Pommel Strike","Sword Boomerang","Iron Wave"],"picked":"SKIP","floor":19},{"not_picked":["Evolve","Clothesline"],"picked":"Warcry+1","floor":21},{"not_picked":["Body Slam","Rampage","Clash"],"picked":"SKIP","floor":21},{"not_picked":["Rampage","Thunderclap","Heavy Blade"],"picked":"SKIP","floor":28},{"not_picked":["Clothesline","Searing Blow"],"picked":"Reckless Charge+1","floor":29},{"not_picked":["Flex+1","Second Wind+1","Cleave"],"picked":"SKIP","floor":29},{"not_picked":["Reaper","Double Tap+1"],"picked":"Offering+1","floor":33},{"not_picked":["Anger","Spot Weakness+1"],"picked":"Body Slam+1","floor":35},{"not_picked":["Clash","Berserk","Headbutt"],"picked":"SKIP","floor":35},{"not_picked":["Heavy Blade","Cleave"],"picked":"Armaments+1","floor":36},{"not_picked":["Evolve","Havoc+1"],"picked":"Flame Barrier+1","floor":36},{"not_picked":["Metallicize","Second Wind+1"],"picked":"Flame Barrier+1","floor":38},{"not_picked":["Headbutt","Thunderclap"],"picked":"Body Slam+1","floor":38},{"not_picked":["Blood for Blood","Flex+1"],"picked":"Armaments+1","floor":41},{"not_picked":["Sword Boomerang","Wild Strike"],"picked":"Inflame","floor":42},{"not_picked":["Sword Boomerang","Cleave"],"picked":"Limit Break+1","floor":42},{"not_picked":["Wild Strike","Iron Wave"],"picked":"Warcry+1","floor":44},{"not_picked":["Pommel Strike","Cleave+1","Fire Breathing+1"],"picked":"SKIP","floor":44},{"not_picked":["Flex+1","Heavy Blade"],"picked":"Power Through+1","floor":45},{"not_picked":["Sword Boomerang","Thunderclap","Twin Strike"],"picked":"SKIP","floor":45},{"not_picked":["Armaments+1","Metallicize"],"picked":"Corruption+1","floor":46},{"not_picked":["Carnage+1","Combust+1"],"picked":"Inflame","floor":46},{"not_picked":["Havoc+1","Clash"],"picked":"Double Tap+1","floor":47},{"not_picked":["Heavy Blade","Sword Boomerang+1"],"picked":"Havoc+1","floor":47},{"not_picked":["Thunderclap","Pummel"],"picked":"Armaments+1","floor":48},{"not_picked":["Sword Boomerang","Combust"],"picked":"Entrench+1","floor":48}],"player_experience":367720,"relics_obtained":[{"floor":7,"key":"Omamori"},{"floor":9,"key":"Toxic Egg 2"},{"floor":11,"key":"Gambling Chip"},{"floor":22,"key":"Blood Vial"},{"floor":26,"key":"Lantern"},{"floor":28,"key":"Ornamental Fan"},{"floor":41,"key":"Regal Pillow"},{"floor":43,"key":"Smiling Mask"}],"event_choices":[{"damage_healed":0,"gold_gain":0,"player_choice":"Paid Gold","damage_taken":0,"relics_obtained":["Prayer Wheel"],"max_hp_gain":0,"max_hp_loss":0,"event_name":"WeMeetAgain","floor":4,"gold_loss":105},{"damage_healed":0,"gold_gain":0,"player_choice":"Searched \u00270\u0027 times","damage_taken":0,"max_hp_gain":0,"max_hp_loss":0,"event_name":"Dead Adventurer","floor":12,"gold_loss":0},{"damage_healed":0,"gold_gain":0,"player_choice":"Upgraded","damage_taken":0,"max_hp_gain":0,"max_hp_loss":0,"event_name":"Upgrade Shrine","floor":14,"gold_loss":0,"cards_upgraded":["Feel No Pain"]},{"damage_healed":0,"gold_gain":0,"player_choice":"Simplicity","damage_taken":0,"max_hp_gain":0,"max_hp_loss":0,"event_name":"Back to Basics","floor":20,"gold_loss":0,"cards_upgraded":["Strike_R","Strike_R","Strike_R","Strike_R","Strike_R","Defend_R","Defend_R","Defend_R","Defend_R"]},{"damage_healed":0,"gold_gain":0,"player_choice":"Upgraded Two","damage_taken":0,"max_hp_gain":0,"max_hp_loss":0,"event_name":"Designer","floor":24,"gold_loss":40,"cards_upgraded":["Shockwave","Exhume"]},{"cards_removed":["Strike_R"],"damage_healed":0,"gold_gain":0,"player_choice":"Card Removal","damage_taken":0,"max_hp_gain":0,"max_hp_loss":0,"event_name":"Wheel of Change","floor":30,"gold_loss":0},{"damage_healed":0,"gold_gain":0,"player_choice":"Max HP","damage_taken":0,"max_hp_gain":0,"max_hp_loss":4,"event_name":"Winding Halls","floor":39,"gold_loss":0}],"is_beta":false,"boss_relics":[{"not_picked":["Tiny House","Runic Dome"],"picked":"Ectoplasm"},{"not_picked":["Calling Bell","Black Star"],"picked":"Snecko Eye"}],"items_purged_floors":[27],"is_endless":false,"potions_floor_spawned":[5,7,10,11,13,16,18,21,33,36,42,45,46],"ascension_level":13}