{"gold_per_floor":[369,387,387,35,48,48,79,79,79,118,131,49,49,73,73,199,199,218,241,257,347,38,79,79,8,8,51,72,72],"floor_reached":29,"playtime":1055,"items_purged":["Shame"],"score":341,"play_id":"6fd24355-e926-459c-88ee-d23a07a2c5d0","local_time":"20181123013609","is_ascension_mode":true,"campfire_choices":[{"data":"Inflame","floor":6,"key":"SMITH"},{"data":"Bash","floor":8,"key":"SMITH"},{"floor":15,"key":"REST"},{"data":"Pommel Strike","floor":24,"key":"SMITH"}],"neow_cost":"CURSE","seed_source_timestamp":10640175870862,"circlet_count":0,"master_deck":["Strike_R+1","Strike_R","Strike_R","Strike_R+1","Strike_R","Defend_R","Defend_R","Defend_R","Defend_R","Bash+1","Headbutt","Clothesline","Inflame+1","Iron Wave","Pommel Strike+1","Anger","Feel No Pain","Spot Weakness","Power Through","Shockwave","Immolate","Thunderclap+1","Feed","Shrug It Off","Battle Trance","Havoc"],"relics":["Burning Blood","Golden Idol","Sling","Dodecahedron","Darkstone Periapt","Unceasing Top","Snecko Eye","Prayer Wheel","Whetstone","Happy Flower","Du-Vu Doll"],"potions_floor_usage":[14,23,27],"damage_taken":[{"damage":14,"enemies":"Jaw Worm","floor":1,"turns":3},{"damage":10,"enemies":"Small Slimes","floor":2,"turns":3},{"damage":1,"enemies":"Cultist","floor":5,"turns":3},{"damage":25,"enemies":"Lagavulin","floor":7,"turns":6},{"damage":16,"enemies":"Gremlin Nob","floor":10,"turns":3},{"damage":12,"enemies":"Blue Slaver","floor":11,"turns":3},{"damage":13,"enemies":"Exordium Thugs","floor":14,"turns":4},{"damage":32,"enemies":"Hexaghost","floor":16,"turns":9},{"damage":16,"enemies":"Spheric Guardian","floor":18,"turns":4},{"damage":11,"enemies":"3 Byrds","floor":19,"turns":4},{"damage":8,"enemies":"Snecko","floor":20,"turns":3},{"damage":5,"enemies":"Slavers","floor":23,"turns":3},{"damage":27,"enemies":"Gremlin Leader","floor":27,"turns":4},{"damage":23,"enemies":"Centurion and Healer","floor":28,"turns":4},{"damage":15,"enemies":"Snake Plant","floor":29,"turns":2}],"seed_played":"5191524309955805645","potions_obtained":[{"floor":2,"key":"Weak Potion"},{"floor":7,"key":"FairyPotion"},{"floor":10,"key":"SpeedPotion"},{"floor":18,"key":"Regen Potion"},{"floor":23,"key":"SkillPotion"},{"floor":28,"key":"SpeedPotion"}],"is_trial":false,"path_per_floor":["M","M","?","$","M","R","E","R","T","E","M","$","?","M","R","B",null,"M","M","M","?","$","E","R","$","T","E","M","M"],"character_chosen":"IRONCLAD","items_purchased":["Inflame","Sling","Spot Weakness","Prayer Wheel","Battle Trance"],"campfire_rested":1,"item_purchase_floors":[4,4,12,22,25],"current_hp_per_floor":[72,68,48,48,53,53,34,34,34,24,18,18,18,11,35,9,62,52,47,45,29,29,42,42,42,42,21,14,0],"gold":72,"neow_bonus":"TWO_FIFTY_GOLD","is_prod":false,"is_daily":false,"chose_seed":false,"campfire_upgraded":3,"win_rate":0,"timestamp":1542954969,"path_taken":["M","M","?","$","M","R","E","R","T","E","M","$","?","?","R","BOSS","M","M","M","?","?","E","R","$","T","E","M","M"],"build_version":"2018-11-15","purchased_purges":1,"victory":false,"max_hp_per_floor":[80,80,80,80,80,80,80,80,80,80,80,80,80,80,80,80,80,80,80,80,80,80,83,83,83,83,83,83,83],"card_choices":[{"not_picked":["Power Through","Burning Pact"],"picked":"Headbutt","floor":1},{"not_picked":["Flex","Armaments"],"picked":"Clothesline","floor":2},{"not_picked":["Rage","Perfected Strike"],"picked":"Iron Wave","floor":5},{"not_picked":["Entrench","True Grit"],"picked":"Pommel Strike","floor":7},{"not_picked":["Brutality","Burning Pact"],"picked":"Anger","floor":10},{"not_picked":["Perfected Strike","Body Slam"],"picked":"Feel No Pain","floor":11},{"not_picked":["Clothesline","Blood for Blood"],"picked":"Shockwave","floor":14},{"not_picked":["Feed","Double Tap"],"picked":"Immolate","floor":16},{"not_picked":["Flex","Rampage"],"picked":"Thunderclap+1","floor":18},{"not_picked":["Clothesline","Havoc"],"picked":"Feed","floor":19},{"not_picked":["Power Through","Intimidate+1","Wild Strike"],"picked":"SKIP","floor":20},{"not_picked":["Flex","Anger"],"picked":"Shrug It Off","floor":23},{"not_picked":["Fire Breathing","Juggernaut","Heavy Blade"],"picked":"SKIP","floor":27},{"not_picked":["Rampage+1","Sword Boomerang"],"picked":"Havoc","floor":28},{"not_picked":["Thunderclap+1","Anger+1","Rupture"],"picked":"SKIP","floor":28}],"player_experience":209475,"relics_obtained":[{"floor":7,"key":"Dodecahedron"},{"floor":9,"key":"Darkstone Periapt"},{"floor":10,"key":"Unceasing Top"},{"floor":23,"key":"Whetstone"},{"floor":26,"key":"Happy Flower"},{"floor":27,"key":"Du-Vu Doll"}],"event_choices":[{"damage_healed":0,"gold_gain":0,"player_choice":"Take Damage","damage_taken":20,"relics_obtained":["Golden Idol"],"max_hp_gain":0,"max_hp_loss":0,"event_name":"Golden Idol","floor":3,"gold_loss":0},{"damage_healed":0,"gold_gain":0,"player_choice":"1 cards matched","damage_taken":0,"max_hp_gain":0,"max_hp_loss":0,"event_name":"Match and Keep!","floor":13,"gold_loss":0,"cards_obtained":["Power Through"]},{"damage_healed":0,"gold_gain":90,"player_choice":"GOLD ","damage_taken":16,"max_hp_gain":0,"max_hp_loss":0,"event_name":"Knowing Skull","floor":21,"potions_obtained":[],"gold_loss":0,"cards_obtained":[]}],"is_beta":false,"boss_relics":[{"not_picked":["Tiny House","Astrolabe"],"picked":"Snecko Eye"}],"items_purged_floors":[4],"is_endless":false,"potions_floor_spawned":[2,7,10,18,23,28],"killed_by":"Snake Plant","ascension_level":5}