{"gold_per_floor":[116,116,18,36,47,72,72,99,99,112,142,156,170,202,202,302,302,302,302,302,302,302,302,302,302,302,302,302],"floor_reached":28,"playtime":3115,"items_purged":["Strike_G"],"score":306,"play_id":"a399b3f5-5eb3-48a1-9b6a-db3aa644230f","local_time":"20190110112702","is_ascension_mode":true,"campfire_choices":[{"floor":7,"key":"REST"},{"floor":15,"key":"REST"},{"floor":23,"key":"REST"},{"floor":25,"key":"REST"}],"neow_cost":"NONE","seed_source_timestamp":1652380393982,"circlet_count":0,"master_deck":["Defend_G","Defend_G","Defend_G","Defend_G","Defend_G","Strike_G","Strike_G","Strike_G","Survivor","Neutralize","Skewer","Forethought","Neutralize","Flying Knee","Backflip","Quick Slash","Footwork","Noxious Fumes","Heel Hook","Bouncing Flask","Sucker Punch","Calculated Gamble","Envenom+1","Heel Hook","Cloak And Dagger+1","Slice+1","Finisher+1","Blur+1"],"relics":["Ring of the Snake","NeowsBlessing","The Courier","Sundial","Gremlin Horn","Frozen Egg 2","PreservedInsect","Ectoplasm","Bag of Preparation","Toxic Egg 2","Thread and Needle"],"potions_floor_usage":[8,8,10,12,20,20,27],"damage_taken":[{"damage":0,"enemies":"Small Slimes","floor":1,"turns":1},{"damage":0,"enemies":"Cultist","floor":4,"turns":1},{"damage":0,"enemies":"2 Louse","floor":5,"turns":1},{"damage":24,"enemies":"Gremlin Nob","floor":6,"turns":5},{"damage":5,"enemies":"Lagavulin","floor":8,"turns":8},{"damage":0,"enemies":"2 Fungi Beasts","floor":10,"turns":4},{"damage":1,"enemies":"Exordium Wildlife","floor":12,"turns":4},{"damage":1,"enemies":"Lots of Slimes","floor":13,"turns":3},{"damage":19,"enemies":"Gremlin Nob","floor":14,"turns":4},{"damage":29,"enemies":"Hexaghost","floor":16,"turns":10},{"damage":13,"enemies":"Shell Parasite","floor":18,"turns":7},{"damage":15,"enemies":"Chosen","floor":19,"turns":5},{"damage":2,"enemies":"3 Cultists","floor":20,"turns":6},{"damage":26,"enemies":"Colosseum Slavers","floor":21,"turns":6},{"damage":21,"enemies":"Gremlin Leader","floor":24,"turns":5},{"damage":24,"enemies":"Slavers","floor":27,"turns":6},{"damage":18,"enemies":"Snake Plant","floor":28,"turns":4}],"seed_played":"-2409761148766913165","potions_obtained":[{"floor":1,"key":"Regen Potion"},{"floor":5,"key":"Dexterity Potion"},{"floor":6,"key":"LiquidBronze"},{"floor":10,"key":"Block Potion"},{"floor":16,"key":"Dexterity Potion"},{"floor":19,"key":"SkillPotion"},{"floor":24,"key":"LiquidBronze"}],"is_trial":false,"path_per_floor":["M","?","$","M","M","E","R","E","T","M","?","M","M","E","R","B",null,"M","M","M","?","?","R","E","R","T","E","M"],"character_chosen":"THE_SILENT","items_purchased":["Flying Knee"],"campfire_rested":4,"item_purchase_floors":[3],"current_hp_per_floor":[70,70,70,70,70,46,67,62,62,70,70,69,68,49,70,41,70,57,42,40,14,14,35,14,35,35,11,0],"gold":302,"neow_bonus":"THREE_ENEMY_KILL","is_prod":false,"is_daily":false,"chose_seed":false,"campfire_upgraded":0,"win_rate":0,"timestamp":1547112422,"path_taken":["M","?","?","M","M","E","R","E","T","M","?","M","M","E","R","BOSS","M","M","M","?","?","R","E","R","T","E","M"],"build_version":"2019-01-03v4","purchased_purges":1,"victory":false,"max_hp_per_floor":[70,70,70,70,70,70,70,70,70,70,70,70,70,70,70,70,70,70,70,70,70,70,70,70,70,70,70,70],"card_choices":[{"not_picked":["Slice","Deflect"],"picked":"Skewer","floor":1},{"not_picked":["Dodge and Roll","PiercingWail"],"picked":"Backflip","floor":4},{"not_picked":["Distraction","Acrobatics"],"picked":"Quick Slash","floor":5},{"not_picked":["Infinite Blades","Predator"],"picked":"Footwork","floor":6},{"not_picked":["Accuracy","Outmaneuver"],"picked":"Noxious Fumes","floor":8},{"not_picked":["Flying Knee","Bullet Time"],"picked":"Heel Hook","floor":10},{"not_picked":["Predator","Blur"],"picked":"Bouncing Flask","floor":12},{"not_picked":["Dagger Throw","Finisher"],"picked":"Sucker Punch","floor":13},{"not_picked":["Eviscerate","Choke"],"picked":"Calculated Gamble","floor":14},{"not_picked":["Phantasmal Killer","Malaise"],"picked":"Envenom+1","floor":16},{"not_picked":["Backflip","Acrobatics"],"picked":"Heel Hook","floor":18},{"not_picked":["Acrobatics","Prepared"],"picked":"Cloak And Dagger+1","floor":19},{"not_picked":["Acrobatics","Blade Dance"],"picked":"Slice+1","floor":20},{"not_picked":["PiercingWail+1","Slice+1"],"picked":"Finisher+1","floor":24},{"not_picked":["Cloak And Dagger+1","Reflex+1"],"picked":"Blur+1","floor":27}],"player_experience":173330,"relics_obtained":[{"floor":6,"key":"The Courier"},{"floor":8,"key":"Sundial"},{"floor":9,"key":"Gremlin Horn"},{"floor":14,"key":"PreservedInsect"},{"floor":24,"key":"Bag of Preparation"},{"floor":26,"key":"Toxic Egg 2"},{"floor":27,"key":"Thread and Needle"}],"event_choices":[{"damage_healed":0,"gold_gain":0,"player_choice":"2 cards matched","damage_taken":0,"max_hp_gain":0,"max_hp_loss":0,"event_name":"Match and Keep!","floor":2,"gold_loss":0,"cards_obtained":["Forethought","Neutralize"]},{"damage_healed":0,"gold_gain":30,"player_choice":"Searched \u00272\u0027 times","damage_taken":0,"relics_obtained":["Frozen Egg 2"],"max_hp_gain":0,"max_hp_loss":0,"event_name":"Dead Adventurer","floor":11,"gold_loss":0},{"damage_healed":0,"gold_gain":0,"player_choice":"Fight","damage_taken":0,"max_hp_gain":0,"max_hp_loss":0,"event_name":"Colosseum","floor":21,"gold_loss":0},{"damage_healed":0,"gold_gain":0,"player_choice":"Fled From Nobs","damage_taken":0,"max_hp_gain":0,"max_hp_loss":0,"event_name":"Colosseum","floor":21,"gold_loss":0},{"cards_removed":["Strike_G"],"damage_healed":0,"gold_gain":0,"player_choice":"Offered Basic","damage_taken":0,"max_hp_gain":0,"max_hp_loss":0,"event_name":"Bonfire Elementals","floor":22,"gold_loss":0}],"is_beta":false,"boss_relics":[{"not_picked":["Eternal Feather","Velvet Choker"],"picked":"Ectoplasm"}],"items_purged_floors":[3],"is_endless":false,"potions_floor_spawned":[1,5,6,10,16,19,24],"killed_by":"Snake Plant","ascension_level":2}