{"gold_per_floor":[110,130,142,142,61,61,78,78,78,107,127,127,159,175,175,276,276,292,305,323,107,107,107,139,139,139,155,171,171,190,90,90,192,192,205,222,69,82,82,114,114,131,201,201,201,201,217,252,252,252],"floor_reached":51,"playtime":3377,"items_purged":["Strike_R","Defend_R"],"score":980,"play_id":"d81da9b1-e435-4a14-8afc-3842f385c32b","local_time":"20190517101118","is_ascension_mode":true,"campfire_choices":[{"data":"Bludgeon","floor":6.0,"key":"SMITH"},{"data":"Spot Weakness","floor":8.0,"key":"SMITH"},{"data":"Flame Barrier","floor":12.0,"key":"SMITH"},{"data":"True Grit","floor":15.0,"key":"SMITH"},{"data":"Armaments","floor":23.0,"key":"SMITH"},{"data":"Enlightenment","floor":29.0,"key":"SMITH"},{"data":"Limit Break","floor":32.0,"key":"SMITH"},{"data":"Disarm","floor":41.0,"key":"SMITH"},{"data":"Juggernaut","floor":44.0,"key":"SMITH"},{"data":"Double Tap","floor":46.0,"key":"SMITH"},{"floor":49.0,"key":"REST"}],"neow_cost":"TEN_PERCENT_HP_LOSS","seed_source_timestamp":68836115559927,"circlet_count":0,"master_deck":["Strike_R","Strike_R","Strike_R","Strike_R","Defend_R","Defend_R","Defend_R","Bash","Bandage Up","Dramatic Entrance","Headbutt","Spot Weakness+1","Bludgeon+1","Metallicize","Heavy Blade","Flame Barrier+1","Sentinel","Warcry","True Grit+1","Pummel","Limit Break+1","Heavy Blade+1","Disarm+1","Enlightenment+1","Armaments+1","Shrug It Off","Juggernaut+1","Seeing Red","Uppercut+1","Shockwave+1","Double Tap+1"],"special_seed":0,"relics":["Burning Blood","Potion Belt","Sundial","Boot","Cursed Key","Pocketwatch","Eternal Feather","Omamori","Regal Pillow","Gremlin Horn","Pear"],"potions_floor_usage":[50,50,50],"damage_taken":[{"damage":0.0,"enemies":"2 Louse","floor":1.0,"turns":2.0},{"damage":6.0,"enemies":"Cultist","floor":2.0,"turns":4.0},{"damage":9.0,"enemies":"Jaw Worm","floor":3.0,"turns":3.0},{"damage":0.0,"enemies":"Exordium Wildlife","floor":7.0,"turns":2.0},{"damage":40.0,"enemies":"3 Sentries","floor":10.0,"turns":7.0},{"damage":0.0,"enemies":"3 Louse","floor":11.0,"turns":4.0},{"damage":17.0,"enemies":"Lagavulin","floor":13.0,"turns":5.0},{"damage":8.0,"enemies":"Gremlin Gang","floor":14.0,"turns":4.0},{"damage":0.0,"enemies":"Slime Boss","floor":16.0,"turns":5.0},{"damage":15.0,"enemies":"Shell Parasite","floor":18.0,"turns":5.0},{"damage":23.0,"enemies":"2 Thieves","floor":19.0,"turns":3.0},{"damage":23.0,"enemies":"Snecko","floor":20.0,"turns":6.0},{"damage":22.0,"enemies":"Gremlin Leader","floor":24.0,"turns":6.0},{"damage":0.0,"enemies":"Centurion and Healer","floor":27.0,"turns":4.0},{"damage":0.0,"enemies":"Chosen and Byrds","floor":28.0,"turns":4.0},{"damage":0.0,"enemies":"Snecko","floor":30.0,"turns":2.0},{"damage":34.0,"enemies":"Champ","floor":33.0,"turns":10.0},{"damage":24.0,"enemies":"Orb Walker","floor":35.0,"turns":5.0},{"damage":9.0,"enemies":"3 Shapes","floor":36.0,"turns":9.0},{"damage":52.0,"enemies":"Transient","floor":38.0,"turns":5.0},{"damage":25.0,"enemies":"Giant Head","floor":40.0,"turns":7.0},{"damage":25.0,"enemies":"4 Shapes","floor":42.0,"turns":8.0},{"damage":40.0,"enemies":"Writhing Mass","floor":47.0,"turns":6.0},{"damage":16.0,"enemies":"Nemesis","floor":48.0,"turns":3.0},{"damage":75,"enemies":"Awakened One","floor":50,"turns":9}],"seed_played":"328757409244212470","potions_obtained":[{"floor":3.0,"key":"SkillPotion"},{"floor":7.0,"key":"Fire Potion"},{"floor":10.0,"key":"AttackPotion"},{"floor":11.0,"key":"Ancient Potion"},{"floor":14.0,"key":"GamblersBrew"},{"floor":20.0,"key":"AttackPotion"},{"floor":24.0,"key":"Explosive Potion"},{"floor":27.0,"key":"EssenceOfSteel"},{"floor":33.0,"key":"Regen Potion"},{"floor":38.0,"key":"Weak Potion"},{"floor":40.0,"key":"Ancient Potion"},{"floor":48.0,"key":"Explosive Potion"}],"is_trial":false,"path_per_floor":["M","M","M","?","$","R","M","R","T","E","M","R","E","M","R","B",null,"M","M","M","$","?","R","E","?","T","M","M","R","M","$","R","B",null,"M","M","$","M","?","E","R","M","T","R","?","R","M","E","R","B",null],"character_chosen":"IRONCLAD","items_purchased":["Metallicize","Heavy Blade","Enlightenment","Armaments","Omamori"],"campfire_rested":1,"item_purchase_floors":[5,5,21,21,37],"current_hp_per_floor":[72,72,72,72,72,72,72,72,72,42,52,52,45,47,47,57,68,63,46,33,33,33,33,21,21,21,31,41,41,51,51,51,27,61,47,48,48,21,63,44,59,46,46,63,63,63,33,37,73,8],"gold":252,"neow_bonus":"RANDOM_COLORLESS_2","is_prod":false,"is_daily":false,"chose_seed":false,"campfire_upgraded":10,"win_rate":0,"timestamp":1558080678,"path_taken":["M","M","M","?","$","R","?","R","T","E","M","R","E","M","R","BOSS","M","M","M","$","?","R","E","?","T","M","M","R","?","$","R","BOSS","M","M","$","M","?","E","R","M","T","R","?","R","?","E","R","BOSS"],"build_version":"2019-01-23","purchased_purges":2,"victory":true,"max_hp_per_floor":[72,72,72,72,72,72,72,72,72,72,72,72,72,72,72,72,72,72,72,72,72,72,72,72,72,72,72,72,72,72,72,72,72,72,72,72,72,72,63,63,63,63,63,63,63,63,63,73,73,73],"card_choices":[{"not_picked":["Dual Wield","Burning Pact"],"picked":"Headbutt","floor":1.0},{"not_picked":["Dual Wield","Seeing Red"],"picked":"Spot Weakness","floor":2.0},{"not_picked":["Body Slam","Havoc","Twin Strike"],"picked":"SKIP","floor":3.0},{"not_picked":["Reckless Charge","Spot Weakness"],"picked":"Flame Barrier","floor":7.0},{"not_picked":["Cleave","Warcry"],"picked":"Sentinel","floor":10.0},{"not_picked":["Sword Boomerang","Havoc"],"picked":"Warcry","floor":11.0},{"not_picked":["Heavy Blade","Corruption"],"picked":"True Grit","floor":13.0},{"not_picked":["Sever Soul","Cleave"],"picked":"Pummel","floor":14.0},{"not_picked":["Impervious","Offering"],"picked":"Limit Break","floor":16.0},{"not_picked":["Twin Strike","Flex+1"],"picked":"Heavy Blade+1","floor":18.0},{"not_picked":["Body Slam+1","Clothesline+1"],"picked":"Disarm","floor":19.0},{"not_picked":["Havoc","True Grit","Cleave"],"picked":"SKIP","floor":20.0},{"not_picked":["Iron Wave","Blood for Blood","Perfected Strike"],"picked":"SKIP","floor":24.0},{"not_picked":["Cleave","Dropkick","Flex"],"picked":"SKIP","floor":27.0},{"not_picked":["Thunderclap+1","Brutality"],"picked":"Shrug It Off","floor":28.0},{"not_picked":["Havoc+1","True Grit","Wild Strike"],"picked":"SKIP","floor":30.0},{"not_picked":["Dark Embrace","Feed"],"picked":"Juggernaut","floor":33.0},{"not_picked":["Blood for Blood","Feel No Pain"],"picked":"Seeing Red","floor":35.0},{"not_picked":["Headbutt","Power Through","Second Wind+1"],"picked":"SKIP","floor":36.0},{"not_picked":["Pommel Strike","Warcry+1","Flex+1"],"picked":"SKIP","floor":38.0},{"not_picked":["Sever Soul+1","Corruption+1"],"picked":"Uppercut+1","floor":40.0},{"not_picked":["Seeing Red+1","Heavy Blade"],"picked":"Shockwave+1","floor":42.0},{"not_picked":["Armaments","Clothesline+1","Havoc+1"],"picked":"SKIP","floor":47.0},{"not_picked":["Immolate","Perfected Strike+1","Pommel Strike"],"picked":"SKIP","floor":48.0}],"player_experience":291952,"relics_obtained":[{"floor":9.0,"key":"Potion Belt"},{"floor":10.0,"key":"Sundial"},{"floor":13.0,"key":"Boot"},{"floor":24.0,"key":"Pocketwatch"},{"floor":40.0,"key":"Regal Pillow"},{"floor":43.0,"key":"Gremlin Horn"},{"floor":48.0,"key":"Pear"}],"event_choices":[{"damage_healed":0.0,"max_hp_gain":0.0,"max_hp_loss":0.0,"gold_gain":0.0,"event_name":"Match and Keep!","player_choice":"1 cards matched","floor":4.0,"gold_loss":0.0,"damage_taken":0.0,"cards_obtained":["Bludgeon"]},{"damage_healed":0.0,"max_hp_gain":0.0,"max_hp_loss":0.0,"gold_gain":0.0,"event_name":"The Mausoleum","player_choice":"Ignored","floor":22.0,"gold_loss":0.0,"damage_taken":0.0},{"damage_healed":0.0,"max_hp_gain":0.0,"max_hp_loss":0.0,"gold_gain":0.0,"event_name":"Vampires","player_choice":"Ignored","floor":25.0,"gold_loss":0.0,"damage_taken":0.0},{"damage_healed":63.0,"max_hp_gain":0.0,"max_hp_loss":9.0,"gold_gain":0.0,"event_name":"The Moai Head","player_choice":"Heal","floor":39.0,"gold_loss":0.0,"damage_taken":0.0},{"damage_healed":0.0,"max_hp_gain":0.0,"max_hp_loss":0.0,"gold_gain":0.0,"event_name":"Match and Keep!","player_choice":"1 cards matched","floor":45.0,"gold_loss":0.0,"damage_taken":0.0,"cards_obtained":["Double Tap"]}],"is_beta":false,"boss_relics":[{"not_picked":["Runic Dome","Runic Cube"],"picked":"Cursed Key"},{"not_picked":["Orrery","Fusion Hammer"],"picked":"Eternal Feather"}],"items_purged_floors":[21,31],"is_endless":false,"potions_floor_spawned":[3,7,10,11,14,20,24,27,30,33,38,40,48],"ascension_level":5}