{"gold_per_floor":[117,133,103,117,131,131,162,162,212,387,26,26,26,36,36,136,136,149,26,26,46,61,61,96,111,135,135,150,250,261,275,275,379,379,396,407,407,454,454,454,465,465,465,115,134,151,151,170,170,170],"floor_reached":51,"playtime":3976,"items_purged":["Doubt","Strike_R"],"score":944,"play_id":"6eed3e38-29b7-4d25-8896-96122540059e","local_time":"20190121014525","is_ascension_mode":true,"campfire_choices":[{"data":"Bash","floor":6.0,"key":"SMITH"},{"floor":8.0,"key":"REST"},{"floor":13.0,"key":"REST"},{"data":"Sword Boomerang","floor":15.0,"key":"SMITH"},{"data":"Feed","floor":23.0,"key":"SMITH"},{"floor":27.0,"key":"REST"},{"floor":32.0,"key":"REST"},{"floor":40,"key":"REST"},{"floor":47,"key":"REST"},{"floor":49,"key":"REST"}],"neow_cost":"NONE","seed_source_timestamp":801782583394334,"circlet_count":0,"master_deck":["Strike_R","Strike_R+1","Strike_R","Strike_R","Defend_R","Defend_R","Defend_R","Defend_R","Bash+1","Dramatic Entrance","Pommel Strike","Shrug It Off","Anger","Dropkick","Dropkick+1","Shrug It Off","Master of Strategy","Sword Boomerang+1","Feed+1","Rampage+1","Fire Breathing","Headbutt","Cleave","Shockwave","True Grit+1","Whirlwind+1","Spot Weakness+1","Impervious","Spot Weakness","Heavy Blade","Master of Strategy","Mind Blast","Parasite","Flame Barrier","Spot Weakness+1"],"special_seed":0,"relics":["Burning Blood","Self Forming Clay","Boot","Sozu","Omamori","Cursed Key","Pocketwatch","Dead Branch","Vajra"],"potions_floor_usage":[],"damage_taken":[{"damage":4.0,"enemies":"2 Louse","floor":1.0,"turns":3.0},{"damage":1.0,"enemies":"Cultist","floor":2.0,"turns":3.0},{"damage":0.0,"enemies":"Jaw Worm","floor":4.0,"turns":2.0},{"damage":13.0,"enemies":"Looter","floor":5.0,"turns":4.0},{"damage":42.0,"enemies":"Gremlin Nob","floor":7.0,"turns":5.0},{"damage":3.0,"enemies":"Blue Slaver","floor":14.0,"turns":5.0},{"damage":55.0,"enemies":"Hexaghost","floor":16.0,"turns":12.0},{"damage":0.0,"enemies":"Chosen","floor":18.0,"turns":3.0},{"damage":0.0,"enemies":"Spheric Guardian","floor":21.0,"turns":3.0},{"damage":15.0,"enemies":"Centurion and Healer","floor":22.0,"turns":6.0},{"damage":39.0,"enemies":"Book of Stabbing","floor":24.0,"turns":5.0},{"damage":29.0,"enemies":"Snake Plant","floor":25.0,"turns":4.0},{"damage":3.0,"enemies":"3 Cultists","floor":28.0,"turns":5.0},{"damage":31.0,"enemies":"Centurion and Healer","floor":30.0,"turns":4.0},{"damage":3.0,"enemies":"Chosen and Byrds","floor":31.0,"turns":5.0},{"damage":64.0,"enemies":"Collector","floor":33.0,"turns":8.0},{"damage":9,"enemies":"3 Shapes","floor":35,"turns":3},{"damage":11,"enemies":"Orb Walker","floor":36,"turns":2},{"damage":46,"enemies":"2 Orb Walkers","floor":38,"turns":4},{"damage":29,"enemies":"Maw","floor":41,"turns":7},{"damage":5,"enemies":"4 Shapes","floor":45,"turns":2},{"damage":20,"enemies":"Writhing Mass","floor":46,"turns":6},{"damage":6,"enemies":"Sphere and 2 Shapes","floor":48,"turns":3},{"damage":103,"enemies":"Donu and Deca","floor":50,"turns":8}],"seed_played":"-623253515687866296","potions_obtained":[{"floor":1.0,"key":"Block Potion"},{"floor":3.0,"key":"Weak Potion"},{"floor":3.0,"key":"Swift Potion"},{"floor":7.0,"key":"Fire Potion"},{"floor":16.0,"key":"EssenceOfSteel"}],"is_trial":false,"path_per_floor":["M","M","?","M","M","R","E","R","T","?","$","?","R","M","R","B",null,"M","$","?","M","M","R","E","M","T","R","M","?","M","M","R","B",null,"M","M","?","?","?","R","M","?","T","$","M","M","R","M","R","B",null],"character_chosen":"IRONCLAD","items_purchased":["Dropkick","Shrug It Off","Master of Strategy","Fire Breathing","Headbutt","Vajra","Mind Blast"],"campfire_rested":7,"item_purchase_floors":[11,11,11,19,19,44,44],"current_hp_per_floor":[74,79,79,80,73,73,37,61,61,61,61,45,69,72,72,23,66,72,72,72,81,72,72,43,24,24,51,58,58,37,40,69,11,77,74,69,69,33,33,63,40,66,66,66,71,61,94,94,111,14],"gold":170,"neow_bonus":"RANDOM_COLORLESS","is_prod":false,"is_daily":false,"chose_seed":false,"campfire_upgraded":3,"win_rate":0,"timestamp":1548027925,"path_taken":["M","M","?","?","M","R","E","R","T","?","$","?","R","M","R","BOSS","M","$","?","M","M","R","E","M","T","R","M","?","M","M","R","BOSS","M","M","?","?","?","R","M","?","T","$","M","M","R","M","R","BOSS"],"build_version":"2019-01-17v2","purchased_purges":2,"victory":true,"max_hp_per_floor":[80,80,80,80,80,80,80,80,80,80,80,80,80,80,80,80,80,80,80,80,83,83,83,87,91,91,91,95,95,99,99,99,99,99,99,99,99,103,103,103,103,103,103,103,107,111,111,111,111,111],"card_choices":[{"not_picked":["Evolve","Shrug It Off"],"picked":"Pommel Strike","floor":1.0},{"not_picked":["Sword Boomerang","Searing Blow"],"picked":"Shrug It Off","floor":2.0},{"not_picked":["Armaments","Havoc","True Grit"],"picked":"SKIP","floor":4.0},{"not_picked":["Intimidate","Blood for Blood"],"picked":"Anger","floor":5.0},{"not_picked":["Pommel Strike","Pummel"],"picked":"Dropkick","floor":7.0},{"not_picked":["Combust","Flex"],"picked":"Sword Boomerang","floor":14.0},{"not_picked":["Dark Embrace","Juggernaut"],"picked":"Feed","floor":16.0},{"not_picked":["Havoc","Cleave"],"picked":"Rampage+1","floor":18.0},{"not_picked":["Wild Strike","Entrench"],"picked":"Cleave","floor":21.0},{"not_picked":["Heavy Blade","Rupture","Dropkick"],"picked":"SKIP","floor":22.0},{"not_picked":["Clash+1","Warcry"],"picked":"Shockwave","floor":24.0},{"not_picked":["Twin Strike","Juggernaut"],"picked":"True Grit+1","floor":25.0},{"not_picked":["Inflame","Havoc+1"],"picked":"Whirlwind+1","floor":28.0},{"not_picked":["Headbutt+1","Evolve"],"picked":"Spot Weakness+1","floor":30.0},{"not_picked":["Clothesline","Evolve","Sentinel+1"],"picked":"SKIP","floor":31.0},{"not_picked":["Reaper","Feed"],"picked":"Impervious","floor":33.0},{"not_picked":["Infernal Blade","True Grit+1"],"picked":"Spot Weakness","floor":35},{"not_picked":["Warcry+1","Sword Boomerang"],"picked":"Heavy Blade","floor":36},{"not_picked":["Secret Technique","Finesse"],"picked":"Master of Strategy","floor":39},{"not_picked":["Thunderclap","Anger","Flex"],"picked":"SKIP","floor":41},{"not_picked":["Anger","Twin Strike+1","Cleave+1"],"picked":"SKIP","floor":45},{"not_picked":["Warcry+1","Pommel Strike+1"],"picked":"Flame Barrier","floor":46},{"not_picked":["Dual Wield","Feel No Pain+1"],"picked":"Spot Weakness+1","floor":48}],"player_experience":321599,"relics_obtained":[{"floor":7.0,"key":"Self Forming Clay"},{"floor":9.0,"key":"Boot"},{"floor":24.0,"key":"Omamori"},{"floor":38,"key":"Pocketwatch"},{"floor":43,"key":"Dead Branch"}],"event_choices":[{"damage_healed":0.0,"max_hp_gain":0.0,"max_hp_loss":0.0,"gold_gain":0.0,"event_name":"The Woman in Blue","player_choice":"Bought 2 Potions","floor":3.0,"gold_loss":0.0,"damage_taken":0.0},{"damage_healed":0.0,"max_hp_gain":0.0,"max_hp_loss":0.0,"gold_gain":175.0,"event_name":"Liars Game","player_choice":"AGREE","floor":10.0,"gold_loss":0.0,"damage_taken":0.0,"cards_obtained":["Doubt"]},{"damage_healed":0.0,"max_hp_gain":0.0,"max_hp_loss":0.0,"gold_gain":0.0,"event_name":"Shining Light","player_choice":"Entered Light","floor":12.0,"gold_loss":0.0,"damage_taken":16.0,"cards_upgraded":["Strike_R","Dropkick"]},{"damage_healed":0.0,"max_hp_gain":0.0,"max_hp_loss":0.0,"gold_gain":0.0,"event_name":"Ghosts","player_choice":"Ignored","floor":20.0,"gold_loss":0.0,"damage_taken":0.0},{"damage_healed":0.0,"max_hp_gain":0.0,"max_hp_loss":0.0,"gold_gain":100.0,"event_name":"Golden Shrine","player_choice":"Pray","floor":29.0,"gold_loss":0.0,"damage_taken":0.0},{"damage_healed":0,"gold_gain":0,"player_choice":"Ignored","damage_taken":0,"max_hp_gain":0,"max_hp_loss":0,"event_name":"Tomb of Lord Red Mask","floor":37,"gold_loss":0},{"damage_healed":0,"gold_gain":0,"player_choice":"Fight","damage_taken":0,"max_hp_gain":0,"max_hp_loss":0,"event_name":"Mysterious Sphere","floor":38,"gold_loss":0},{"damage_healed":0,"gold_gain":0,"player_choice":"Memory 1","damage_taken":0,"max_hp_gain":0,"max_hp_loss":0,"event_name":"SensoryStone","floor":39,"gold_loss":0},{"damage_healed":26,"gold_gain":0,"player_choice":"Writhe","damage_taken":0,"max_hp_gain":0,"max_hp_loss":0,"event_name":"Winding Halls","floor":42,"gold_loss":0,"cards_obtained":["Writhe"]}],"is_beta":false,"boss_relics":[{"not_picked":["Astrolabe","Lizard Tail"],"picked":"Sozu"},{"not_picked":["Pandora\u0027s Box","Runic Cube"],"picked":"Cursed Key"}],"items_purged_floors":[11,44],"is_endless":false,"potions_floor_spawned":[1,7,16,21,28,31,33,41,48],"ascension_level":8}