{"gold_per_floor":[116,116,130,130,144,144,187,187,187,225,243,261,301,325,325,450,450,465,489,489,414,83,83,123,123,123,139,177,177,217,231,231,355,355,371,384,403,303,636,698,698,698],"floor_reached":42,"playtime":2265,"items_purged":["Defend_R","Strike_R"],"score":662,"play_id":"545704a3-149a-4533-ab64-3cf6ec959b13","local_time":"20190505231917","is_ascension_mode":true,"campfire_choices":[{"data":"Hemokinesis","floor":6,"key":"SMITH"},{"floor":8,"key":"REST"},{"data":"Double Tap","floor":15,"key":"SMITH"},{"data":"J.A.X.","floor":23,"key":"SMITH"},{"data":"Bash","floor":32,"key":"SMITH"},{"floor":41,"key":"REST"}],"neow_cost":"TEN_PERCENT_HP_LOSS","seed_source_timestamp":1845379036574223,"circlet_count":0,"master_deck":["Defend_R","Defend_R","Bash+1","Reaper","Reaper","Hemokinesis+1","Rupture","Double Tap+1","Spot Weakness","Uppercut+1","J.A.X.+1","Offering","Reaper","Whirlwind+1","Rampage+1","Headbutt+1"],"relics":["Burning Blood","Nunchaku","Magic Flower","Orichalcum","Dream Catcher","Cursed Key","Bottled Lightning","Ancient Tea Set","Dodecahedron","Sundial","Bronze Scales","Ginger","Astrolabe","Tiny Chest"],"potions_floor_usage":[10,13,13,14,30,33,33,36,42],"damage_taken":[{"damage":13,"enemies":"Jaw Worm","floor":1,"turns":5},{"damage":1,"enemies":"Cultist","floor":3,"turns":4},{"damage":1,"enemies":"2 Louse","floor":5,"turns":2},{"damage":56,"enemies":"Lagavulin","floor":7,"turns":6},{"damage":36,"enemies":"Gremlin Nob","floor":10,"turns":4},{"damage":6,"enemies":"Exordium Wildlife","floor":11,"turns":4},{"damage":28,"enemies":"3 Louse","floor":12,"turns":3},{"damage":25,"enemies":"Lagavulin","floor":13,"turns":6},{"damage":21,"enemies":"Gremlin Gang","floor":14,"turns":5},{"damage":62,"enemies":"Slime Boss","floor":16,"turns":12},{"damage":23,"enemies":"Spheric Guardian","floor":18,"turns":4},{"damage":8,"enemies":"Chosen","floor":19,"turns":3},{"damage":9,"enemies":"Gremlin Leader","floor":24,"turns":4},{"damage":5,"enemies":"3 Cultists","floor":27,"turns":4},{"damage":32,"enemies":"Book of Stabbing","floor":28,"turns":4},{"damage":31,"enemies":"Slavers","floor":30,"turns":4},{"damage":21,"enemies":"Snake Plant","floor":31,"turns":2},{"damage":75,"enemies":"Automaton","floor":33,"turns":7},{"damage":48,"enemies":"3 Shapes","floor":35,"turns":3},{"damage":17,"enemies":"Orb Walker","floor":36,"turns":3},{"damage":58,"enemies":"Maw","floor":37,"turns":5},{"damage":59,"enemies":"Reptomancer","floor":40,"turns":4},{"damage":48,"enemies":"Nemesis","floor":42,"turns":2}],"seed_played":"-1686642381825363984","potions_obtained":[{"floor":5,"key":"Strength Potion"},{"floor":10,"key":"Weak Potion"},{"floor":11,"key":"Regen Potion"},{"floor":12,"key":"Weak Potion"},{"floor":19,"key":"PowerPotion"},{"floor":27,"key":"Dexterity Potion"},{"floor":31,"key":"Swift Potion"},{"floor":33,"key":"Block Potion"},{"floor":35,"key":"Poison Potion"}],"is_trial":false,"path_per_floor":["M","?","M","?","M","R","E","R","T","E","M","M","E","M","R","B",null,"M","M","?","?","$","R","E","T","T","M","E","?","E","M","R","B",null,"M","M","M","$","?","E","R","E"],"character_chosen":"IRONCLAD","items_purchased":["Bottled Lightning"],"campfire_rested":2,"item_purchase_floors":[22],"current_hp_per_floor":[65,47,52,52,65,65,19,40,40,33,56,71,72,72,72,72,72,65,72,72,72,72,72,72,72,72,72,60,60,69,57,57,33,69,41,66,46,46,46,22,42,0],"gold":698,"neow_bonus":"THREE_RARE_CARDS","is_prod":false,"is_daily":false,"chose_seed":false,"campfire_upgraded":4,"win_rate":0,"timestamp":1557112757,"path_taken":["M","?","M","?","M","R","E","R","T","E","?","M","E","M","R","BOSS","M","M","?","?","?","R","E","?","T","?","E","?","E","M","R","BOSS","M","?","M","$","?","E","R","E"],"build_version":"2019-01-23","purchased_purges":2,"victory":false,"max_hp_per_floor":[72,72,72,72,72,72,72,72,72,72,72,72,72,72,72,72,72,72,72,72,72,72,72,72,72,72,72,72,69,69,69,69,69,69,69,69,69,69,69,69,69,69],"card_choices":[{"not_picked":["Impervious","Berserk"],"picked":"Reaper","floor":0},{"not_picked":["Havoc","Warcry","Sword Boomerang"],"picked":"SKIP","floor":1},{"not_picked":["Twin Strike","Cleave"],"picked":"Reaper","floor":3},{"not_picked":["Perfected Strike","Wild Strike","Heavy Blade"],"picked":"SKIP","floor":5},{"not_picked":["Body Slam","Perfected Strike","True Grit"],"picked":"SKIP","floor":7},{"not_picked":["Dual Wield","Combust"],"picked":"Rupture","floor":10},{"not_picked":["Whirlwind","Flex","Inflame"],"picked":"SKIP","floor":11},{"not_picked":["Blood for Blood","Havoc"],"picked":"Double Tap","floor":12},{"not_picked":["Flex","Searing Blow"],"picked":"Spot Weakness","floor":13},{"not_picked":["Havoc","Cleave","Flex"],"picked":"SKIP","floor":14},{"not_picked":["Perfected Strike+1","Iron Wave"],"picked":"Uppercut+1","floor":18},{"not_picked":["Iron Wave","Thunderclap","Sword Boomerang"],"picked":"SKIP","floor":19},{"not_picked":["Shockwave","Shrug It Off","Dropkick"],"picked":"SKIP","floor":24},{"not_picked":["Wild Strike","Heavy Blade+1","Flex"],"picked":"SKIP","floor":27},{"not_picked":["Spot Weakness","Berserk","Intimidate+1"],"picked":"SKIP","floor":28},{"not_picked":["Warcry","Metallicize"],"picked":"Offering","floor":30},{"not_picked":["Cleave+1","Combust","Power Through"],"picked":"SKIP","floor":31},{"not_picked":["Bludgeon","Offering"],"picked":"Reaper","floor":33},{"not_picked":["Pummel","Havoc+1","Whirlwind"],"picked":"SKIP","floor":35},{"not_picked":["Burning Pact","Shrug It Off","True Grit+1"],"picked":"SKIP","floor":36},{"not_picked":["Heavy Blade","Havoc+1","True Grit"],"picked":"SKIP","floor":37},{"not_picked":["Corruption+1","Battle Trance","Clash+1"],"picked":"SKIP","floor":40}],"player_experience":183580,"relics_obtained":[{"floor":7,"key":"Nunchaku"},{"floor":9,"key":"Magic Flower"},{"floor":10,"key":"Orichalcum"},{"floor":13,"key":"Dream Catcher"},{"floor":24,"key":"Ancient Tea Set"},{"floor":25,"key":"Dodecahedron"},{"floor":26,"key":"Sundial"},{"floor":28,"key":"Bronze Scales"},{"floor":30,"key":"Ginger"},{"floor":40,"key":"Tiny Chest"}],"event_choices":[{"damage_healed":0,"gold_gain":0,"player_choice":"Take Damage","damage_taken":18,"relics_obtained":["Golden Idol"],"max_hp_gain":0,"max_hp_loss":0,"event_name":"Golden Idol","floor":2,"gold_loss":0},{"damage_healed":0,"gold_gain":0,"cards_transformed":["Strike_R"],"player_choice":"Transformed","damage_taken":0,"max_hp_gain":0,"max_hp_loss":0,"event_name":"Transmorgrifier","floor":4,"gold_loss":0,"cards_obtained":["Hemokinesis"]},{"damage_healed":0,"gold_gain":0,"player_choice":"Obtain J.A.X.","damage_taken":0,"max_hp_gain":0,"max_hp_loss":0,"event_name":"Drug Dealer","floor":20,"gold_loss":0,"cards_obtained":["J.A.X."]},{"cards_removed":["Strike_R"],"damage_healed":0,"gold_gain":0,"player_choice":"Gave Gold","damage_taken":0,"max_hp_gain":0,"max_hp_loss":0,"event_name":"Beggar","floor":21,"gold_loss":75},{"cards_removed":["Clumsy","Parasite"],"damage_healed":0,"gold_gain":0,"player_choice":"Removed Curses","damage_taken":0,"max_hp_gain":0,"max_hp_loss":0,"event_name":"Fountain of Cleansing","floor":29,"gold_loss":0},{"damage_healed":0,"gold_gain":333,"player_choice":"Gave Idol","damage_taken":0,"max_hp_gain":0,"max_hp_loss":0,"event_name":"The Moai Head","floor":39,"relics_lost":["Golden Idol"],"gold_loss":0}],"is_beta":false,"boss_relics":[{"not_picked":["Coffee Dripper","Ectoplasm"],"picked":"Cursed Key"},{"not_picked":["Pandora\u0027s Box","Runic Dome"],"picked":"Astrolabe"}],"items_purged_floors":[22,38],"is_endless":false,"potions_floor_spawned":[5,10,11,12,19,27,31,33,35],"killed_by":"Nemesis","ascension_level":4}