{"gold_per_floor":[212,212,224,236,184,219,219,244,315,315,334,334,346,370,382,394],"floor_reached":16,"playtime":421,"items_purged":[],"score":110,"play_id":"1d204901-6796-4257-bf44-9e3f4641c449","local_time":"20190426144521","is_ascension_mode":false,"campfire_choices":[{"data":"True Grit","floor":7,"key":"SMITH"},{"data":"Whirlwind","floor":10,"key":"SMITH"},{"data":"Sentinel","floor":13,"key":"SMITH"},{"data":"Shockwave","floor":15,"key":"SMITH"}],"neow_cost":"NONE","seed_source_timestamp":428619173302084,"circlet_count":0,"master_deck":["Strike_R","Strike_R","Strike_R","Strike_R","Strike_R","Defend_R","Defend_R","Defend_R","Defend_R","Bash","Iron Wave","Pain","Whirlwind+1","True Grit+1","Twin Strike","Shockwave+1","Sentinel+1","Regret"],"relics":["Burning Blood","WarpedTongs","Bird Faced Urn","Ancient Tea Set","Mercury Hourglass","MawBank"],"potions_floor_usage":[6,6,6,6,8,16,16],"damage_taken":[{"damage":0,"enemies":"Small Slimes","floor":1,"turns":3},{"damage":8,"enemies":"Cultist","floor":3,"turns":3},{"damage":4,"enemies":"2 Louse","floor":4,"turns":2},{"damage":30,"enemies":"Gremlin Nob","floor":6,"turns":4},{"damage":16,"enemies":"3 Sentries","floor":8,"turns":7},{"damage":3,"enemies":"Large Slime","floor":11,"turns":3},{"damage":10,"enemies":"Exordium Thugs","floor":14,"turns":3},{"damage":53,"enemies":"The Guardian","floor":16,"turns":8}],"seed_played":"7767175694581287221","potions_obtained":[{"floor":3,"key":"SteroidPotion"},{"floor":4,"key":"EntropicBrew"},{"floor":8,"key":"BloodPotion"},{"floor":14,"key":"SkillPotion"}],"is_trial":false,"path_per_floor":["M","?","M","M","$","E","R","E","T","R","M","?","R","M","R","B"],"character_chosen":"IRONCLAD","items_purchased":["True Grit"],"campfire_rested":0,"item_purchase_floors":[5],"current_hp_per_floor":[80,80,78,80,80,56,56,46,46,46,49,49,49,45,45,0],"gold":394,"neow_bonus":"HUNDRED_GOLD","is_prod":false,"is_daily":false,"chose_seed":false,"campfire_upgraded":4,"win_rate":0,"timestamp":1556257521,"path_taken":["M","?","M","M","?","E","R","E","T","R","M","?","R","M","R","BOSS"],"build_version":"2019-01-23","purchased_purges":0,"victory":false,"max_hp_per_floor":[80,80,80,80,80,80,80,80,80,80,80,80,80,80,80,80],"card_choices":[{"not_picked":["Blood for Blood","Dual Wield"],"picked":"Iron Wave","floor":1},{"not_picked":["Thunderclap","Power Through"],"picked":"Whirlwind","floor":3},{"not_picked":["Clash","Disarm","Havoc"],"picked":"SKIP","floor":4},{"not_picked":["Sword Boomerang","Dark Embrace"],"picked":"Twin Strike","floor":6},{"not_picked":["Sword Boomerang","Anger"],"picked":"Shockwave","floor":8},{"not_picked":["Clothesline","Dropkick"],"picked":"Sentinel","floor":11},{"not_picked":["Searing Blow","Havoc","Perfected Strike"],"picked":"SKIP","floor":14}],"player_experience":373481,"relics_obtained":[{"floor":6,"key":"Bird Faced Urn"},{"floor":8,"key":"Ancient Tea Set"},{"floor":9,"key":"Mercury Hourglass"}],"event_choices":[{"damage_healed":0,"gold_gain":0,"player_choice":"Rummage","damage_taken":0,"relics_obtained":["WarpedTongs"],"max_hp_gain":0,"max_hp_loss":0,"event_name":"Accursed Blacksmith","floor":2,"gold_loss":0,"cards_obtained":["Pain"]},{"damage_healed":0,"gold_gain":0,"player_choice":"Box","damage_taken":0,"relics_obtained":["MawBank"],"max_hp_gain":0,"max_hp_loss":0,"event_name":"Big Fish","floor":12,"gold_loss":0,"cards_obtained":["Regret"]}],"is_beta":false,"boss_relics":[],"items_purged_floors":[],"is_endless":false,"potions_floor_spawned":[3,4,8,14],"killed_by":"The Guardian","ascension_level":0}