{"gold_per_floor":[116,82,56,67,67,67,78,95,95,110,110,120,66,86,86,184,184,198,214,224,224],"floor_reached":21,"playtime":458,"items_purged":[],"score":225,"play_id":"573a75c7-fcd6-49e2-b06a-15caf55f960e","local_time":"20190518181601","is_ascension_mode":false,"campfire_choices":[{"data":"Zap","floor":6,"key":"SMITH"},{"data":"Dualcast","floor":15,"key":"SMITH"}],"neow_cost":"NONE","seed_source_timestamp":237759343214755,"circlet_count":0,"master_deck":["Strike_B","Strike_B","Strike_B","Strike_B","Defend_B","Defend_B","Defend_B","Defend_B","Zap+1","Dualcast+1","Streamline","Defragment","Ball Lightning","Melter","Go for the Eyes","Conserve Battery","Go for the Eyes","Ball Lightning","Cold Snap","Seek","Doom and Gloom"],"relics":["Cracked Core","NeowsBlessing","Sundial","Snecko Eye"],"potions_floor_usage":[16,16,16],"damage_taken":[{"damage":0,"enemies":"Cultist","floor":1,"turns":1},{"damage":0,"enemies":"Jaw Worm","floor":4,"turns":1},{"damage":0,"enemies":"2 Louse","floor":7,"turns":1},{"damage":8,"enemies":"Lots of Slimes","floor":8,"turns":3},{"damage":5,"enemies":"3 Louse","floor":10,"turns":3},{"damage":35,"enemies":"Exordium Wildlife","floor":12,"turns":4},{"damage":2,"enemies":"Blue Slaver","floor":14,"turns":2},{"damage":0,"enemies":"Slime Boss","floor":16,"turns":7},{"damage":5,"enemies":"Chosen","floor":18,"turns":3},{"damage":18,"enemies":"3 Byrds","floor":19,"turns":4},{"damage":45,"enemies":"Centurion and Healer","floor":20,"turns":6}],"seed_played":"-6505942179040042269","potions_obtained":[{"floor":1,"key":"Ancient Potion"},{"floor":7,"key":"FearPotion"},{"floor":8,"key":"PowerPotion"},{"floor":16,"key":"LiquidBronze"},{"floor":19,"key":"Strength Potion"}],"is_trial":false,"path_per_floor":["M","$","$","M","?","R","M","M","T","M","?","M","$","M","R","B",null,"M","M","M","?"],"character_chosen":"DEFECT","items_purchased":["Defragment","Ball Lightning","Ball Lightning"],"campfire_rested":0,"item_purchase_floors":[2,3,13],"current_hp_per_floor":[75,75,75,75,75,75,75,67,67,62,62,27,27,25,25,25,75,70,52,7,0],"gold":224,"neow_bonus":"THREE_ENEMY_KILL","is_prod":false,"is_daily":false,"chose_seed":false,"campfire_upgraded":2,"win_rate":0,"timestamp":1558170961,"path_taken":["M","?","$","M","?","R","M","M","T","?","?","M","$","M","R","BOSS","M","?","M","?"],"build_version":"2019-01-23","purchased_purges":0,"victory":false,"max_hp_per_floor":[75,75,75,75,75,75,75,75,75,75,75,75,75,75,75,75,75,75,75,75,75],"card_choices":[{"not_picked":["Defragment","Leap"],"picked":"Streamline","floor":1},{"not_picked":["Compile Driver","Doom and Gloom"],"picked":"Melter","floor":4},{"not_picked":["Scrape","Chaos"],"picked":"Go for the Eyes","floor":7},{"not_picked":["Capacitor","Doom and Gloom","Hello World"],"picked":"SKIP","floor":8},{"not_picked":["Hologram","Defragment"],"picked":"Conserve Battery","floor":10},{"not_picked":["Turbo","Redo"],"picked":"Go for the Eyes","floor":12},{"not_picked":["Gash","Auto Shields"],"picked":"Cold Snap","floor":14},{"not_picked":["Echo Form","Core Surge"],"picked":"Seek","floor":16},{"not_picked":["Gash","Defragment+1"],"picked":"Doom and Gloom","floor":18},{"not_picked":["Beam Cell","Chaos","Hologram"],"picked":"SKIP","floor":19},{"not_picked":["Go for the Eyes","Leap+1","Turbo+1"],"picked":"SKIP","floor":20}],"player_experience":382067,"relics_obtained":[{"floor":9,"key":"Sundial"}],"event_choices":[{"damage_healed":0,"gold_gain":0,"player_choice":"0 cards matched","damage_taken":0,"max_hp_gain":0,"max_hp_loss":0,"event_name":"Match and Keep!","floor":5,"gold_loss":0,"cards_obtained":[]},{"damage_healed":0,"gold_gain":0,"player_choice":"Got Potions","damage_taken":0,"max_hp_gain":0,"max_hp_loss":0,"event_name":"Lab","floor":11,"gold_loss":0}],"is_beta":false,"boss_relics":[{"not_picked":["Pandora\u0027s Box","Calling Bell"],"picked":"Snecko Eye"}],"items_purged_floors":[],"is_endless":false,"potions_floor_spawned":[1,7,8,10,14,16,19],"ascension_level":0}