{"gold_per_floor":[12,12,28,39,39,39,83,101,183,33,102,102,102,102,102,231,231,252,277,301,41,41,41,57,57,57,156,156,180,224,242,242,242],"floor_reached":33,"playtime":1331,"items_purged":["Strike_B"],"score":289,"play_id":"ea4bb688-a5a3-4549-bcf0-0058e09a6285","local_time":"20190314030814","is_ascension_mode":true,"campfire_choices":[{"data":"Zap","floor":6,"key":"SMITH"},{"floor":12,"key":"REST"},{"data":"Doom and Gloom","floor":15,"key":"SMITH"},{"data":"Genetic Algorithm","floor":23,"key":"SMITH"},{"data":"Recycle","floor":25,"key":"SMITH"},{"data":"Capacitor","floor":28,"key":"SMITH"},{"floor":32,"key":"REST"}],"neow_cost":"NO_GOLD","seed_source_timestamp":69113281637378,"circlet_count":0,"master_deck":["Strike_B","Strike_B","Defend_B","Defend_B","Defend_B","Defend_B","Zap+1","Dualcast","Thunder Strike","Ball Lightning","Streamline","Ball Lightning","Conserve Battery","Coolheaded","Doom and Gloom+1","Steam","Core Surge","Hologram+1","Genetic Algorithm+1","Cold Snap+1","Capacitor+1","Conserve Battery+1","Recycle+1","Barrage","Leap","Cold Snap"],"relics":["Cracked Core","Golden Idol","Prayer Wheel","Mummified Hand","Tiny Chest","Cursed Key","Runic Capacitor","Kunai"],"potions_floor_usage":[11,11,31,31],"damage_taken":[{"damage":5,"enemies":"2 Louse","floor":1,"turns":2},{"damage":0,"enemies":"Small Slimes","floor":3,"turns":3},{"damage":6,"enemies":"Jaw Worm","floor":4,"turns":2},{"damage":32,"enemies":"Gremlin Nob","floor":7,"turns":4},{"damage":10,"enemies":"Large Slime","floor":8,"turns":4},{"damage":9,"enemies":"3 Sentries","floor":11,"turns":4},{"damage":20,"enemies":"Slime Boss","floor":16,"turns":6},{"damage":15,"enemies":"Spheric Guardian","floor":18,"turns":4},{"damage":0,"enemies":"Chosen","floor":19,"turns":4},{"damage":14,"enemies":"Shelled Parasite and Fungi","floor":20,"turns":5},{"damage":2,"enemies":"Snecko","floor":24,"turns":5},{"damage":8,"enemies":"Cultist and Chosen","floor":29,"turns":6},{"damage":25,"enemies":"Book of Stabbing","floor":30,"turns":5},{"damage":2,"enemies":"3 Cultists","floor":31,"turns":4},{"damage":28,"enemies":"Champ","floor":33,"turns":13}],"seed_played":"-8269315720774001396","potions_obtained":[{"floor":3,"key":"SteroidPotion"},{"floor":8,"key":"EssenceOfSteel"},{"floor":20,"key":"AttackPotion"},{"floor":30,"key":"Energy Potion"},{"floor":31,"key":"SmokeBomb"}],"is_trial":false,"path_per_floor":["M","?","M","M","?","R","E","M","T","$","E","R","T","?","R","B",null,"M","M","M","$","?","R","M","R","T","?","R","M","E","M","R","B"],"character_chosen":"DEFECT","items_purchased":["Doom and Gloom","Capacitor","Runic Capacitor"],"campfire_rested":2,"item_purchase_floors":[10,21,21],"current_hp_per_floor":[70,70,70,64,64,64,32,22,22,22,13,33,33,33,33,13,69,54,54,40,40,40,40,38,38,38,38,38,30,5,3,23,0],"gold":242,"neow_bonus":"THREE_RARE_CARDS","is_prod":false,"is_daily":false,"chose_seed":false,"campfire_upgraded":5,"win_rate":0,"timestamp":1552547294,"path_taken":["M","?","M","M","?","R","E","M","T","$","E","R","?","?","R","BOSS","M","M","M","$","?","R","?","R","T","?","R","M","E","M","R","BOSS"],"build_version":"2019-01-23","purchased_purges":1,"victory":false,"max_hp_per_floor":[75,75,75,75,69,69,69,69,69,69,69,69,69,69,69,69,69,69,69,69,69,69,69,69,69,69,69,69,69,69,69,69,69],"card_choices":[{"not_picked":["Amplify","Reboot"],"picked":"Thunder Strike","floor":0},{"not_picked":["Steam Power","Rebound"],"picked":"Ball Lightning","floor":1},{"not_picked":["Turbo","All For One","Gash"],"picked":"SKIP","floor":3},{"not_picked":["Redo","Steam"],"picked":"Streamline","floor":4},{"not_picked":["Double Energy","Barrage"],"picked":"Ball Lightning","floor":7},{"not_picked":["Aggregate","Sunder"],"picked":"Conserve Battery","floor":8},{"not_picked":["White Noise","Rainbow"],"picked":"Coolheaded","floor":8},{"not_picked":["Go for the Eyes","Double Energy"],"picked":"Steam","floor":11},{"not_picked":["Thunder Strike","Reboot"],"picked":"Core Surge","floor":16},{"not_picked":["Go for the Eyes","Skim+1"],"picked":"Hologram+1","floor":18},{"not_picked":["Doom and Gloom","Rebound","FTL"],"picked":"SKIP","floor":18},{"not_picked":["Chaos+1","Doom and Gloom"],"picked":"Genetic Algorithm","floor":19},{"not_picked":["Turbo","Hologram","Ball Lightning"],"picked":"SKIP","floor":19},{"not_picked":["Rebound","Steam"],"picked":"Cold Snap+1","floor":20},{"not_picked":["Hologram+1","Blizzard+1","Rebound"],"picked":"SKIP","floor":20},{"not_picked":["Meteor Strike","Redo"],"picked":"Conserve Battery+1","floor":24},{"not_picked":["Ball Lightning","Rip and Tear"],"picked":"Recycle","floor":24},{"not_picked":["Cold Snap+1","Gash"],"picked":"Barrage","floor":29},{"not_picked":["Barrage","Hologram","Steam Power"],"picked":"SKIP","floor":29},{"not_picked":["Barrage","Hologram","Steam Power"],"picked":"SKIP","floor":29},{"not_picked":["Conserve Battery","Turbo"],"picked":"Leap","floor":30},{"not_picked":["Heatsinks","Hello World+1"],"picked":"Cold Snap","floor":31},{"not_picked":["Go for the Eyes","FTL","Rebound"],"picked":"SKIP","floor":31}],"player_experience":487780,"relics_obtained":[{"floor":7,"key":"Prayer Wheel"},{"floor":9,"key":"Mummified Hand"},{"floor":11,"key":"Tiny Chest"},{"floor":30,"key":"Kunai"}],"event_choices":[{"damage_healed":0,"gold_gain":0,"player_choice":"Ignored","damage_taken":0,"max_hp_gain":0,"max_hp_loss":0,"event_name":"Liars Game","floor":2,"gold_loss":0},{"damage_healed":0,"gold_gain":0,"player_choice":"Lose Max HP","damage_taken":0,"relics_obtained":["Golden Idol"],"max_hp_gain":0,"max_hp_loss":6,"event_name":"Golden Idol","floor":5,"gold_loss":0},{"damage_healed":0,"gold_gain":0,"player_choice":"Fled","damage_taken":0,"max_hp_gain":0,"max_hp_loss":0,"event_name":"Scrap Ooze","floor":14,"gold_loss":0},{"cards_removed":["Strike_B"],"damage_healed":0,"gold_gain":0,"player_choice":"Card Removal","damage_taken":0,"max_hp_gain":0,"max_hp_loss":0,"event_name":"Wheel of Change","floor":22,"gold_loss":0},{"damage_healed":0,"gold_gain":99,"player_choice":"Stole From Cult","damage_taken":0,"max_hp_gain":0,"max_hp_loss":0,"event_name":"Nest","floor":27,"gold_loss":0}],"is_beta":false,"boss_relics":[{"not_picked":["Pandora\u0027s Box","Eternal Feather"],"picked":"Cursed Key"}],"items_purged_floors":[10],"is_endless":false,"potions_floor_spawned":[3,8,20,30,31],"killed_by":"Champ","ascension_level":1}