{"gold_per_floor":[114,39,39,51,51,51,64,64,142,175,175,175,194,210,210,284,284,294,294],"floor_reached":19,"playtime":1070,"items_purged":["Shame"],"score":359,"play_id":"5b9f12f1-2310-49a1-a6f1-5b7745d99a1c","local_time":"20190424215135","is_ascension_mode":true,"campfire_choices":[{"data":"Chaos","floor":6,"key":"SMITH"},{"data":"Streamline","floor":8,"key":"SMITH"},{"floor":11,"key":"REST"},{"data":"Machine Learning","floor":15,"key":"SMITH"}],"neow_cost":"CURSE","seed_source_timestamp":1211199640809238,"circlet_count":0,"master_deck":["AscendersBane","Strike_B","Strike_B","Strike_B","Defend_B","Defend_B","Defend_B","Defend_B","Zap","Dualcast","Streamline+1","Glacier","Chaos+1","Machine Learning+1","Defragment","Leap+1","Conserve Battery+1","Electrodynamics"],"relics":["Cracked Core","Letter Opener","Toxic Egg 2","Ornamental Fan","Inserter"],"potions_floor_usage":[10,16,18],"damage_taken":[{"damage":9,"enemies":"Jaw Worm","floor":1,"turns":3},{"damage":5,"enemies":"Small Slimes","floor":4,"turns":4},{"damage":0,"enemies":"Cultist","floor":7,"turns":3},{"damage":39,"enemies":"Lagavulin","floor":10,"turns":7},{"damage":3,"enemies":"2 Fungi Beasts","floor":13,"turns":4},{"damage":7,"enemies":"Blue Slaver","floor":14,"turns":4},{"damage":37,"enemies":"Slime Boss","floor":16,"turns":10},{"damage":34,"enemies":"Chosen","floor":18,"turns":5},{"damage":52,"enemies":"Masked Bandits","floor":19,"turns":3}],"seed_played":"628150007560048710","potions_obtained":[{"floor":4,"key":"Explosive Potion"},{"floor":10,"key":"Fruit Juice"},{"floor":16,"key":"Energy Potion"}],"is_trial":false,"path_per_floor":["M","$","?","M","?","R","M","R","T","E","R","?","M","M","R","B",null,"M","?"],"character_chosen":"DEFECT","items_purchased":[],"campfire_rested":1,"item_purchase_floors":[],"current_hp_per_floor":[69,69,69,64,64,64,64,64,64,30,57,87,84,77,77,40,78,44,0],"gold":294,"neow_bonus":"TWENTY_PERCENT_HP_BONUS","is_prod":false,"is_daily":false,"chose_seed":false,"campfire_upgraded":3,"win_rate":0,"timestamp":1556131895,"path_taken":["M","$","?","M","?","R","?","R","T","E","R","?","M","M","R","BOSS","M","?"],"build_version":"2019-01-23","purchased_purges":1,"victory":false,"max_hp_per_floor":[85,85,85,85,85,85,85,85,85,90,90,90,90,90,90,90,90,90,90],"card_choices":[{"not_picked":["Stack","Ball Lightning"],"picked":"Streamline","floor":1},{"not_picked":["Hologram","Cold Snap"],"picked":"Chaos","floor":4},{"not_picked":["Double Energy","Ball Lightning"],"picked":"Machine Learning","floor":7},{"not_picked":["Reprogram+1","Melter"],"picked":"Defragment","floor":10},{"not_picked":["Defragment","Ball Lightning"],"picked":"Leap+1","floor":13},{"not_picked":["Hologram+1","Static Discharge"],"picked":"Conserve Battery+1","floor":14},{"not_picked":["Hyperbeam","Machine Learning"],"picked":"Electrodynamics","floor":16},{"not_picked":["Barrage","Gash","Hello World+1"],"picked":"SKIP","floor":18}],"player_experience":847396,"relics_obtained":[{"floor":5,"key":"Letter Opener"},{"floor":9,"key":"Toxic Egg 2"},{"floor":10,"key":"Ornamental Fan"}],"event_choices":[{"damage_healed":0,"gold_gain":0,"cards_transformed":["Strike_B"],"player_choice":"Change","damage_taken":0,"max_hp_gain":0,"max_hp_loss":0,"event_name":"Living Wall","floor":3,"gold_loss":0,"cards_obtained":["Glacier"]},{"damage_healed":0,"gold_gain":0,"player_choice":"Relic","damage_taken":0,"max_hp_gain":0,"max_hp_loss":0,"event_name":"Wheel of Change","floor":5,"gold_loss":0},{"damage_healed":30,"gold_gain":0,"player_choice":"Banana","damage_taken":0,"max_hp_gain":0,"max_hp_loss":0,"event_name":"Big Fish","floor":12,"gold_loss":0},{"damage_healed":0,"gold_gain":0,"player_choice":"Fought Bandits","damage_taken":0,"max_hp_gain":0,"max_hp_loss":0,"event_name":"Masked Bandits","floor":19,"gold_loss":0}],"is_beta":false,"boss_relics":[{"not_picked":["Velvet Choker","Busted Crown"],"picked":"Inserter"}],"items_purged_floors":[2],"is_endless":false,"potions_floor_spawned":[4,10,16],"killed_by":"Masked Bandits","ascension_level":20}