{"gold_per_floor":[109,34,34,54,72,72,84,84,84,84,100,100,129,129,129,231,231,221,232,232,332,344,344,360,360,360,391,415,427,449,478,490,597,609,638,750,780,10,29,29,63,63,87,87,87,98,98,98,98,98],"floor_reached":50,"playtime":3618,"items_purged":["Defend_R","Clumsy"],"score":786,"play_id":"977c39fc-6365-434c-bce2-b59b70d51634","local_time":"20190122081254","is_ascension_mode":true,"campfire_choices":[{"floor":6.0,"key":"REST"},{"data":"Bash","floor":8.0,"key":"SMITH"},{"data":"Iron Wave","floor":10.0,"key":"SMITH"},{"data":"Uppercut","floor":12.0,"key":"SMITH"},{"floor":15.0,"key":"REST"},{"floor":23.0,"key":"REST"},{"floor":25.0,"key":"REST"},{"floor":29.0,"key":"REST"},{"floor":32.0,"key":"REST"},{"floor":40,"key":"REST"},{"data":"Shrug It Off","floor":42,"key":"SMITH"},{"data":"Heavy Blade","floor":44,"key":"SMITH"},{"data":"Shrug It Off","floor":47,"key":"SMITH"},{"floor":49,"key":"REST"}],"neow_cost":"NONE","seed_source_timestamp":0,"circlet_count":0,"master_deck":["AscendersBane","Strike_R","Strike_R","Strike_R","Defend_R","Defend_R","Defend_R","Bash+1","Impatience","Iron Wave+1","Anger","Cleave","Shrug It Off+1","Uppercut+1","Demon Form","Offering","Headbutt+1","Rampage+1","Heavy Blade+1","Shrug It Off+1","Metallicize+1","Immolate","Shrug It Off+1","Rage+1","Entrench+1","Power Through","Pain","Deep Breath+1","Finesse"],"special_seed":0,"relics":["Burning Blood","Smiling Mask","Kunai","Cursed Key","MawBank","Sozu","Calipers","Oddly Smooth Stone","Incense Burner","PrismaticShard","Nunchaku","Centennial Puzzle"],"potions_floor_usage":[50],"damage_taken":[{"damage":7.0,"enemies":"Jaw Worm","floor":1.0,"turns":5.0},{"damage":10.0,"enemies":"Cultist","floor":4.0,"turns":4.0},{"damage":0.0,"enemies":"2 Louse","floor":5.0,"turns":3.0},{"damage":17.0,"enemies":"Red Slaver","floor":7.0,"turns":4.0},{"damage":0.0,"enemies":"Looter","floor":11.0,"turns":3.0},{"damage":20.0,"enemies":"Gremlin Nob","floor":13.0,"turns":4.0},{"damage":62.0,"enemies":"The Guardian","floor":16.0,"turns":8.0},{"damage":13.0,"enemies":"2 Thieves","floor":18.0,"turns":4.0},{"damage":19.0,"enemies":"Shell Parasite","floor":19.0,"turns":4.0},{"damage":17.0,"enemies":"Colosseum Slavers","floor":20.0,"turns":4.0},{"damage":12.0,"enemies":"3 Cultists","floor":22.0,"turns":5.0},{"damage":10.0,"enemies":"Cultist and Chosen","floor":24.0,"turns":6.0},{"damage":19.0,"enemies":"Shelled Parasite and Fungi","floor":27.0,"turns":5.0},{"damage":16.0,"enemies":"Centurion and Healer","floor":28.0,"turns":5.0},{"damage":24.0,"enemies":"Snake Plant","floor":30.0,"turns":3.0},{"damage":20.0,"enemies":"Cultist and Chosen","floor":31.0,"turns":4.0},{"damage":20.0,"enemies":"Champ","floor":33.0,"turns":8.0},{"damage":0,"enemies":"3 Shapes","floor":35,"turns":2},{"damage":15,"enemies":"Mind Bloom Boss Battle","floor":36,"turns":6},{"damage":33,"enemies":"3 Darklings","floor":37,"turns":5},{"damage":4,"enemies":"Maw","floor":39,"turns":7},{"damage":0,"enemies":"Nemesis","floor":41,"turns":9},{"damage":11,"enemies":"Sphere and 2 Shapes","floor":46,"turns":3},{"damage":82,"enemies":"Time Eater","floor":50,"turns":10}],"seed_played":"7313117085024721502","potions_obtained":[{"floor":7.0,"key":"PowerPotion"},{"floor":13.0,"key":"GamblersBrew"},{"floor":16.0,"key":"Explosive Potion"},{"floor":18.0,"key":"Explosive Potion"},{"floor":27.0,"key":"FearPotion"},{"floor":31.0,"key":"Weak Potion"},{"floor":33.0,"key":"SteroidPotion"}],"is_trial":false,"path_per_floor":["M","$","?","M","M","R","M","R","T","R","M","R","E","?","R","B",null,"M","M","?","?","M","R","M","R","T","M","M","R","M","M","R","B",null,"M","?","M","$","M","R","E","R","T","R","?","M","R","?","R","B"],"character_chosen":"IRONCLAD","items_purchased":["Oddly Smooth Stone","Incense Burner","PrismaticShard","Power Through"],"campfire_rested":8,"item_purchase_floors":[38,38,38,38],"current_hp_per_floor":[71,71,64,60,66,80,69,69,69,69,75,75,61,61,80,24,66,59,46,35,35,29,53,49,73,73,60,50,74,56,42,66,52,73,79,70,43,43,45,69,75,75,75,75,75,70,70,70,80,0],"gold":98,"neow_bonus":"RANDOM_COLORLESS","is_prod":false,"is_daily":false,"chose_seed":false,"campfire_upgraded":6,"win_rate":0,"timestamp":1548137574,"path_taken":["M","$","?","M","M","R","M","R","T","R","M","R","E","?","R","BOSS","M","M","?","?","M","R","M","R","T","M","?","R","M","M","R","BOSS","M","?","M","$","M","R","E","R","T","R","?","M","R","?","R","BOSS"],"build_version":"2019-01-17v2","purchased_purges":2,"victory":false,"max_hp_per_floor":[80,80,80,80,80,80,80,80,80,80,80,80,80,80,80,80,80,80,80,80,80,80,80,80,80,80,80,80,80,80,80,80,80,80,80,80,80,80,80,80,80,80,80,80,80,80,80,80,80,80],"card_choices":[{"not_picked":["Warcry","Flex"],"picked":"Iron Wave","floor":1.0},{"not_picked":["Battle Trance","Perfected Strike"],"picked":"Anger","floor":4.0},{"not_picked":["Sword Boomerang","Flex"],"picked":"Cleave","floor":5.0},{"not_picked":["Pommel Strike","Heavy Blade"],"picked":"Shrug It Off","floor":7.0},{"not_picked":["Carnage","Dual Wield"],"picked":"Uppercut","floor":11.0},{"not_picked":["Flex","Body Slam"],"picked":"Demon Form","floor":13.0},{"not_picked":["Dark Embrace","Berserk"],"picked":"Offering","floor":16.0},{"not_picked":["Anger","Sword Boomerang"],"picked":"Headbutt+1","floor":18.0},{"not_picked":["Evolve+1","Headbutt"],"picked":"Rampage+1","floor":19.0},{"not_picked":["Havoc","Clothesline","Dual Wield"],"picked":"SKIP","floor":22.0},{"not_picked":["Corruption","Whirlwind"],"picked":"Heavy Blade","floor":24.0},{"not_picked":["Iron Wave+1","Intimidate+1"],"picked":"Shrug It Off","floor":27.0},{"not_picked":["Wild Strike+1","Headbutt","Pommel Strike"],"picked":"SKIP","floor":28.0},{"not_picked":["True Grit","Iron Wave"],"picked":"Metallicize+1","floor":30.0},{"not_picked":["Sever Soul","Perfected Strike+1","Wild Strike"],"picked":"SKIP","floor":31.0},{"not_picked":["Dark Embrace","Berserk"],"picked":"Immolate","floor":33.0},{"not_picked":["Hemokinesis+1","Clothesline+1"],"picked":"Shrug It Off+1","floor":35},{"not_picked":["Armaments","Body Slam"],"picked":"Rage+1","floor":36},{"not_picked":["Havoc+1","Feel No Pain"],"picked":"Entrench+1","floor":37},{"not_picked":["Thunderclap+1","Dodge and Roll","Poisoned Stab"],"picked":"SKIP","floor":39},{"not_picked":["Flex","Anger+1","Choke"],"picked":"SKIP","floor":41},{"not_picked":["Outmaneuver+1","Coolheaded+1"],"picked":"Deep Breath+1","floor":46},{"not_picked":["Enlightenment","Trip"],"picked":"Finesse","floor":48}],"player_experience":340019,"relics_obtained":[{"floor":9.0,"key":"Smiling Mask"},{"floor":13.0,"key":"Kunai"},{"floor":26.0,"key":"MawBank"},{"floor":36,"key":"Calipers"},{"floor":41,"key":"Nunchaku"},{"floor":43,"key":"Centennial Puzzle"}],"event_choices":[{"cards_removed":["Strike_R"],"damage_healed":0.0,"max_hp_gain":0.0,"max_hp_loss":0.0,"gold_gain":0.0,"event_name":"Golden Wing","player_choice":"Card Removal","floor":3.0,"gold_loss":0.0,"damage_taken":7.0},{"cards_removed":["Strike_R"],"damage_healed":0.0,"max_hp_gain":0.0,"max_hp_loss":0.0,"gold_gain":0.0,"event_name":"Bonfire Elementals","player_choice":"Offered Basic","floor":14.0,"gold_loss":0.0,"damage_taken":0.0},{"damage_healed":0.0,"max_hp_gain":0.0,"max_hp_loss":0.0,"gold_gain":0.0,"event_name":"Colosseum","player_choice":"Fight","floor":20.0,"gold_loss":0.0,"damage_taken":0.0},{"damage_healed":0.0,"max_hp_gain":0.0,"max_hp_loss":0.0,"gold_gain":0.0,"event_name":"Colosseum","player_choice":"Fled From Nobs","floor":20.0,"gold_loss":0.0,"damage_taken":0.0},{"damage_healed":0.0,"max_hp_gain":0.0,"max_hp_loss":0.0,"gold_gain":100.0,"event_name":"Golden Shrine","player_choice":"Pray","floor":21.0,"gold_loss":0.0,"damage_taken":0.0},{"damage_healed":0,"gold_gain":0,"player_choice":"Fight","damage_taken":0,"max_hp_gain":0,"max_hp_loss":0,"event_name":"MindBloom","floor":36,"gold_loss":0},{"damage_healed":0,"gold_gain":0,"player_choice":"Ignored","damage_taken":0,"max_hp_gain":0,"max_hp_loss":0,"event_name":"Mysterious Sphere","floor":45,"gold_loss":0},{"damage_healed":0,"gold_gain":0,"player_choice":"Memory 1","damage_taken":0,"max_hp_gain":0,"max_hp_loss":0,"event_name":"SensoryStone","floor":48,"gold_loss":0}],"is_beta":false,"boss_relics":[{"not_picked":["Black Blood","Empty Cage"],"picked":"Cursed Key"},{"not_picked":["Tiny House","Runic Cube"],"picked":"Sozu"}],"items_purged_floors":[2,38],"is_endless":false,"potions_floor_spawned":[7,13,16,18,20,27,31,33,36,46],"killed_by":"Time Eater","ascension_level":10}