{"gold_per_floor":[111,111,128,140,156,189,189,223,302,302,313,329,329,7,7,112,112,126,126,306,318,23,23,36,65,140,140,159,177,137,166,166,270,270,288,301,320,320],"floor_reached":38,"playtime":1991,"items_purged":[],"score":539,"play_id":"61b0df55-ca99-4505-8d93-6e8c26bbc46a","local_time":"20190519150005","is_ascension_mode":true,"campfire_choices":[{"data":"True Grit","floor":7.0,"key":"SMITH"},{"floor":10.0,"key":"REST"},{"data":"Juggernaut","floor":13.0,"key":"SMITH"},{"data":"Discovery","floor":15.0,"key":"SMITH"},{"data":"Body Slam","floor":23.0,"key":"SMITH"},{"floor":27.0,"key":"REST"},{"floor":32.0,"key":"REST"}],"neow_cost":"NONE","seed_source_timestamp":10973340225507,"circlet_count":0,"master_deck":["Strike_R","Strike_R","Defend_R","Defend_R","Defend_R","Defend_R","Bash","Twin Strike","Metallicize","Battle Trance","True Grit+1","Juggernaut+1","Disarm","Discovery+1","Feed+1","Body Slam+1","Reaper+1","Shrug It Off","True Grit+1","Barricade","Sentinel"],"special_seed":0,"relics":["Burning Blood","Ginger","Gambling Chip","Kunai","Omamori","Black Star","Shuriken","Whetstone","Paper Frog","Question Card","Lantern","Mercury Hourglass","Busted Crown"],"potions_floor_usage":[38],"damage_taken":[{"damage":0.0,"enemies":"Small Slimes","floor":1.0,"turns":3.0},{"damage":6.0,"enemies":"Cultist","floor":3.0,"turns":3.0},{"damage":7.0,"enemies":"Jaw Worm","floor":4.0,"turns":5.0},{"damage":17.0,"enemies":"Lots of Slimes","floor":5.0,"turns":5.0},{"damage":37.0,"enemies":"Gremlin Nob","floor":6.0,"turns":5.0},{"damage":24.0,"enemies":"3 Sentries","floor":8.0,"turns":13.0},{"damage":5.0,"enemies":"Looter","floor":11.0,"turns":4.0},{"damage":6.0,"enemies":"Gremlin Gang","floor":12.0,"turns":4.0},{"damage":7.0,"enemies":"Hexaghost","floor":16.0,"turns":11.0},{"damage":21.0,"enemies":"Spheric Guardian","floor":18.0,"turns":5.0},{"damage":17.0,"enemies":"Shell Parasite","floor":21.0,"turns":7.0},{"damage":47.0,"enemies":"Chosen and Byrds","floor":24.0,"turns":9.0},{"damage":33.0,"enemies":"Book of Stabbing","floor":25.0,"turns":8.0},{"damage":21.0,"enemies":"3 Cultists","floor":28.0,"turns":6.0},{"damage":27.0,"enemies":"Snecko","floor":29.0,"turns":5.0},{"damage":30.0,"enemies":"Gremlin Leader","floor":31.0,"turns":8.0},{"damage":59.0,"enemies":"Automaton","floor":33.0,"turns":9.0},{"damage":44.0,"enemies":"Orb Walker","floor":35.0,"turns":5.0},{"damage":55.0,"enemies":"3 Darklings","floor":36.0,"turns":6.0},{"damage":32,"enemies":"Writhing Mass","floor":37,"turns":6},{"damage":32,"enemies":"Sphere and 2 Shapes","floor":38,"turns":3}],"seed_played":"1645520020501402736","potions_obtained":[{"floor":1.0,"key":"FairyPotion"},{"floor":2.0,"key":"Fruit Juice"},{"floor":2.0,"key":"Regen Potion"},{"floor":2.0,"key":"Poison Potion"},{"floor":11.0,"key":"Explosive Potion"},{"floor":18.0,"key":"BloodPotion"},{"floor":24.0,"key":"BloodPotion"},{"floor":25.0,"key":"AttackPotion"},{"floor":29.0,"key":"AttackPotion"},{"floor":30.0,"key":"Fruit Juice"},{"floor":30.0,"key":"SpeedPotion"},{"floor":33.0,"key":"Regen Potion"},{"floor":36.0,"key":"SteroidPotion"},{"floor":37,"key":"AttackPotion"}],"is_trial":false,"path_per_floor":["M","?","M","M","M","E","R","E","T","R","M","M","R","$","R","B",null,"M","?","?","M","$","R","M","E","T","R","M","M","?","E","R","B",null,"M","M","M","M"],"character_chosen":"IRONCLAD","items_purchased":["Disarm","Discovery","Omamori","Shrug It Off","Shuriken"],"campfire_rested":3,"item_purchase_floors":[14,14,14,22,22],"current_hp_per_floor":[80,85,85,84,73,42,42,24,24,49,50,50,50,50,50,49,85,73,73,49,38,38,38,30,11,11,37,41,25,30,21,50,12,97,64,39,19,0],"gold":320,"neow_bonus":"TRANSFORM_CARD","is_prod":false,"is_daily":false,"chose_seed":false,"campfire_upgraded":4,"win_rate":0,"timestamp":1558270805,"path_taken":["M","?","M","M","?","E","R","E","T","R","M","M","R","$","R","BOSS","M","?","?","M","$","R","M","E","T","R","?","M","?","E","R","BOSS","M","M","M","?"],"build_version":"2019-01-23","purchased_purges":0,"victory":false,"max_hp_per_floor":[80,85,85,85,85,85,85,85,85,85,85,85,85,85,85,85,85,88,88,88,88,88,88,88,88,88,88,92,92,97,97,97,97,97,97,97,101,101],"card_choices":[{"not_picked":["Pommel Strike","Burning Pact"],"picked":"Metallicize","floor":1.0},{"not_picked":["Fire Breathing","Body Slam","Thunderclap"],"picked":"SKIP","floor":3.0},{"not_picked":["Fire Breathing","Body Slam","Thunderclap"],"picked":"SKIP","floor":3.0},{"not_picked":["Fire Breathing","Body Slam","Thunderclap"],"picked":"SKIP","floor":3.0},{"not_picked":["Sword Boomerang","Hemokinesis"],"picked":"Battle Trance","floor":4.0},{"not_picked":["Clothesline","Wild Strike","Body Slam"],"picked":"SKIP","floor":5.0},{"not_picked":["Heavy Blade","Exhume"],"picked":"True Grit","floor":6.0},{"not_picked":["Clothesline","Cleave"],"picked":"Juggernaut","floor":8.0},{"not_picked":["True Grit","Perfected Strike","Thunderclap"],"picked":"SKIP","floor":11.0},{"not_picked":["True Grit","Perfected Strike","Thunderclap"],"picked":"SKIP","floor":11.0},{"not_picked":["Clash","Twin Strike","Warcry"],"picked":"SKIP","floor":12.0},{"not_picked":["Demon Form","Juggernaut"],"picked":"Feed","floor":16.0},{"not_picked":["Spot Weakness","Clothesline+1","Infernal Blade"],"picked":"SKIP","floor":18.0},{"not_picked":["Spot Weakness","Clothesline+1","Infernal Blade"],"picked":"SKIP","floor":18.0},{"not_picked":["Cleave","Rupture+1","Perfected Strike"],"picked":"SKIP","floor":21.0},{"not_picked":["Body Slam","Cleave"],"picked":"True Grit+1","floor":24.0},{"not_picked":["Headbutt","Dual Wield","Reaper"],"picked":"SKIP","floor":25.0},{"not_picked":["Reckless Charge","Anger","Pommel Strike+1","Burning Pact"],"picked":"SKIP","floor":28.0},{"not_picked":["Warcry+1","Heavy Blade+1","Anger","Shockwave"],"picked":"SKIP","floor":29.0},{"not_picked":["Clothesline","Heavy Blade","Warcry+1","Blood for Blood"],"picked":"SKIP","floor":31.0},{"not_picked":["Clothesline","Heavy Blade","Warcry+1","Blood for Blood"],"picked":"SKIP","floor":31.0},{"not_picked":["Double Tap","Fiend Fire","Juggernaut"],"picked":"Barricade","floor":33.0},{"not_picked":["Havoc"],"picked":"Sentinel","floor":35.0},{"not_picked":["Sword Boomerang+1","Pommel Strike"],"picked":"SKIP","floor":36.0},{"not_picked":["Hemokinesis","Warcry+1"],"picked":"SKIP","floor":37}],"player_experience":68539,"relics_obtained":[{"floor":6.0,"key":"Ginger"},{"floor":8.0,"key":"Gambling Chip"},{"floor":9.0,"key":"Kunai"},{"floor":25.0,"key":"Whetstone"},{"floor":25.0,"key":"Paper Frog"},{"floor":26.0,"key":"Question Card"},{"floor":31.0,"key":"Lantern"},{"floor":31.0,"key":"Mercury Hourglass"}],"event_choices":[{"damage_healed":0.0,"max_hp_gain":0.0,"max_hp_loss":0.0,"gold_gain":0.0,"event_name":"Lab","player_choice":"Got Potions","floor":2.0,"gold_loss":0.0,"damage_taken":0.0},{"damage_healed":0.0,"max_hp_gain":0.0,"max_hp_loss":0.0,"gold_gain":0.0,"cards_transformed":["Strike_R","Strike_R"],"event_name":"Drug Dealer","player_choice":"Became Test Subject","floor":19.0,"gold_loss":0.0,"damage_taken":0.0,"cards_obtained":["Body Slam","Reaper"]},{"damage_healed":0.0,"max_hp_gain":0.0,"max_hp_loss":0.0,"gold_gain":180.0,"event_name":"Knowing Skull","player_choice":"GOLD GOLD ","floor":20.0,"potions_obtained":[],"gold_loss":0.0,"damage_taken":24.0,"cards_obtained":[]},{"damage_healed":0.0,"max_hp_gain":0.0,"max_hp_loss":0.0,"gold_gain":0.0,"event_name":"The Woman in Blue","player_choice":"Bought 3 Potions","floor":30.0,"gold_loss":0.0,"damage_taken":0.0}],"is_beta":false,"boss_relics":[{"not_picked":["Snecko Eye","Eternal Feather"],"picked":"Black Star"},{"not_picked":["White Beast Statue","Tiny House"],"picked":"Busted Crown"}],"items_purged_floors":[],"is_endless":false,"potions_floor_spawned":[1,3,5,8,11,18,24,25,29,33,36,37],"killed_by":"Sphere and 2 Shapes","ascension_level":4}