{"gold_per_floor":[116,116,130,130,73,98,98,132,213,213,238,256,276,290,290,364,364,304,304,141,66,66,66,66,66,66,66,66,66,66,66,66,66],"floor_reached":33,"playtime":1381,"items_purged":["Strike_R"],"score":620,"play_id":"c60772e3-a053-4da4-b204-e6869ebfc2bf","local_time":"20190406193857","is_ascension_mode":true,"campfire_choices":[{"data":"Bash","floor":7,"key":"SMITH"},{"data":"Rampage","floor":10,"key":"SMITH"},{"data":"Armaments","floor":15,"key":"SMITH"},{"floor":23,"key":"REST"},{"data":"Inflame","floor":25,"key":"SMITH"},{"floor":32,"key":"REST"}],"neow_cost":"NONE","seed_source_timestamp":89258390336804,"circlet_count":0,"master_deck":["AscendersBane","Strike_R","Strike_R","Defend_R","Defend_R","Defend_R","Defend_R","Bash+1","Twin Strike","Rampage+1","Anger","Armaments+1","Clothesline","Offering","Cleave","Flame Barrier","Inflame+1","Shockwave","Feel No Pain"],"relics":["Burning Blood","NeowsBlessing","Boot","Lantern","Shuriken","Dead Branch","Ectoplasm","Red Mask","Du-Vu Doll","Bronze Scales"],"potions_floor_usage":[8,19,33,33],"damage_taken":[{"damage":0,"enemies":"2 Louse","floor":1,"turns":2},{"damage":0,"enemies":"Small Slimes","floor":3,"turns":1},{"damage":0,"enemies":"Lagavulin","floor":6,"turns":1},{"damage":25,"enemies":"3 Sentries","floor":8,"turns":7},{"damage":30,"enemies":"Lagavulin","floor":11,"turns":4},{"damage":1,"enemies":"Cultist","floor":12,"turns":3},{"damage":11,"enemies":"2 Fungi Beasts","floor":13,"turns":3},{"damage":9,"enemies":"Exordium Wildlife","floor":14,"turns":2},{"damage":11,"enemies":"The Guardian","floor":16,"turns":14},{"damage":20,"enemies":"2 Thieves","floor":18,"turns":3},{"damage":19,"enemies":"Masked Bandits","floor":19,"turns":5},{"damage":17,"enemies":"3 Byrds","floor":22,"turns":4},{"damage":11,"enemies":"Slavers","floor":24,"turns":4},{"damage":26,"enemies":"Cultist and Chosen","floor":27,"turns":4},{"damage":18,"enemies":"Snake Plant","floor":28,"turns":3},{"damage":6,"enemies":"3 Cultists","floor":30,"turns":3},{"damage":77,"enemies":"Champ","floor":33,"turns":15}],"seed_played":"-78391609631238740","potions_obtained":[{"floor":6,"key":"Explosive Potion"},{"floor":8,"key":"SteroidPotion"},{"floor":13,"key":"Regen Potion"},{"floor":22,"key":"Energy Potion"}],"is_trial":false,"path_per_floor":["M","?","M","?","$","E","R","E","T","R","E","M","M","M","R","B",null,"M","?","$","?","M","R","E","R","T","M","M","?","M","?","R","B"],"character_chosen":"IRONCLAD","items_purchased":["Anger","Inflame"],"campfire_rested":2,"item_purchase_floors":[5,20],"current_hp_per_floor":[74,79,80,80,80,80,80,61,61,61,37,42,37,34,34,29,67,53,40,40,40,29,53,48,48,48,28,16,16,16,16,40,0],"gold":66,"neow_bonus":"THREE_ENEMY_KILL","is_prod":false,"is_daily":false,"chose_seed":false,"campfire_upgraded":4,"win_rate":0,"timestamp":1554593937,"path_taken":["M","?","M","?","$","E","R","E","T","R","E","M","?","M","R","BOSS","M","?","$","?","M","R","E","R","T","M","M","?","M","?","R","BOSS"],"build_version":"2019-01-23","purchased_purges":1,"victory":false,"max_hp_per_floor":[75,80,80,80,80,80,80,80,80,80,80,80,80,80,80,80,80,80,80,80,80,80,80,80,80,80,80,80,80,80,80,80,80],"card_choices":[{"not_picked":["Heavy Blade","Warcry"],"picked":"Twin Strike","floor":1},{"not_picked":["Infernal Blade","Power Through"],"picked":"Rampage","floor":3},{"not_picked":["Iron Wave","True Grit","Twin Strike"],"picked":"SKIP","floor":6},{"not_picked":["Body Slam","Pommel Strike","Dark Embrace"],"picked":"SKIP","floor":8},{"not_picked":["Anger","Perfected Strike","Infernal Blade"],"picked":"SKIP","floor":11},{"not_picked":["Perfected Strike","Havoc"],"picked":"Armaments","floor":12},{"not_picked":["Wild Strike","Sword Boomerang","Intimidate"],"picked":"SKIP","floor":13},{"not_picked":["Metallicize","Heavy Blade"],"picked":"Clothesline","floor":14},{"not_picked":["Impervious","Reaper"],"picked":"Offering","floor":16},{"not_picked":["Iron Wave","Seeing Red"],"picked":"Cleave","floor":18},{"not_picked":["Shrug It Off","Power Through"],"picked":"Flame Barrier","floor":19},{"not_picked":["Wild Strike","Body Slam"],"picked":"Shockwave","floor":22},{"not_picked":["Evolve","Combust","Twin Strike"],"picked":"SKIP","floor":24},{"not_picked":["Clothesline","Cleave"],"picked":"Feel No Pain","floor":27},{"not_picked":["Cleave","Flex+1","Clothesline"],"picked":"SKIP","floor":28},{"not_picked":["Anger","Perfected Strike","Havoc"],"picked":"SKIP","floor":30}],"player_experience":542027,"relics_obtained":[{"floor":6,"key":"Boot"},{"floor":8,"key":"Lantern"},{"floor":9,"key":"Shuriken"},{"floor":11,"key":"Dead Branch"},{"floor":19,"key":"Red Mask"},{"floor":24,"key":"Du-Vu Doll"},{"floor":26,"key":"Bronze Scales"}],"event_choices":[{"damage_healed":0,"gold_gain":0,"player_choice":"Donut","damage_taken":0,"max_hp_gain":5,"max_hp_loss":0,"event_name":"Big Fish","floor":2,"gold_loss":0},{"cards_removed":["Strike_R"],"damage_healed":0,"gold_gain":0,"player_choice":"Purged","damage_taken":0,"max_hp_gain":0,"max_hp_loss":0,"event_name":"Purifier","floor":4,"gold_loss":0},{"damage_healed":0,"gold_gain":0,"player_choice":"Fought Bandits","damage_taken":0,"max_hp_gain":0,"max_hp_loss":0,"event_name":"Masked Bandits","floor":19,"gold_loss":0},{"cards_removed":["Strike_R"],"damage_healed":0,"gold_gain":0,"player_choice":"Gave Gold","damage_taken":0,"max_hp_gain":0,"max_hp_loss":0,"event_name":"Beggar","floor":21,"gold_loss":75},{"damage_healed":0,"gold_gain":0,"player_choice":"Ignored","damage_taken":0,"max_hp_gain":0,"max_hp_loss":0,"event_name":"The Mausoleum","floor":31,"gold_loss":0}],"is_beta":false,"boss_relics":[{"not_picked":["Runic Pyramid","White Beast Statue"],"picked":"Ectoplasm"}],"items_purged_floors":[20],"is_endless":false,"potions_floor_spawned":[6,8,13,16,22,30],"killed_by":"Champ","ascension_level":20}