{"gold_per_floor":[109,109,109,128,128,160,160,236,236,246,35,35,49,79,79,155,155,175,175,46,59,70,70,102,102,102,102,436,436,436,436,436,436],"floor_reached":33,"playtime":1663,"items_purged":["Strike_B","Defend_B"],"score":597,"play_id":"3e772dc5-117c-4a66-8792-b84fb617e576","local_time":"20190326231957","is_ascension_mode":true,"campfire_choices":[{"data":"Leap","floor":7.0,"key":"SMITH"},{"data":"Zap","floor":12.0,"key":"SMITH"},{"floor":15.0,"key":"REST"},{"data":"Leap","floor":23.0,"key":"SMITH"},{"floor":25.0,"key":"REST"},{"floor":27.0,"key":"REST"},{"floor":32.0,"key":"REST"}],"neow_cost":"NONE","seed_source_timestamp":473454923182551,"circlet_count":0,"master_deck":["AscendersBane","Strike_B+1","Defend_B+1","Defend_B","Defend_B","Zap+1","Dualcast","Leap+1","Streamline+1","Ball Lightning+1","Rip and Tear+1","Machine Learning+1","Self Repair+1","Creative AI+1","Cold Snap+1","Sunder+1","Leap+1","Leap","Gash+1","Reinforced Body+1","Creative AI+1","Decay"],"special_seed":0,"relics":["Cracked Core","NeowsBlessing","Molten Egg 2","Frozen Egg 2","Ornamental Fan","Dead Branch","Lizard Tail","The Courier","Letter Opener","Old Coin"],"potions_floor_usage":[],"damage_taken":[{"damage":0.0,"enemies":"Cultist","floor":1.0,"turns":1.0},{"damage":0.0,"enemies":"Small Slimes","floor":4.0,"turns":1.0},{"damage":0.0,"enemies":"Gremlin Nob","floor":6.0,"turns":1.0},{"damage":0.0,"enemies":"2 Louse","floor":10.0,"turns":3.0},{"damage":3.0,"enemies":"Blue Slaver","floor":13.0,"turns":3.0},{"damage":10.0,"enemies":"3 Sentries","floor":14.0,"turns":6.0},{"damage":2.0,"enemies":"The Guardian","floor":16.0,"turns":9.0},{"damage":13.0,"enemies":"Shell Parasite","floor":18.0,"turns":6.0},{"damage":5.0,"enemies":"Spheric Guardian","floor":21.0,"turns":5.0},{"damage":17.0,"enemies":"Centurion and Healer","floor":22.0,"turns":10.0},{"damage":48.0,"enemies":"Slavers","floor":24.0,"turns":6.0},{"damage":86.0,"enemies":"Book of Stabbing","floor":28.0,"turns":8.0},{"damage":83,"enemies":"Collector","floor":33,"turns":7}],"seed_played":"-7419616441372129213","potions_obtained":[{"floor":1.0,"key":"Weak Potion"},{"floor":3.0,"key":"SkillPotion"},{"floor":16.0,"key":"SkillPotion"},{"floor":18.0,"key":"Fire Potion"},{"floor":24.0,"key":"FocusPotion"}],"is_trial":false,"path_per_floor":["M","?","?","M","?","E","R","T","T","M","$","R","M","E","R","B",null,"M","?","$","M","M","R","E","R","T","R","E","?","?","?","R","B"],"character_chosen":"DEFECT","items_purchased":["Ball Lightning+1","Rip and Tear+1","Leap"],"campfire_rested":4,"item_purchase_floors":[11,11,20],"current_hp_per_floor":[64,64,64,64,43,43,43,43,43,43,43,43,40,30,51,59,68,65,65,65,70,63,63,25,46,46,67,31,31,31,45,66,0],"gold":436,"neow_bonus":"THREE_ENEMY_KILL","is_prod":false,"is_daily":false,"chose_seed":false,"campfire_upgraded":3,"win_rate":0,"timestamp":1553635197,"path_taken":["M","?","?","?","?","E","R","?","T","M","$","R","M","E","R","BOSS","M","?","$","M","M","R","E","R","T","R","E","?","?","?","R","BOSS"],"build_version":"2019-01-23","purchased_purges":2,"victory":false,"max_hp_per_floor":[71,71,71,71,71,71,71,71,71,71,71,71,71,71,71,71,71,71,71,71,71,71,71,71,71,71,71,71,71,71,71,71,71],"card_choices":[{"not_picked":["Chill","Doom and Gloom"],"picked":"Leap","floor":1.0},{"not_picked":["Rebound","Sweeping Beam","Steam Power"],"picked":"SKIP","floor":4.0},{"not_picked":["Reprogram","Hologram"],"picked":"Streamline","floor":6.0},{"not_picked":["Consume","Redo","Steam"],"picked":"SKIP","floor":10.0},{"not_picked":["Compile Driver+1","Leap"],"picked":"Machine Learning+1","floor":13.0},{"not_picked":["Recycle","Doom and Gloom+1"],"picked":"Self Repair+1","floor":14.0},{"not_picked":["Reboot","All For One+1"],"picked":"Creative AI+1","floor":16.0},{"not_picked":["Beam Cell+1","Ball Lightning+1","Hologram"],"picked":"SKIP","floor":18.0},{"not_picked":["Double Energy","Heatsinks+1"],"picked":"Leap","floor":21.0},{"not_picked":["Sweeping Beam+1","Coolheaded"],"picked":"Gash+1","floor":22.0},{"not_picked":["Gash+1","Hologram"],"picked":"Reinforced Body+1","floor":24.0},{"not_picked":["Sweeping Beam+1","Stack"],"picked":"Creative AI+1","floor":28.0}],"player_experience":782298,"relics_obtained":[{"floor":6.0,"key":"Molten Egg 2"},{"floor":8.0,"key":"Frozen Egg 2"},{"floor":9.0,"key":"Ornamental Fan"},{"floor":14.0,"key":"Dead Branch"},{"floor":24.0,"key":"The Courier"},{"floor":26.0,"key":"Letter Opener"},{"floor":28.0,"key":"Old Coin"}],"event_choices":[{"damage_healed":0.0,"max_hp_gain":0.0,"max_hp_loss":0.0,"gold_gain":0.0,"event_name":"Liars Game","player_choice":"Ignored","floor":2.0,"gold_loss":0.0,"damage_taken":0.0},{"damage_healed":0.0,"max_hp_gain":0.0,"max_hp_loss":0.0,"gold_gain":0.0,"event_name":"Lab","player_choice":"Got Potions","floor":3.0,"gold_loss":0.0,"damage_taken":0.0},{"damage_healed":0.0,"max_hp_gain":0.0,"max_hp_loss":0.0,"gold_gain":0.0,"event_name":"Shining Light","player_choice":"Entered Light","floor":5.0,"gold_loss":0.0,"damage_taken":21.0,"cards_upgraded":["Strike_B","Defend_B"]},{"damage_healed":0.0,"max_hp_gain":0.0,"max_hp_loss":0.0,"gold_gain":0.0,"cards_transformed":["Strike_B","Strike_B"],"event_name":"Drug Dealer","player_choice":"Became Test Subject","floor":19.0,"gold_loss":0.0,"damage_taken":0.0,"cards_obtained":["Cold Snap","Sunder"]},{"damage_healed":0.0,"max_hp_gain":0.0,"max_hp_loss":0.0,"gold_gain":0.0,"event_name":"Cursed Tome","player_choice":"Ignored","floor":29.0,"gold_loss":0.0,"damage_taken":0.0},{"damage_healed":0.0,"max_hp_gain":0.0,"max_hp_loss":0.0,"gold_gain":0.0,"event_name":"Forgotten Altar","player_choice":"Smashed Altar","floor":30.0,"gold_loss":0.0,"damage_taken":0.0,"cards_obtained":["Decay"]},{"damage_healed":14.0,"max_hp_gain":0.0,"max_hp_loss":0.0,"gold_gain":0.0,"event_name":"The Library","player_choice":"Heal","floor":31.0,"gold_loss":0.0,"damage_taken":0.0}],"is_beta":false,"boss_relics":[{"not_picked":["Eternal Feather","Pandora\u0027s Box"],"picked":"Lizard Tail"}],"items_purged_floors":[11,20],"is_endless":false,"potions_floor_spawned":[1,16,18,24],"killed_by":"Collector","ascension_level":18}