{"gold_per_floor":[112,39,53,18,18,18,45,57,57,57,67,97,110,123,123,195,195,210,309,234,6,6,40,40,41,41,59,72,90,90,90,90,161,161,179,123,141,61,81,81,114,131,181,201,216,216,230,244,244,244],"floor_reached":50,"playtime":3381,"items_purged":["Strike_G","Strike_G"],"score":864,"play_id":"9109f399-dd5c-4bd2-b685-b76765a8a50c","local_time":"20190315174226","is_ascension_mode":true,"campfire_choices":[{"data":"Dagger Spray","floor":6,"key":"SMITH"},{"data":"Neutralize","floor":10,"key":"SMITH"},{"data":"Footwork","floor":15,"key":"SMITH"},{"data":"Deadly Poison","floor":24,"key":"SMITH"},{"data":"Well Laid Plans","floor":30,"key":"SMITH"},{"floor":32,"key":"REST"},{"floor":40,"key":"REST"},{"floor":46,"key":"REST"},{"floor":49,"key":"REST"}],"neow_cost":"NONE","seed_source_timestamp":205916499966435,"circlet_count":0,"master_deck":["AscendersBane","Defend_G","Defend_G","Defend_G","Defend_G","Defend_G","Strike_G","Survivor","Neutralize+1","Well Laid Plans+1","Dagger Spray+1","Cloak And Dagger","Footwork+1","Quick Slash","PiercingWail","Dash","Acrobatics","Malaise","Deadly Poison+1","PiercingWail","Decay","Poisoned Stab+1","Backstab+1","Dodge and Roll","Backflip","Corpse Explosion","Deflect","Noxious Fumes","Crippling Poison","Deadly Poison","Acrobatics+1","Escape Plan"],"relics":["Ring of the Snake","Incense Burner","Peace Pipe","Gremlin Horn","Runic Dome","Letter Opener","The Courier","Philosopher\u0027s Stone","Shuriken","Snake Skull"],"potions_floor_usage":[7,33,33,33,50],"damage_taken":[{"damage":1,"enemies":"2 Louse","floor":1,"turns":3},{"damage":0,"enemies":"Jaw Worm","floor":3,"turns":7},{"damage":34,"enemies":"Gremlin Nob","floor":7,"turns":5},{"damage":1,"enemies":"Cultist","floor":8,"turns":5},{"damage":2,"enemies":"2 Fungi Beasts","floor":11,"turns":5},{"damage":7,"enemies":"3 Sentries","floor":12,"turns":9},{"damage":0,"enemies":"Blue Slaver","floor":13,"turns":4},{"damage":0,"enemies":"Looter","floor":14,"turns":5},{"damage":8,"enemies":"The Guardian","floor":16,"turns":21},{"damage":4,"enemies":"Spheric Guardian","floor":18,"turns":10},{"damage":19,"enemies":"Book of Stabbing","floor":23,"turns":10},{"damage":9,"enemies":"2 Thieves","floor":25,"turns":4},{"damage":4,"enemies":"Shelled Parasite and Fungi","floor":27,"turns":8},{"damage":0,"enemies":"Chosen and Byrds","floor":28,"turns":7},{"damage":0,"enemies":"Snake Plant","floor":29,"turns":6},{"damage":23,"enemies":"Champ","floor":33,"turns":21},{"damage":3,"enemies":"3 Darklings","floor":35,"turns":4},{"damage":15,"enemies":"3 Shapes","floor":37,"turns":3},{"damage":8,"enemies":"Sphere and 2 Shapes","floor":39,"turns":5},{"damage":29,"enemies":"Reptomancer","floor":41,"turns":9},{"damage":7,"enemies":"4 Shapes","floor":42,"turns":2},{"damage":0,"enemies":"Transient","floor":44,"turns":5},{"damage":0,"enemies":"3 Darklings","floor":45,"turns":2},{"damage":7,"enemies":"4 Shapes","floor":47,"turns":5},{"damage":14,"enemies":"Spire Growth","floor":48,"turns":7},{"damage":29,"enemies":"Donu and Deca","floor":50,"turns":6}],"seed_played":"-8657133357499080312","potions_obtained":[{"floor":0,"key":"LiquidBronze"},{"floor":0,"key":"SkillPotion"},{"floor":1,"key":"SkillPotion"},{"floor":7,"key":"Ancient Potion"},{"floor":29,"key":"PowerPotion"},{"floor":33,"key":"Weak Potion"}],"is_trial":false,"path_per_floor":["M","$","M","?","?","R","E","M","T","R","M","E","M","M","R","B",null,"M","?","?","$","?","E","R","M","T","M","M","M","R","?","R","B",null,"M","$","M","$","M","R","E","M","T","M","M","R","M","M","R","B"],"character_chosen":"THE_SILENT","items_purchased":["Well Laid Plans","PiercingWail","EntropicBrew","Noxious Fumes"],"campfire_rested":4,"item_purchase_floors":[2,21,21,36],"current_hp_per_floor":[58,58,58,66,66,66,32,31,31,31,29,22,22,22,22,14,53,49,49,49,49,49,30,30,21,21,17,17,17,17,17,36,13,53,50,50,35,35,27,46,17,10,10,10,10,29,22,8,27,0],"gold":244,"neow_bonus":"THREE_SMALL_POTIONS","is_prod":false,"is_daily":false,"chose_seed":false,"campfire_upgraded":5,"win_rate":0,"timestamp":1552686146,"path_taken":["M","$","M","?","?","R","E","M","T","R","M","E","M","?","R","BOSS","M","?","?","$","?","E","R","M","T","M","M","M","R","?","R","BOSS","M","$","M","$","M","R","E","M","T","M","M","R","M","M","R","BOSS"],"build_version":"2019-01-23","purchased_purges":2,"victory":false,"max_hp_per_floor":[66,66,66,66,66,66,66,66,66,66,66,66,66,66,66,66,66,66,66,66,66,66,66,66,66,66,66,66,66,66,66,66,66,66,66,66,66,66,66,66,66,66,66,66,66,66,66,66,66,66],"card_choices":[{"not_picked":["Choke","Accuracy","Deflect"],"picked":"SKIP","floor":1},{"not_picked":["Poisoned Stab","Setup"],"picked":"Dagger Spray","floor":3},{"not_picked":["Burst","Caltrops"],"picked":"Footwork","floor":7},{"not_picked":["Slice","Dagger Spray"],"picked":"Quick Slash","floor":8},{"not_picked":["Choke","Caltrops"],"picked":"PiercingWail","floor":11},{"not_picked":["Reflex","Adrenaline"],"picked":"Dash","floor":12},{"not_picked":["Poisoned Stab","Quick Slash","Outmaneuver"],"picked":"SKIP","floor":13},{"not_picked":["Underhanded Strike","Infinite Blades"],"picked":"Acrobatics","floor":14},{"not_picked":["Bullet Time","Corpse Explosion"],"picked":"Malaise","floor":16},{"not_picked":["Calculated Gamble","Bane+1"],"picked":"Deadly Poison","floor":18},{"not_picked":["Choke","Terror"],"picked":"Poisoned Stab+1","floor":23},{"not_picked":["Choke+1","Concentrate","Acrobatics+1"],"picked":"SKIP","floor":25},{"not_picked":["Outmaneuver","Cloak And Dagger"],"picked":"Backstab+1","floor":27},{"not_picked":["Cloak And Dagger","PiercingWail"],"picked":"Dodge and Roll","floor":28},{"not_picked":["Blade Dance","Expertise"],"picked":"Backflip","floor":29},{"not_picked":["Doppelganger","Tools of the Trade"],"picked":"Corpse Explosion","floor":33},{"not_picked":["Bouncing Flask","Poisoned Stab"],"picked":"Deflect","floor":35},{"not_picked":["Deadly Poison","Quick Slash"],"picked":"Crippling Poison","floor":37},{"not_picked":["Heel Hook","PiercingWail"],"picked":"Deadly Poison","floor":39},{"not_picked":["Underhanded Strike","Bouncing Flask","Tools of the Trade"],"picked":"SKIP","floor":41},{"not_picked":["Concentrate","Heel Hook"],"picked":"Acrobatics+1","floor":42},{"not_picked":["Caltrops","Dagger Throw+1","Underhanded Strike"],"picked":"SKIP","floor":44},{"not_picked":["Dodge and Roll","Quick Slash"],"picked":"Escape Plan","floor":45},{"not_picked":["Riddle With Holes+1","Quick Slash","Flying Knee+1"],"picked":"SKIP","floor":47},{"not_picked":["Quick Slash","Masterful Stab","Acrobatics"],"picked":"SKIP","floor":48}],"player_experience":497240,"relics_obtained":[{"floor":7,"key":"Incense Burner"},{"floor":9,"key":"Peace Pipe"},{"floor":12,"key":"Gremlin Horn"},{"floor":23,"key":"Letter Opener"},{"floor":26,"key":"The Courier"},{"floor":41,"key":"Shuriken"},{"floor":43,"key":"Snake Skull"}],"event_choices":[{"damage_healed":16,"gold_gain":0,"player_choice":"Healed","damage_taken":0,"max_hp_gain":0,"max_hp_loss":0,"event_name":"The Cleric","floor":4,"gold_loss":35},{"damage_healed":0,"gold_gain":0,"cards_transformed":["Strike_G"],"player_choice":"Transformed","damage_taken":0,"max_hp_gain":0,"max_hp_loss":0,"event_name":"Transmorgrifier","floor":5,"gold_loss":0,"cards_obtained":["Cloak And Dagger"]},{"damage_healed":0,"gold_gain":99,"player_choice":"Stole From Cult","damage_taken":0,"max_hp_gain":0,"max_hp_loss":0,"event_name":"Nest","floor":19,"gold_loss":0},{"cards_removed":["Strike_G"],"damage_healed":0,"gold_gain":0,"player_choice":"Gave Gold","damage_taken":0,"max_hp_gain":0,"max_hp_loss":0,"event_name":"Beggar","floor":20,"gold_loss":75},{"damage_healed":0,"gold_gain":0,"player_choice":"Smashed Altar","damage_taken":0,"max_hp_gain":0,"max_hp_loss":0,"event_name":"Forgotten Altar","floor":22,"gold_loss":0,"cards_obtained":["Decay"]},{"damage_healed":0,"gold_gain":0,"player_choice":"Ignored","damage_taken":0,"max_hp_gain":0,"max_hp_loss":0,"event_name":"Cursed Tome","floor":31,"gold_loss":0}],"is_beta":false,"boss_relics":[{"not_picked":["Calling Bell","WristBlade"],"picked":"Runic Dome"},{"not_picked":["Astrolabe","White Beast Statue"],"picked":"Philosopher\u0027s Stone"}],"items_purged_floors":[21,38],"is_endless":false,"potions_floor_spawned":[1,7,18,29,33,41,44,47],"killed_by":"Donu and Deca","ascension_level":14}