{"gold_per_floor":[364,289,307,307,207,207,227,227,281,281,295,306,306,55,55,157,157,172,109,109,128,145,145,155,155,181,196,206,225,245,170,170,267,267,284,295,107,107],"floor_reached":38,"playtime":1152,"items_purged":["Defend_R","Defend_R","Defend_R","Defend_R","Havoc+1"],"score":370,"play_id":"7df64ecf-5b44-4626-a79d-7549bbb275af","local_time":"20181210103115","is_ascension_mode":false,"campfire_choices":[{"data":"Bash","floor":6,"key":"SMITH"},{"data":"Strike_R","floor":10,"key":"SMITH"},{"data":"Shrug It Off","floor":15,"key":"SMITH"},{"data":"Anger","floor":23,"key":"SMITH"},{"floor":25,"key":"REST"},{"floor":32,"key":"REST"}],"neow_cost":"PERCENT_DAMAGE","seed_source_timestamp":263861032639669,"circlet_count":0,"master_deck":["Strike_R+1","Bash+1","Shrug It Off+1","Anger+1","Limit Break+1","Anger+1","Dropkick+1","Clash+1"],"relics":["Burning Blood","Happy Flower","Membership Card","Astrolabe","Boot","Runic Dome","TheAbacus"],"potions_floor_usage":[16,16,29,33,33],"damage_taken":[{"damage":1,"enemies":"Cultist","floor":1,"turns":3},{"damage":0,"enemies":"2 Louse","floor":3,"turns":3},{"damage":6,"enemies":"Jaw Worm","floor":7,"turns":3},{"damage":37,"enemies":"Exordium Wildlife","floor":11,"turns":4},{"damage":10,"enemies":"3 Louse","floor":12,"turns":4},{"damage":15,"enemies":"Hexaghost","floor":16,"turns":8},{"damage":15,"enemies":"2 Thieves","floor":18,"turns":3},{"damage":14,"enemies":"Spheric Guardian","floor":21,"turns":4},{"damage":10,"enemies":"Snake Plant","floor":22,"turns":3},{"damage":27,"enemies":"Snecko","floor":24,"turns":5},{"damage":16,"enemies":"Centurion and Healer","floor":27,"turns":5},{"damage":10,"enemies":"Chosen and Byrds","floor":28,"turns":4},{"damage":5,"enemies":"Shelled Parasite and Fungi","floor":29,"turns":3},{"damage":5,"enemies":"Cultist and Chosen","floor":30,"turns":5},{"damage":23,"enemies":"Automaton","floor":33,"turns":5},{"damage":64,"enemies":"3 Darklings","floor":35,"turns":7},{"damage":0,"enemies":"Orb Walker","floor":36,"turns":2},{"damage":30,"enemies":"3 Darklings","floor":38,"turns":2}],"seed_played":"4482894993975097286","potions_obtained":[{"floor":1,"key":"PowerPotion"},{"floor":7,"key":"SteroidPotion"},{"floor":12,"key":"BloodPotion"},{"floor":27,"key":"Strength Potion"},{"floor":28,"key":"LiquidBronze"},{"floor":30,"key":"Strength Potion"},{"floor":33,"key":"Energy Potion"},{"floor":36,"key":"SpeedPotion"}],"is_trial":false,"path_per_floor":["M","$","M","?","$","R","M","?","T","R","M","M","?","$","R","B",null,"M","$","?","M","M","R","M","R","T","M","M","M","M","$","R","B",null,"M","M","$","M"],"character_chosen":"IRONCLAD","items_purchased":["Shrug It Off","Membership Card","TheAbacus"],"campfire_rested":2,"item_purchase_floors":[14,14,37],"current_hp_per_floor":[61,61,67,67,67,67,67,59,59,59,28,24,24,24,24,23,80,71,71,71,63,59,59,38,62,62,52,48,49,50,50,74,57,80,22,28,28,0],"gold":107,"neow_bonus":"TWO_FIFTY_GOLD","is_prod":false,"is_daily":false,"chose_seed":false,"campfire_upgraded":4,"win_rate":0,"timestamp":1544455875,"path_taken":["M","$","M","?","$","R","M","?","T","R","?","M","?","?","R","BOSS","M","$","?","M","M","R","M","R","T","?","M","M","M","$","R","BOSS","M","M","$","M"],"build_version":"2018-12-06","purchased_purges":5,"victory":false,"max_hp_per_floor":[80,80,80,80,80,80,80,80,80,80,80,80,80,80,80,80,80,80,80,80,80,80,80,80,80,80,80,80,80,80,80,80,80,80,80,80,80,80],"card_choices":[{"not_picked":["Hemokinesis","Clothesline","Spot Weakness"],"picked":"SKIP","floor":1},{"not_picked":["Flex","Wild Strike","Flame Barrier"],"picked":"SKIP","floor":3},{"not_picked":["Wild Strike","Clothesline","Armaments"],"picked":"SKIP","floor":7},{"not_picked":["Uppercut","Headbutt","True Grit"],"picked":"SKIP","floor":11},{"not_picked":["Perfected Strike","Pommel Strike","Infernal Blade"],"picked":"SKIP","floor":12},{"not_picked":["Thunderclap+1","Twin Strike","Headbutt+1"],"picked":"SKIP","floor":18},{"not_picked":["Pummel+1","Searing Blow","Sword Boomerang+1"],"picked":"SKIP","floor":21},{"not_picked":["Body Slam+1","Rage+1"],"picked":"Dropkick+1","floor":22},{"not_picked":["Perfected Strike","Pommel Strike","Iron Wave"],"picked":"SKIP","floor":24},{"not_picked":["Battle Trance","Reckless Charge","Perfected Strike"],"picked":"SKIP","floor":27},{"not_picked":["Sentinel","Wild Strike","Feel No Pain"],"picked":"SKIP","floor":28},{"not_picked":["Wild Strike","Fire Breathing+1","Havoc"],"picked":"SKIP","floor":29},{"not_picked":["Clothesline","Hemokinesis+1","Blood for Blood"],"picked":"SKIP","floor":30},{"not_picked":["Bloodletting+1","Perfected Strike+1","Body Slam+1"],"picked":"SKIP","floor":35},{"not_picked":["True Grit+1","Whirlwind+1"],"picked":"Clash+1","floor":36}],"player_experience":306884,"relics_obtained":[{"floor":9,"key":"Happy Flower"},{"floor":26,"key":"Boot"}],"event_choices":[{"damage_healed":0,"gold_gain":0,"player_choice":"Ignored","damage_taken":0,"max_hp_gain":0,"max_hp_loss":0,"event_name":"Shining Light","floor":4,"gold_loss":0},{"damage_healed":0,"gold_gain":0,"player_choice":"Damaged","damage_taken":8,"max_hp_gain":0,"max_hp_loss":0,"event_name":"Wheel of Change","floor":8,"gold_loss":0},{"damage_healed":0,"gold_gain":0,"player_choice":"Searched \u00271\u0027 times","damage_taken":0,"max_hp_gain":0,"max_hp_loss":0,"event_name":"Dead Adventurer","floor":13,"gold_loss":0},{"damage_healed":0,"gold_gain":0,"cards_transformed":["Strike_R"],"player_choice":"Transformed","damage_taken":0,"max_hp_gain":0,"max_hp_loss":0,"event_name":"Transmorgrifier","floor":20,"gold_loss":0,"cards_obtained":["Anger"]}],"is_beta":false,"boss_relics":[{"not_picked":["Calling Bell","Mark of Pain"],"picked":"Astrolabe"},{"not_picked":["Runic Pyramid","Pandora\u0027s Box"],"picked":"Runic Dome"}],"items_purged_floors":[2,5,19,31,37],"is_endless":false,"potions_floor_spawned":[1,7,12,27,28,30,33,36],"killed_by":"3 Darklings","ascension_level":0}