{"gold_per_floor":[114,5,20,20,39,39,72,72,72,99,99,99,114,143,143,245,245,262,279,172,201,48,48,59,59,136,146,157,169,84,119,119,220,220,239,1238,885,1107,671,671,702,702,702,731,745,775,790,803,803,803],"floor_reached":51,"playtime":2969,"items_purged":["Strike_B","Normality","Normality"],"score":1038,"play_id":"ddb2b32d-078c-48e3-9ccc-0fc459b9eea1","local_time":"20190307120253","is_ascension_mode":true,"campfire_choices":[{"data":"Defragment","floor":6,"key":"SMITH"},{"floor":8,"key":"REST"},{"data":"Echo Form","floor":11,"key":"SMITH"},{"data":"Conserve Battery","floor":15,"key":"SMITH"},{"data":"Coolheaded","floor":23,"key":"SMITH"},{"data":"Skim","floor":32,"key":"SMITH"},{"data":"Double Energy","floor":40,"key":"SMITH"},{"data":"Glacier","floor":42,"key":"SMITH"},{"data":"BootSequence","floor":49,"key":"SMITH"}],"neow_cost":"PERCENT_DAMAGE","seed_source_timestamp":420828836739169,"circlet_count":0,"master_deck":["Strike_B","Strike_B","Strike_B","Defend_B","Defend_B","Defend_B","Defend_B","Zap","Dualcast","Echo Form+1","Cold Snap","Defragment+1","Conserve Battery+1","Double Energy+1","Doom and Gloom","BootSequence+1","Parasite","Streamline","Electrodynamics+1","Biased Cognition+1","Cold Snap","Glacier+1","Defragment+1","Coolheaded+1","Skim+1","Hologram+1","Buffer+1","Buffer+1","Hologram+1","Conserve Battery+1","Sweeping Beam+1","Compile Driver+1","Hologram+1","Reinforced Body+1"],"relics":["Cracked Core","Frozen Egg 2","Bottled Flame","Dream Catcher","Bronze Scales","Coffee Dripper","Red Mask","Orichalcum","Tiny Chest","Symbiotic Virus","Pantograph","Black Star","Bottled Lightning","Toxic Egg 2","Bottled Tornado","Bag of Preparation","Meat on the Bone","Letter Opener","Oddly Smooth Stone","The Courier","Kunai"],"potions_floor_usage":[1,50,50,50],"damage_taken":[{"damage":1,"enemies":"Cultist","floor":1,"turns":4},{"damage":7,"enemies":"Jaw Worm","floor":3,"turns":3},{"damage":4,"enemies":"Small Slimes","floor":5,"turns":3},{"damage":18,"enemies":"3 Sentries","floor":7,"turns":12},{"damage":11,"enemies":"Lagavulin","floor":10,"turns":6},{"damage":0,"enemies":"Exordium Wildlife","floor":13,"turns":4},{"damage":25,"enemies":"Gremlin Nob","floor":14,"turns":5},{"damage":33,"enemies":"The Guardian","floor":16,"turns":9},{"damage":2,"enemies":"3 Byrds","floor":18,"turns":3},{"damage":10,"enemies":"Shell Parasite","floor":19,"turns":3},{"damage":0,"enemies":"Masked Bandits","floor":21,"turns":1},{"damage":8,"enemies":"Centurion and Healer","floor":24,"turns":6},{"damage":0,"enemies":"Snecko","floor":27,"turns":3},{"damage":2,"enemies":"Snake Plant","floor":28,"turns":5},{"damage":1,"enemies":"Centurion and Healer","floor":29,"turns":9},{"damage":5,"enemies":"Slavers","floor":31,"turns":4},{"damage":0,"enemies":"Champ","floor":33,"turns":16},{"damage":0,"enemies":"Orb Walker","floor":35,"turns":4},{"damage":7,"enemies":"Reptomancer","floor":41,"turns":13},{"damage":3,"enemies":"Giant Head","floor":44,"turns":12},{"damage":37,"enemies":"3 Darklings","floor":45,"turns":5},{"damage":0,"enemies":"Reptomancer","floor":46,"turns":6},{"damage":4,"enemies":"Writhing Mass","floor":47,"turns":6},{"damage":0,"enemies":"Maw","floor":48,"turns":7},{"damage":21,"enemies":"Donu and Deca","floor":50,"turns":10}],"seed_played":"6353096240743443874","potions_obtained":[{"floor":1,"key":"Fruit Juice"},{"floor":7,"key":"EssenceOfSteel"},{"floor":13,"key":"Strength Potion"},{"floor":19,"key":"Regen Potion"},{"floor":25,"key":"Fire Potion"},{"floor":25,"key":"SmokeBomb"},{"floor":45,"key":"EntropicBrew"}],"is_trial":false,"path_per_floor":["M","$","M","$","M","R","E","R","T","E","R","?","M","E","R","B",null,"M","M","$","?","$","R","M","?","T","M","M","M","?","E","R","B",null,"M","?","$","?","$","R","E","R","T","E","M","E","M","M","R","B",null],"character_chosen":"DEFECT","items_purchased":["Defragment","Defragment+1","Coolheaded","Orichalcum","Bottled Lightning","Toxic Egg 2","Hologram+1","Conserve Battery+1"],"campfire_rested":1,"item_purchase_floors":[2,20,20,22,37,39,39,39],"current_hp_per_floor":[58,58,51,51,47,47,29,53,53,42,42,62,62,37,37,4,80,78,68,68,68,68,68,60,60,60,60,58,57,57,52,52,77,80,80,80,80,80,80,80,73,73,73,70,45,45,41,41,41,80],"gold":803,"neow_bonus":"THREE_RARE_CARDS","is_prod":false,"is_daily":false,"chose_seed":false,"campfire_upgraded":8,"win_rate":0,"timestamp":1551978173,"path_taken":["M","$","M","?","M","R","E","R","T","E","R","?","M","E","R","BOSS","M","M","$","?","$","R","M","?","T","M","M","?","?","E","R","BOSS","M","?","$","?","?","R","E","R","T","E","M","E","M","?","R","BOSS"],"build_version":"2019-01-23","purchased_purges":3,"victory":true,"max_hp_per_floor":[80,80,80,80,80,80,80,80,80,80,80,80,80,80,80,80,80,80,80,80,80,80,80,80,80,80,80,80,80,80,80,80,80,80,80,80,80,80,80,80,80,80,80,80,80,80,80,80,80,80],"card_choices":[{"not_picked":["Rainbow","Thunder Strike"],"picked":"Echo Form","floor":0},{"not_picked":["Coolheaded","Rebound"],"picked":"Cold Snap","floor":1},{"not_picked":["Compile Driver","Redo"],"picked":"Conserve Battery","floor":3},{"not_picked":["Go for the Eyes","Loop"],"picked":"Double Energy","floor":5},{"not_picked":["Lockon","BootSequence"],"picked":"Doom and Gloom","floor":7},{"not_picked":["Turbo","Lockon"],"picked":"BootSequence","floor":10},{"not_picked":["Hyperbeam","Gash"],"picked":"Streamline","floor":13},{"not_picked":["Redo","Cold Snap"],"picked":"Electrodynamics+1","floor":14},{"not_picked":["Amplify","Rainbow"],"picked":"Biased Cognition+1","floor":16},{"not_picked":["Steam","Streamline+1"],"picked":"Cold Snap","floor":18},{"not_picked":["Ball Lightning","Steam+1"],"picked":"Glacier","floor":19},{"not_picked":["Hologram","Leap"],"picked":"Skim","floor":21},{"not_picked":["Redo","Electrodynamics+1"],"picked":"Hologram+1","floor":24},{"not_picked":["Force Field","Stack","Redo"],"picked":"SKIP","floor":27},{"not_picked":["Ball Lightning","Stack","Melter"],"picked":"SKIP","floor":28},{"not_picked":["Doom and Gloom+1","Cold Snap+1","Force Field"],"picked":"SKIP","floor":29},{"not_picked":["Sweeping Beam","Amplify"],"picked":"Buffer+1","floor":31},{"not_picked":["Meteor Strike","Rainbow"],"picked":"Buffer+1","floor":33},{"not_picked":["Glacier","Conserve Battery","BootSequence+1"],"picked":"SKIP","floor":35},{"not_picked":["Rip and Tear+1","Rebound","Conserve Battery+1"],"picked":"SKIP","floor":41},{"not_picked":["Stack+1","Barrage"],"picked":"Sweeping Beam+1","floor":44},{"not_picked":["Melter+1","Darkness+1"],"picked":"Compile Driver+1","floor":45},{"not_picked":["Gash","Meteor Strike"],"picked":"Hologram+1","floor":46},{"not_picked":["Beam Cell+1","Auto Shields+1","Ball Lightning"],"picked":"SKIP","floor":47},{"not_picked":["Chill+1","Rebound+1"],"picked":"Reinforced Body+1","floor":48}],"player_experience":464099,"relics_obtained":[{"floor":7,"key":"Frozen Egg 2"},{"floor":9,"key":"Bottled Flame"},{"floor":10,"key":"Dream Catcher"},{"floor":14,"key":"Bronze Scales"},{"floor":21,"key":"Red Mask"},{"floor":26,"key":"Tiny Chest"},{"floor":31,"key":"Pantograph"},{"floor":41,"key":"Bottled Tornado"},{"floor":41,"key":"Bag of Preparation"},{"floor":43,"key":"Meat on the Bone"},{"floor":44,"key":"Letter Opener"},{"floor":44,"key":"Oddly Smooth Stone"},{"floor":46,"key":"The Courier"},{"floor":46,"key":"Kunai"}],"event_choices":[{"damage_healed":20,"gold_gain":0,"player_choice":"Healed and dodged fight","damage_taken":0,"max_hp_gain":0,"max_hp_loss":0,"event_name":"Mushrooms","floor":12,"gold_loss":0,"cards_obtained":["Parasite"]},{"damage_healed":0,"gold_gain":0,"player_choice":"Fought Bandits","damage_taken":0,"max_hp_gain":0,"max_hp_loss":0,"event_name":"Masked Bandits","floor":21,"gold_loss":0},{"damage_healed":0,"gold_gain":0,"player_choice":"Got Potions","damage_taken":0,"max_hp_gain":0,"max_hp_loss":0,"event_name":"Lab","floor":25,"gold_loss":0},{"damage_healed":0,"gold_gain":0,"player_choice":"Obtained Relic","damage_taken":0,"relics_obtained":["Symbiotic Virus"],"max_hp_gain":0,"max_hp_loss":0,"event_name":"Addict","floor":30,"gold_loss":85},{"damage_healed":0,"gold_gain":999,"player_choice":"Gold","damage_taken":0,"max_hp_gain":0,"max_hp_loss":0,"event_name":"MindBloom","floor":36,"gold_loss":0,"cards_obtained":["Normality","Normality"]},{"damage_healed":0,"gold_gain":222,"player_choice":"Wore Mask","damage_taken":0,"max_hp_gain":0,"max_hp_loss":0,"event_name":"Tomb of Lord Red Mask","floor":38,"gold_loss":0}],"is_beta":false,"boss_relics":[{"not_picked":["Empty Cage","Runic Dome"],"picked":"Coffee Dripper"},{"not_picked":["Astrolabe","Tiny House"],"picked":"Black Star"}],"items_purged_floors":[2,37,39],"is_endless":false,"potions_floor_spawned":[1,7,13,19,21,27,28,41,44,45],"ascension_level":4}