{"gold_per_floor":[215,76,76,76,76,109,109,136,187,200,200,210,210,243,243,315,315,330,330,179,199,124,124,150,150,150,200,200],"floor_reached":28,"playtime":1193,"items_purged":["Decay"],"score":438,"play_id":"f4b3116e-7af7-46e8-828f-ea6afaa72f3f","local_time":"20190329144326","is_ascension_mode":true,"campfire_choices":[{"floor":7,"key":"REST"},{"floor":11,"key":"REST"},{"floor":13,"key":"REST"},{"data":"Glass Knife","floor":15,"key":"SMITH"},{"data":"Footwork","floor":23,"key":"SMITH"},{"floor":25,"key":"REST"}],"neow_cost":"NONE","seed_source_timestamp":262900360633616,"circlet_count":0,"master_deck":["AscendersBane","Defend_G","Defend_G","Defend_G","Defend_G","Defend_G","Strike_G","Strike_G","Strike_G+1","Strike_G+1","Survivor","Neutralize","Backflip","Well Laid Plans","Dagger Throw","Glass Knife+1","Dagger Throw","Footwork+1","Finisher","Night Terror","PiercingWail","Blade Dance","Well Laid Plans","Backflip","Blade Dance","Clumsy"],"relics":["Ring of the Snake","Smiling Mask","Girya","Sundial","Regal Pillow","Whetstone","Cursed Key","FossilizedHelix","Oddly Smooth Stone"],"potions_floor_usage":[8,24,24],"damage_taken":[{"damage":2,"enemies":"Small Slimes","floor":1,"turns":4},{"damage":29,"enemies":"3 Sentries","floor":6,"turns":15},{"damage":33,"enemies":"Lagavulin","floor":8,"turns":9},{"damage":0,"enemies":"2 Louse","floor":10,"turns":2},{"damage":8,"enemies":"Jaw Worm","floor":12,"turns":4},{"damage":45,"enemies":"Gremlin Nob","floor":14,"turns":5},{"damage":15,"enemies":"Hexaghost","floor":16,"turns":12},{"damage":5,"enemies":"Shell Parasite","floor":18,"turns":5},{"damage":6,"enemies":"3 Byrds","floor":21,"turns":6},{"damage":37,"enemies":"Slavers","floor":24,"turns":7},{"damage":40,"enemies":"Snake Plant","floor":28,"turns":5}],"seed_played":"-6232025145847224627","potions_obtained":[{"floor":8,"key":"GamblersBrew"},{"floor":10,"key":"Block Potion"}],"is_trial":false,"path_per_floor":["M","$","?","?","?","E","R","E","T","M","R","M","R","E","R","B",null,"M","?","$","M","?","R","E","R","T","?","M"],"character_chosen":"THE_SILENT","items_purchased":["Well Laid Plans","Dagger Throw","Strength Potion","Blade Dance","Well Laid Plans"],"campfire_rested":4,"item_purchase_floors":[2,2,2,20,20],"current_hp_per_floor":[57,57,46,46,46,17,36,3,3,3,37,29,63,18,18,3,50,45,45,45,39,39,39,2,36,36,36,0],"gold":200,"neow_bonus":"HUNDRED_GOLD","is_prod":false,"is_daily":false,"chose_seed":false,"campfire_upgraded":2,"win_rate":0,"timestamp":1553885006,"path_taken":["M","$","?","?","?","E","R","E","T","?","R","M","R","E","R","BOSS","M","?","$","M","?","R","E","R","T","?","?"],"build_version":"2019-01-23","purchased_purges":1,"victory":false,"max_hp_per_floor":[66,66,66,66,66,66,66,66,66,66,66,66,66,66,66,66,66,66,66,66,66,66,66,66,66,66,66,66],"card_choices":[{"not_picked":["Acrobatics","Calculated Gamble"],"picked":"Backflip","floor":1},{"not_picked":["Bane","Choke","Expertise"],"picked":"SKIP","floor":6},{"not_picked":["Prepared","Quick Slash"],"picked":"Glass Knife","floor":8},{"not_picked":["Sucker Punch","Outmaneuver"],"picked":"Dagger Throw","floor":10},{"not_picked":["Doppelganger","Terror"],"picked":"Footwork","floor":12},{"not_picked":["Poisoned Stab","Distraction"],"picked":"Finisher","floor":14},{"not_picked":["Phantasmal Killer","Burst"],"picked":"Night Terror","floor":16},{"not_picked":["Underhanded Strike","Quick Slash"],"picked":"PiercingWail","floor":18},{"not_picked":["Poisoned Stab+1","Dagger Throw"],"picked":"Backflip","floor":21},{"not_picked":["PiercingWail","Expertise"],"picked":"Blade Dance","floor":24}],"player_experience":526512,"relics_obtained":[{"floor":6,"key":"Girya"},{"floor":8,"key":"Sundial"},{"floor":9,"key":"Regal Pillow"},{"floor":14,"key":"Whetstone"},{"floor":24,"key":"FossilizedHelix"},{"floor":26,"key":"Oddly Smooth Stone"}],"event_choices":[{"damage_healed":0,"gold_gain":0,"player_choice":"Success","damage_taken":11,"relics_obtained":["Smiling Mask"],"max_hp_gain":0,"max_hp_loss":0,"event_name":"Scrap Ooze","floor":3,"gold_loss":0},{"damage_healed":0,"gold_gain":0,"player_choice":"Ignored","damage_taken":0,"max_hp_gain":0,"max_hp_loss":0,"event_name":"Liars Game","floor":4,"gold_loss":0},{"damage_healed":0,"gold_gain":0,"player_choice":"Ignored","damage_taken":0,"max_hp_gain":0,"max_hp_loss":0,"event_name":"Golden Wing","floor":5,"gold_loss":0},{"damage_healed":0,"gold_gain":0,"player_choice":"Smashed Altar","damage_taken":0,"max_hp_gain":0,"max_hp_loss":0,"event_name":"Forgotten Altar","floor":19,"gold_loss":0,"cards_obtained":["Decay"]},{"cards_removed":["Strike_G"],"damage_healed":0,"gold_gain":0,"player_choice":"Gave Gold","damage_taken":0,"max_hp_gain":0,"max_hp_loss":0,"event_name":"Beggar","floor":22,"gold_loss":75},{"damage_healed":0,"gold_gain":50,"player_choice":"Pray","damage_taken":0,"max_hp_gain":0,"max_hp_loss":0,"event_name":"Golden Shrine","floor":27,"gold_loss":0}],"is_beta":false,"boss_relics":[{"not_picked":["Calling Bell","White Beast Statue"],"picked":"Cursed Key"}],"items_purged_floors":[20],"is_endless":false,"potions_floor_spawned":[8,10,18,21],"killed_by":"Snake Plant","ascension_level":15}