{"gold_per_floor":[115,115,40,40,54,85,85,105,105,31,31,66,66,79,79,174,174,188,207,117,117,170,186,186,219,291,391,401,412,422,34,34,139,139,151,151,161,210,110,110,129,129,129,148,148,161,174,54,54,54],"floor_reached":51,"playtime":2077,"items_purged":["Regret","Writhe","Strike_B","Decay"],"score":727,"play_id":"d71c6792-266c-4bff-9556-e6fcead6578f","local_time":"20190518202623","is_ascension_mode":false,"campfire_choices":[{"data":"Dualcast","floor":7.0,"key":"SMITH"},{"data":"Zap","floor":11.0,"key":"SMITH"},{"data":"Machine Learning","floor":15.0,"key":"SMITH"},{"data":"Fission","floor":24.0,"key":"SMITH"},{"data":"Loop","floor":32.0,"key":"SMITH"},{"data":"Fission","floor":40.0,"key":"SMITH"},{"data":"Defragment","floor":42.0,"key":"SMITH"},{"data":"Force Field","floor":49.0,"key":"SMITH"}],"neow_cost":"NONE","seed_source_timestamp":243760729969514,"circlet_count":0,"master_deck":["Defend_B","Defend_B","Defend_B","Defend_B","Zap+1","Dualcast+1","Rip and Tear","Sweeping Beam","Sweeping Beam","Sweeping Beam","Glacier","Machine Learning+1","Ball Lightning","Fission+1","Chill+1","Heatsinks+1","Ball Lightning+1","Gash+1","Force Field+1","Loop+1","Conserve Battery+1","Echo Form","Hello World","Fission+1","Defragment+1"],"special_seed":0,"relics":["Cracked Core","NeowsBlessing","Symbiotic Virus","FossilizedHelix","Singing Bowl","Emotion Chip","The Courier","Astrolabe","Dream Catcher","Happy Flower","Molten Egg 2","Letter Opener","Bag of Preparation","Bottled Lightning","Cursed Key","Torii"],"potions_floor_usage":[50],"damage_taken":[{"damage":0.0,"enemies":"2 Louse","floor":1.0,"turns":1.0},{"damage":0.0,"enemies":"Small Slimes","floor":5.0,"turns":1.0},{"damage":0.0,"enemies":"3 Sentries","floor":6.0,"turns":1.0},{"damage":0.0,"enemies":"Jaw Worm","floor":8.0,"turns":2.0},{"damage":18.0,"enemies":"Lagavulin","floor":12.0,"turns":6.0},{"damage":0.0,"enemies":"3 Louse","floor":14.0,"turns":2.0},{"damage":9.0,"enemies":"Hexaghost","floor":16.0,"turns":7.0},{"damage":2.0,"enemies":"Shell Parasite","floor":18.0,"turns":3.0},{"damage":5.0,"enemies":"2 Thieves","floor":19.0,"turns":3.0},{"damage":0.0,"enemies":"Snecko","floor":23.0,"turns":4.0},{"damage":6.0,"enemies":"Book of Stabbing","floor":25.0,"turns":4.0},{"damage":0.0,"enemies":"Chosen and Byrds","floor":28.0,"turns":4.0},{"damage":9.0,"enemies":"Snake Plant","floor":29.0,"turns":4.0},{"damage":1.0,"enemies":"Sentry and Sphere","floor":30.0,"turns":5.0},{"damage":7.0,"enemies":"Collector","floor":33.0,"turns":9.0},{"damage":16.0,"enemies":"3 Darklings","floor":35.0,"turns":4.0},{"damage":8.0,"enemies":"Orb Walker","floor":37.0,"turns":3.0},{"damage":0.0,"enemies":"2 Orb Walkers","floor":38.0,"turns":3.0},{"damage":0.0,"enemies":"Jaw Worm Horde","floor":41.0,"turns":3.0},{"damage":0.0,"enemies":"Transient","floor":44.0,"turns":5.0},{"damage":24.0,"enemies":"Writhing Mass","floor":46.0,"turns":4.0},{"damage":0.0,"enemies":"4 Shapes","floor":47.0,"turns":2.0},{"damage":31,"enemies":"Awakened One","floor":50,"turns":17}],"seed_played":"1008541870810832271","potions_obtained":[{"floor":1.0,"key":"AttackPotion"},{"floor":12.0,"key":"Fire Potion"},{"floor":14.0,"key":"FocusPotion"},{"floor":16.0,"key":"EntropicBrew"},{"floor":18.0,"key":"Block Potion"},{"floor":25.0,"key":"FearPotion"},{"floor":29.0,"key":"FocusPotion"},{"floor":35.0,"key":"SteroidPotion"},{"floor":37.0,"key":"EssenceOfSteel"}],"is_trial":false,"path_per_floor":["M","?","$","?","M","E","R","M","T","$","R","E","?","M","R","B",null,"M","M","$","?","T","M","R","E","T","?","M","M","M","$","R","B",null,"M","?","M","?","$","R","M","R","T","M","?","M","M","$","R","B",null],"character_chosen":"DEFECT","items_purchased":["Glacier","Force Field","Loop","Bag of Preparation","Bottled Lightning"],"campfire_rested":0,"item_purchase_floors":[10,20,20,31,31],"current_hp_per_floor":[75,75,75,75,75,75,75,75,75,75,75,57,32,32,32,23,75,73,70,70,70,70,70,70,66,66,66,66,59,58,58,58,51,81,67,67,61,61,61,61,63,63,63,65,65,43,45,45,45,14],"gold":54,"neow_bonus":"THREE_ENEMY_KILL","is_prod":false,"is_daily":false,"chose_seed":false,"campfire_upgraded":8,"win_rate":0,"timestamp":1558178783,"path_taken":["M","?","$","?","M","E","R","M","T","$","R","E","?","M","R","BOSS","M","M","$","?","?","M","R","E","T","?","M","M","M","$","R","BOSS","M","?","M","?","$","R","M","R","T","M","?","M","?","$","R","BOSS"],"build_version":"2019-01-23","purchased_purges":4,"victory":true,"max_hp_per_floor":[75,75,75,75,75,75,75,75,75,75,75,75,75,75,75,75,75,75,77,77,77,77,77,77,79,79,79,79,81,81,81,81,81,81,83,83,85,85,85,85,87,87,87,89,89,91,93,93,93,93],"card_choices":[{"not_picked":["Compile Driver","Rebound"],"picked":"Rip and Tear","floor":1.0},{"not_picked":["Storm","Compile Driver"],"picked":"Sweeping Beam","floor":5.0},{"not_picked":["Hello World","Reprogram"],"picked":"Sweeping Beam","floor":6.0},{"not_picked":["Stack","Heatsinks"],"picked":"Sweeping Beam","floor":8.0},{"not_picked":["Undo","Stack"],"picked":"Machine Learning","floor":12.0},{"not_picked":["Heatsinks","Beam Cell"],"picked":"Ball Lightning","floor":14.0},{"not_picked":["Meteor Strike","Creative AI"],"picked":"Fission","floor":16.0},{"not_picked":["Blizzard","Steam Power+1"],"picked":"Gash+1","floor":18.0},{"not_picked":["Go for the Eyes","Auto Shields","Turbo"],"picked":"Singing Bowl","floor":19.0},{"not_picked":["Self Repair","Steam+1"],"picked":"Conserve Battery+1","floor":23.0},{"not_picked":["Redo+1","Gash+1","Coolheaded"],"picked":"Singing Bowl","floor":25.0},{"not_picked":["Static Discharge","Tempest"],"picked":"Echo Form","floor":28.0},{"not_picked":["Cold Snap+1","Streamline+1","Darkness"],"picked":"Singing Bowl","floor":29.0},{"not_picked":["Chaos","Sweeping Beam+1"],"picked":"Hello World","floor":30.0},{"not_picked":["Amplify","Thunder Strike+1"],"picked":"Fission","floor":33.0},{"not_picked":["Redo+1","Steam","Gash+1"],"picked":"Singing Bowl","floor":35.0},{"not_picked":["Ball Lightning+1","Stack","BootSequence+1"],"picked":"Singing Bowl","floor":37.0},{"not_picked":["Beam Cell+1","Turbo"],"picked":"Defragment","floor":38.0},{"not_picked":["Doom and Gloom+1","Turbo","Hologram+1"],"picked":"Singing Bowl","floor":41.0},{"not_picked":["Redo+1","Sunder+1","Barrage+1"],"picked":"Singing Bowl","floor":44.0},{"not_picked":["Barrage+1","Stack","Redo+1"],"picked":"Singing Bowl","floor":46.0},{"not_picked":["Self Repair","Rebound+1","Beam Cell+1"],"picked":"Singing Bowl","floor":47.0}],"player_experience":385005,"relics_obtained":[{"floor":6.0,"key":"FossilizedHelix"},{"floor":9.0,"key":"Singing Bowl"},{"floor":12.0,"key":"Emotion Chip"},{"floor":22.0,"key":"Happy Flower"},{"floor":25.0,"key":"Molten Egg 2"},{"floor":26.0,"key":"Letter Opener"},{"floor":38.0,"key":"Torii"}],"event_choices":[{"damage_healed":0.0,"max_hp_gain":0.0,"max_hp_loss":0.0,"gold_gain":0.0,"event_name":"Big Fish","player_choice":"Box","floor":2.0,"gold_loss":0.0,"damage_taken":0.0,"relics_obtained":["Symbiotic Virus"],"cards_obtained":["Regret"]},{"damage_healed":0.0,"max_hp_gain":0.0,"max_hp_loss":0.0,"gold_gain":0.0,"event_name":"The Cleric","player_choice":"Leave","floor":4.0,"gold_loss":0.0,"damage_taken":0.0},{"damage_healed":0.0,"max_hp_gain":0.0,"max_hp_loss":0.0,"gold_gain":0.0,"event_name":"Scrap Ooze","player_choice":"Success","floor":13.0,"gold_loss":0.0,"damage_taken":25.0,"relics_obtained":["The Courier"]},{"damage_healed":0.0,"max_hp_gain":0.0,"max_hp_loss":0.0,"gold_gain":0.0,"event_name":"The Mausoleum","player_choice":"Opened","floor":21.0,"gold_loss":0.0,"damage_taken":0.0,"relics_obtained":["Dream Catcher"],"cards_obtained":["Writhe"]},{"damage_healed":0.0,"max_hp_gain":0.0,"max_hp_loss":0.0,"gold_gain":100.0,"event_name":"Golden Shrine","player_choice":"Pray","floor":27.0,"gold_loss":0.0,"damage_taken":0.0},{"damage_healed":0.0,"max_hp_gain":0.0,"max_hp_loss":0.0,"gold_gain":0.0,"event_name":"Tomb of Lord Red Mask","player_choice":"Ignored","floor":36.0,"gold_loss":0.0,"damage_taken":0.0},{"damage_healed":0.0,"max_hp_gain":0.0,"max_hp_loss":0.0,"gold_gain":0.0,"event_name":"Mysterious Sphere","player_choice":"Fight","floor":38.0,"gold_loss":0.0,"damage_taken":0.0},{"damage_healed":0.0,"max_hp_gain":0.0,"max_hp_loss":0.0,"gold_gain":0.0,"event_name":"Wheel of Change","player_choice":"Cursed","floor":45.0,"gold_loss":0.0,"damage_taken":0.0,"cards_obtained":["Decay"]}],"is_beta":false,"boss_relics":[{"not_picked":["Empty Cage","Busted Crown"],"picked":"Astrolabe"},{"not_picked":["Lizard Tail","Velvet Choker"],"picked":"Cursed Key"}],"items_purged_floors":[3,31,39,48],"is_endless":false,"potions_floor_spawned":[1,12,14,16,18,25,29,35,37],"ascension_level":0}