{"gold_per_floor":[116,131,131,147,72,72,72,87,110,126,26,26,44,57,57,161,161,161],"floor_reached":18,"playtime":681,"items_purged":["Strike_R","Strike_R"],"score":246,"play_id":"64cc62f0-0bc7-4856-881d-1428b29f96a9","local_time":"20190127014527","is_ascension_mode":true,"campfire_choices":[{"data":"Armaments","floor":6,"key":"SMITH"},{"data":"Body Slam","floor":12,"key":"SMITH"},{"data":"Limit Break","floor":15,"key":"SMITH"}],"neow_cost":"NONE","seed_source_timestamp":1323596229329703,"circlet_count":0,"master_deck":["AscendersBane","Bash","Cleave","Armaments+1","Clothesline","Body Slam+1","Limit Break+1","Reaper","Shockwave","True Grit","Clash","Dual Wield","Immolate","Offering","Armaments"],"special_seed":0,"relics":["Philosopher\u0027s Stone","Pandora\u0027s Box"],"potions_floor_usage":[8,8,16,16],"damage_taken":[{"damage":0.0,"enemies":"Small Slimes","floor":1.0,"turns":3.0},{"damage":0.0,"enemies":"Cultist","floor":2.0,"turns":4.0},{"damage":8,"enemies":"Jaw Worm","floor":4,"turns":2},{"damage":3,"enemies":"3 Louse","floor":8,"turns":2},{"damage":0,"enemies":"Large Slime","floor":10,"turns":5},{"damage":0,"enemies":"Red Slaver","floor":13,"turns":2},{"damage":2,"enemies":"2 Fungi Beasts","floor":14,"turns":3},{"damage":35,"enemies":"Slime Boss","floor":16,"turns":8},{"damage":0,"enemies":"Chosen","floor":18,"turns":1}],"seed_played":"9063764633814344491","potions_obtained":[{"floor":7,"key":"EntropicBrew"},{"floor":7,"key":"BloodPotion"}],"is_trial":false,"path_per_floor":["M","M","?","M","$","R","?","M","T","M","$","R","M","M","R","B",null,"M"],"character_chosen":"IRONCLAD","items_purchased":[],"campfire_rested":0,"item_purchase_floors":[],"current_hp_per_floor":[72,72,77,69,69,69,69,74,74,74,74,74,74,72,72,37,73,73],"gold":161,"neow_bonus":"BOSS_RELIC","is_prod":false,"is_daily":false,"chose_seed":false,"campfire_upgraded":3,"win_rate":0,"timestamp":1548546327,"path_taken":["M","M","?","M","$","R","?","M","T","?","?","R","M","M","R","BOSS","M"],"build_version":"2019-01-23","purchased_purges":2,"victory":false,"max_hp_per_floor":[80,80,85,85,85,85,85,85,85,85,85,85,85,85,85,85,85,85],"card_choices":[{"not_picked":["Heavy Blade","Hemokinesis"],"picked":"Cleave","floor":1.0},{"not_picked":["Havoc","Sword Boomerang"],"picked":"Armaments","floor":2.0},{"not_picked":["Iron Wave","Armaments"],"picked":"Clothesline","floor":4},{"not_picked":["Body Slam","Heavy Blade","Armaments"],"picked":"SKIP","floor":8},{"not_picked":["Body Slam","Heavy Blade","Armaments"],"picked":"SKIP","floor":8},{"not_picked":["Twin Strike","Hemokinesis"],"picked":"Body Slam","floor":10},{"not_picked":["Headbutt","Pummel"],"picked":"Limit Break","floor":13},{"not_picked":["Twin Strike","Combust","Fire Breathing"],"picked":"SKIP","floor":14},{"not_picked":["Feed","Brutality"],"picked":"Reaper","floor":16}],"player_experience":398334,"relics_obtained":[],"event_choices":[{"damage_healed":0,"gold_gain":0,"player_choice":"Donut","damage_taken":0,"max_hp_gain":5,"max_hp_loss":0,"event_name":"Big Fish","floor":3,"gold_loss":0},{"damage_healed":0,"gold_gain":0,"player_choice":"Got Potions","damage_taken":0,"max_hp_gain":0,"max_hp_loss":0,"event_name":"Lab","floor":7,"gold_loss":0}],"is_beta":false,"boss_relics":[{"not_picked":["Fusion Hammer","Snecko Eye"],"picked":"Pandora\u0027s Box"}],"items_purged_floors":[5,11],"is_endless":false,"potions_floor_spawned":[8,10,13],"killed_by":"Chosen","ascension_level":12}