{"gold_per_floor":[110,125,141,141,41,41,116,116,186,186,204,204,90,105,105,228,228,241,261,261,60,81,81,125,125,125,125,144,184,184,184,184,281,281,295,295,84,103,34,60,71,85,111,111,121,121,138,156,156,156],"floor_reached":51,"playtime":1773,"items_purged":["Parasite","Strike_B","Strike_B"],"score":782,"play_id":"7fa267c4-5a88-4031-a9e0-ab6cc3c423fe","local_time":"20181107001900","is_ascension_mode":false,"campfire_choices":[{"data":"Storm","floor":6.0,"key":"SMITH"},{"data":"Biased Cognition","floor":12.0,"key":"SMITH"},{"data":"Thunder Strike","floor":15.0,"key":"SMITH"},{"floor":23.0,"key":"REST"},{"floor":25.0,"key":"REST"},{"data":"Storm","floor":27.0,"key":"SMITH"},{"floor":32.0,"key":"REST"},{"data":"Biased Cognition","floor":44.0,"key":"SMITH"},{"data":"Static Discharge","floor":46.0,"key":"SMITH"},{"data":"Zap","floor":49.0,"key":"SMITH"}],"neow_cost":"TEN_PERCENT_HP_LOSS","seed_source_timestamp":0,"circlet_count":0,"master_deck":["Strike_B","Strike_B","Defend_B","Defend_B","Defend_B","Defend_B","Zap+1","Dualcast","Biased Cognition+1","Storm+1","Cold Snap","Redo","Self Repair","Hologram","Thunder Strike+1","Biased Cognition+1","Undo","Go for the Eyes","Storm+1","Ball Lightning","White Noise+1","Conserve Battery+1","Storm+1","Seek+1","BootSequence+1","Conserve Battery+1","Static Discharge+1","Leap+1","White Noise+1","White Noise+1","Coolheaded+1"],"special_seed":0,"relics":["Cracked Core","Bloody Idol","Bottled Flame","Black Star","Oddly Smooth Stone","Happy Flower","Toxic Egg 2","Bronze Scales","Orichalcum","Velvet Choker","Ancient Tea Set","Blood Vial","Strawberry"],"potions_floor_usage":[50,50],"damage_taken":[{"damage":6.0,"enemies":"Jaw Worm","floor":1.0,"turns":3.0},{"damage":0.0,"enemies":"2 Louse","floor":2.0,"turns":2.0},{"damage":10.0,"enemies":"Small Slimes","floor":3.0,"turns":3.0},{"damage":12.0,"enemies":"3 Louse","floor":11.0,"turns":3.0},{"damage":4.0,"enemies":"Blue Slaver","floor":14.0,"turns":3.0},{"damage":48.0,"enemies":"Hexaghost","floor":16.0,"turns":6.0},{"damage":25.0,"enemies":"2 Thieves","floor":18.0,"turns":3.0},{"damage":16.0,"enemies":"Shell Parasite","floor":19.0,"turns":5.0},{"damage":42.0,"enemies":"Centurion and Healer","floor":22.0,"turns":6.0},{"damage":42.0,"enemies":"Slavers","floor":24.0,"turns":4.0},{"damage":6.0,"enemies":"Snecko","floor":28.0,"turns":3.0},{"damage":0.0,"enemies":"Book of Stabbing","floor":29.0,"turns":3.0},{"damage":10.0,"enemies":"Colosseum Slavers","floor":30.0,"turns":3.0},{"damage":0.0,"enemies":"Collector","floor":33.0,"turns":6.0},{"damage":12.0,"enemies":"3 Shapes","floor":35.0,"turns":2.0},{"damage":0.0,"enemies":"Orb Walker","floor":38.0,"turns":2.0},{"damage":22.0,"enemies":"Nemesis","floor":40.0,"turns":3.0},{"damage":0.0,"enemies":"Spire Growth","floor":41.0,"turns":2.0},{"damage":5.0,"enemies":"3 Darklings","floor":42.0,"turns":4.0},{"damage":18.0,"enemies":"Writhing Mass","floor":45.0,"turns":2.0},{"damage":11.0,"enemies":"Spire Growth","floor":47.0,"turns":4.0},{"damage":8.0,"enemies":"Jaw Worm Horde","floor":48.0,"turns":4.0},{"damage":36,"enemies":"Time Eater","floor":50,"turns":6}],"seed_played":"947872706533438351","potions_obtained":[{"floor":1.0,"key":"Strength Potion"},{"floor":2.0,"key":"Weak Potion"},{"floor":14.0,"key":"FocusPotion"},{"floor":19.0,"key":"EntropicBrew"},{"floor":22.0,"key":"SkillPotion"},{"floor":33.0,"key":"Swift Potion"},{"floor":36.0,"key":"EssenceOfSteel"},{"floor":36.0,"key":"EssenceOfSteel"},{"floor":36.0,"key":"Dexterity Potion"},{"floor":45.0,"key":"Block Potion"}],"is_trial":false,"path_per_floor":["M","M","M","?","$","R","?","?","T","?","M","R","$","M","R","B",null,"M","M","?","$","M","R","E","R","T","R","M","E","?","?","R","B",null,"M","?","$","M","$","E","M","M","T","R","M","R","M","M","R","B",null],"character_chosen":"DEFECT","items_purchased":["Redo","Self Repair","Loop","Storm","Ball Lightning","Conserve Battery+1","Static Discharge","White Noise+1"],"campfire_rested":3,"item_purchase_floors":[5,5,13,21,21,37,37,39],"current_hp_per_floor":[62,62,52,52,52,52,41,56,56,63,58,58,58,60,60,19,60,42,33,60,60,25,43,8,26,26,26,20,27,17,17,35,47,60,60,60,60,60,60,43,50,52,64,64,53,53,56,62,62,35],"gold":156,"neow_bonus":"THREE_RARE_CARDS","is_prod":false,"is_daily":false,"chose_seed":false,"campfire_upgraded":7,"win_rate":0,"timestamp":1541567940,"path_taken":["M","M","M","?","$","R","?","?","T","?","?","R","?","M","R","BOSS","M","M","?","$","M","R","E","R","T","R","?","E","?","?","R","BOSS","M","?","?","?","$","E","M","M","T","R","M","R","M","M","R","BOSS"],"build_version":"2018-11-01","purchased_purges":3,"victory":true,"max_hp_per_floor":[68,68,68,63,63,63,63,63,63,63,63,63,60,60,60,60,60,60,60,60,60,60,60,60,60,60,60,60,60,60,60,60,60,60,60,60,60,60,60,60,60,60,67,67,67,67,67,67,67,67],"card_choices":[{"not_picked":["Meteor Strike","Core Surge"],"picked":"Biased Cognition","floor":0.0},{"not_picked":["Stack","Gash"],"picked":"Storm","floor":1.0},{"not_picked":["Redo","Streamline"],"picked":"Cold Snap","floor":2.0},{"not_picked":["Reprogram","Lockon","Darkness"],"picked":"SKIP","floor":3.0},{"not_picked":["Rebound","Skim"],"picked":"Hologram","floor":11.0},{"not_picked":["Reinforced Body","Chaos"],"picked":"Thunder Strike","floor":14.0},{"not_picked":["Rainbow","Buffer"],"picked":"Biased Cognition","floor":16.0},{"not_picked":["Cold Snap","Steam"],"picked":"Undo","floor":18.0},{"not_picked":["Redo","Aggregate"],"picked":"Go for the Eyes","floor":19.0},{"not_picked":["Rebound+1","Steam","Redo"],"picked":"SKIP","floor":22.0},{"not_picked":["Machine Learning","Scrape+1"],"picked":"White Noise+1","floor":24.0},{"not_picked":["Hologram+1","Ball Lightning"],"picked":"Conserve Battery+1","floor":28.0},{"not_picked":["Barrage","Hologram+1"],"picked":"Storm+1","floor":29.0},{"not_picked":["Machine Learning","Fission+1"],"picked":"Seek+1","floor":33.0},{"not_picked":["Leap+1","Hello World"],"picked":"BootSequence+1","floor":35.0},{"not_picked":["Redo+1","Turbo+1"],"picked":"Leap+1","floor":38.0},{"not_picked":["Rebound+1","Loop+1"],"picked":"White Noise+1","floor":40.0},{"not_picked":["Sunder","Capacitor+1","Cold Snap+1"],"picked":"SKIP","floor":41.0},{"not_picked":["Sweeping Beam+1","Ball Lightning","Steam+1"],"picked":"SKIP","floor":42.0},{"not_picked":["Scrape","Buffer","Compile Driver+1"],"picked":"SKIP","floor":45.0},{"not_picked":["Redo+1","Lockon+1"],"picked":"Coolheaded+1","floor":47.0},{"not_picked":["Streamline","Gash+1","Ball Lightning+1"],"picked":"SKIP","floor":48.0}],"player_experience":122898,"relics_obtained":[{"floor":9.0,"key":"Bottled Flame"},{"floor":24.0,"key":"Oddly Smooth Stone"},{"floor":24.0,"key":"Happy Flower"},{"floor":26.0,"key":"Toxic Egg 2"},{"floor":29.0,"key":"Bronze Scales"},{"floor":29.0,"key":"Orichalcum"},{"floor":40.0,"key":"Ancient Tea Set"},{"floor":40.0,"key":"Blood Vial"},{"floor":43.0,"key":"Strawberry"}],"event_choices":[{"damage_healed":0.0,"max_hp_gain":0.0,"max_hp_loss":5.0,"gold_gain":0.0,"event_name":"Golden Idol","player_choice":"Lose Max HP","floor":4.0,"gold_loss":0.0,"damage_taken":0.0,"relics_obtained":["Golden Idol"]},{"damage_healed":0.0,"max_hp_gain":0.0,"max_hp_loss":0.0,"gold_gain":75.0,"event_name":"World of Goop","player_choice":"Gather Gold","floor":7.0,"gold_loss":0.0,"damage_taken":11.0},{"damage_healed":15.0,"max_hp_gain":0.0,"max_hp_loss":0.0,"gold_gain":0.0,"event_name":"Mushrooms","player_choice":"Healed and dodged fight","floor":8.0,"gold_loss":0.0,"damage_taken":0.0,"cards_obtained":["Parasite"]},{"damage_healed":21.0,"max_hp_gain":0.0,"max_hp_loss":0.0,"gold_gain":0.0,"event_name":"Big Fish","player_choice":"Banana","floor":10.0,"gold_loss":0.0,"damage_taken":0.0},{"cards_removed":["Loop"],"damage_healed":27.0,"max_hp_gain":0.0,"max_hp_loss":0.0,"gold_gain":0.0,"event_name":"Bonfire Elementals","player_choice":"Offered Uncommon","floor":20.0,"gold_loss":0.0,"damage_taken":0.0},{"damage_healed":0.0,"max_hp_gain":0.0,"max_hp_loss":0.0,"gold_gain":0.0,"event_name":"Colosseum","player_choice":"Fight","floor":30.0,"gold_loss":0.0,"damage_taken":0.0},{"damage_healed":0.0,"max_hp_gain":0.0,"max_hp_loss":0.0,"gold_gain":0.0,"event_name":"Colosseum","player_choice":"Fled From Nobs","floor":30.0,"gold_loss":0.0,"damage_taken":0.0},{"damage_healed":0.0,"max_hp_gain":0.0,"max_hp_loss":0.0,"gold_gain":0.0,"event_name":"Forgotten Altar","player_choice":"Gave Idol","floor":31.0,"relics_lost":["Golden Idol"],"gold_loss":0.0,"damage_taken":0.0,"relics_obtained":["Bloody Idol"]},{"damage_healed":0.0,"max_hp_gain":0.0,"max_hp_loss":0.0,"gold_gain":0.0,"event_name":"Lab","player_choice":"Got Potions","floor":36.0,"gold_loss":0.0,"damage_taken":0.0}],"is_beta":false,"boss_relics":[{"not_picked":["Empty Cage","Nuclear Battery"],"picked":"Black Star"},{"not_picked":["Eternal Feather","Astrolabe"],"picked":"Velvet Choker"}],"items_purged_floors":[13,21,37],"is_endless":false,"potions_floor_spawned":[1,2,14,19,22,30,33,35,38,41,45,47],"ascension_level":0}