{"gold_per_floor":[111,111,111,111,111,85,109,143,216,235,248,248,289,7,7,138,138,154,172,97,111,136,136,169,192,192,291,99,99,143,143,143,269,269,283,101,124,124,145,145,180,180,205,205,47,71,71,114,114,114],"floor_reached":51,"playtime":3759,"items_purged":["Strike_R","Strike_R+1"],"score":1202,"play_id":"a34d2104-6279-403d-9b82-0f3768fa7533","local_time":"20181220164527","is_ascension_mode":true,"campfire_choices":[{"data":"Inflame","floor":12,"key":"SMITH"},{"data":"Heavy Blade","floor":15,"key":"SMITH"},{"floor":23,"key":"REST"},{"floor":29,"key":"REST"},{"floor":32,"key":"REST"},{"floor":40,"key":"REST"},{"floor":42,"key":"REST"},{"floor":44,"key":"RECALL"},{"floor":47,"key":"REST"},{"floor":49,"key":"REST"}],"neow_cost":"NONE","seed_source_timestamp":0,"circlet_count":0,"master_deck":["AscendersBane","Strike_R+1","Strike_R+1","Defend_R+1","Defend_R+1","Defend_R+1","Defend_R+1","Bash+1","Inflame+1","Anger","Pummel","Wild Strike","Heavy Blade+1","Evolve","Armaments+1","Battle Trance+1","Offering+1","Clothesline","Impervious+1","Flame Barrier+1","Armaments+1","Intimidate+1","Inflame","Barricade","Exhume+1","Disarm+1","Inflame","Disarm+1","True Grit+1","Whirlwind","Battle Trance+1"],"special_seed":0,"relics":["Burning Blood","NeowsBlessing","Golden Idol","Blood Vial","Pantograph","Toxic Egg 2","Membership Card","Fusion Hammer","Sundial","Bottled Tornado","Red Skull","Anchor","Philosopher\u0027s Stone","Juzu Bracelet","Shuriken","Bag of Marbles","Kunai","Oddly Smooth Stone"],"potions_floor_usage":[13,16,30,33,48,50],"damage_taken":[{"damage":0,"enemies":"Small Slimes","floor":1,"turns":1},{"damage":0,"enemies":"2 Louse","floor":7,"turns":1},{"damage":0,"enemies":"3 Sentries","floor":8,"turns":1},{"damage":12,"enemies":"Jaw Worm","floor":10,"turns":3},{"damage":22,"enemies":"Lots of Slimes","floor":11,"turns":5},{"damage":8,"enemies":"Gremlin Nob","floor":13,"turns":3},{"damage":46,"enemies":"Hexaghost","floor":16,"turns":8},{"damage":18,"enemies":"2 Thieves","floor":18,"turns":4},{"damage":6,"enemies":"Shell Parasite","floor":19,"turns":4},{"damage":6,"enemies":"Snecko","floor":21,"turns":2},{"damage":29,"enemies":"Shelled Parasite and Fungi","floor":22,"turns":4},{"damage":36,"enemies":"Gremlin Leader","floor":24,"turns":6},{"damage":5,"enemies":"Snake Plant","floor":25,"turns":4},{"damage":19,"enemies":"Book of Stabbing","floor":30,"turns":5},{"damage":52,"enemies":"Collector","floor":33,"turns":10},{"damage":6,"enemies":"3 Shapes","floor":35,"turns":5},{"damage":6,"enemies":"3 Darklings","floor":37,"turns":5},{"damage":6,"enemies":"Spire Growth","floor":39,"turns":5},{"damage":15,"enemies":"Nemesis","floor":41,"turns":7},{"damage":21,"enemies":"Jaw Worm Horde","floor":46,"turns":3},{"damage":6,"enemies":"Reptomancer","floor":48,"turns":6},{"damage":24,"enemies":"Time Eater","floor":50,"turns":12}],"seed_played":"561123223047820660","potions_obtained":[{"floor":7,"key":"Energy Potion"},{"floor":13,"key":"SteroidPotion"},{"floor":16,"key":"AttackPotion"},{"floor":19,"key":"FearPotion"},{"floor":30,"key":"Energy Potion"},{"floor":33,"key":"Regen Potion"}],"is_trial":false,"path_per_floor":["M","?","?","?","?","$","M","E","T","M","M","R","E","$","R","B",null,"M","M","?","M","M","R","E","M","T","?","$","R","E","?","R","B",null,"M","$","M","?","M","R","E","R","T","R","$","M","R","E","R","B",null],"character_chosen":"IRONCLAD","items_purchased":["Anger","Battle Trance+1","Membership Card","Intimidate+1","Inflame","Red Skull","Disarm+1","Inflame","Juzu Bracelet","Whirlwind","Kunai"],"campfire_rested":7,"item_purchase_floors":[6,14,14,28,28,28,36,36,36,45,45],"current_hp_per_floor":[78,62,67,67,67,67,73,79,79,73,59,59,59,59,59,39,69,59,61,61,63,42,65,37,40,40,40,40,63,52,52,75,33,68,70,70,72,72,74,79,70,79,79,79,79,64,79,79,79,76],"gold":114,"neow_bonus":"THREE_ENEMY_KILL","is_prod":false,"is_daily":false,"chose_seed":false,"campfire_upgraded":2,"win_rate":0,"timestamp":1545342327,"path_taken":["M","?","?","?","?","?","?","E","T","M","M","R","E","$","R","BOSS","M","?","?","M","M","R","E","M","T","?","$","R","E","?","R","BOSS","M","$","M","?","M","R","E","R","T","R","$","M","R","E","R","BOSS"],"build_version":"2018-12-13","purchased_purges":2,"victory":true,"max_hp_per_floor":[80,80,85,85,79,79,79,79,79,79,79,79,79,79,79,79,79,79,79,79,79,79,79,79,79,79,79,79,79,79,79,79,79,79,79,79,79,79,79,79,79,79,79,79,79,79,79,79,79,79],"card_choices":[{"not_picked":["Perfected Strike","Wild Strike"],"picked":"Inflame","floor":1},{"not_picked":["Warcry","Havoc"],"picked":"Pummel","floor":7},{"not_picked":["Combust","True Grit"],"picked":"Wild Strike","floor":8},{"not_picked":["Seeing Red","Twin Strike"],"picked":"Heavy Blade","floor":10},{"not_picked":["Havoc","Flex"],"picked":"Evolve","floor":11},{"not_picked":["True Grit","Rampage"],"picked":"Armaments","floor":13},{"not_picked":["Brutality","Fiend Fire"],"picked":"Offering+1","floor":16},{"not_picked":["Seeing Red+1","Sentinel+1"],"picked":"Clothesline","floor":18},{"not_picked":["Flex+1","Sever Soul","Intimidate+1"],"picked":"SKIP","floor":19},{"not_picked":["Clash","Warcry+1","Thunderclap"],"picked":"SKIP","floor":21},{"not_picked":["Metallicize","Body Slam"],"picked":"Impervious+1","floor":22},{"not_picked":["Searing Blow","Sword Boomerang"],"picked":"Flame Barrier+1","floor":24},{"not_picked":["Searing Blow","Wild Strike"],"picked":"Armaments+1","floor":25},{"not_picked":["Thunderclap","Clothesline"],"picked":"Barricade","floor":30},{"not_picked":["Barricade","Juggernaut"],"picked":"Exhume+1","floor":33},{"not_picked":["Twin Strike","Hemokinesis","Pommel Strike"],"picked":"SKIP","floor":35},{"not_picked":["Twin Strike","Hemokinesis","Pommel Strike"],"picked":"SKIP","floor":35},{"not_picked":["Evolve","Havoc+1"],"picked":"Disarm+1","floor":37},{"not_picked":["Perfected Strike","Clash","Anger"],"picked":"SKIP","floor":39},{"not_picked":["Sever Soul+1","Clothesline"],"picked":"True Grit+1","floor":41},{"not_picked":["Rampage","Pommel Strike","Body Slam"],"picked":"SKIP","floor":46},{"not_picked":["Twin Strike","Dual Wield+1"],"picked":"Battle Trance+1","floor":48}],"player_experience":348769,"relics_obtained":[{"floor":8,"key":"Blood Vial"},{"floor":9,"key":"Pantograph"},{"floor":13,"key":"Toxic Egg 2"},{"floor":24,"key":"Sundial"},{"floor":26,"key":"Bottled Tornado"},{"floor":30,"key":"Anchor"},{"floor":41,"key":"Shuriken"},{"floor":43,"key":"Bag of Marbles"},{"floor":48,"key":"Oddly Smooth Stone"}],"event_choices":[{"damage_healed":0,"gold_gain":0,"player_choice":"Entered Light","damage_taken":16,"max_hp_gain":0,"max_hp_loss":0,"event_name":"Shining Light","floor":2,"gold_loss":0,"cards_upgraded":["Defend_R","Defend_R"]},{"damage_healed":0,"gold_gain":0,"player_choice":"Donut","damage_taken":0,"max_hp_gain":5,"max_hp_loss":0,"event_name":"Big Fish","floor":3,"gold_loss":0},{"damage_healed":0,"gold_gain":0,"player_choice":"Grow","damage_taken":0,"max_hp_gain":0,"max_hp_loss":0,"event_name":"Living Wall","floor":4,"gold_loss":0,"cards_upgraded":["Bash"]},{"damage_healed":0,"gold_gain":0,"player_choice":"Lose Max HP","damage_taken":0,"relics_obtained":["Golden Idol"],"max_hp_gain":0,"max_hp_loss":6,"event_name":"Golden Idol","floor":5,"gold_loss":0},{"cards_removed":["Strike_R"],"damage_healed":0,"gold_gain":0,"player_choice":"Gave Gold","damage_taken":0,"max_hp_gain":0,"max_hp_loss":0,"event_name":"Beggar","floor":20,"gold_loss":75},{"damage_healed":0,"gold_gain":99,"player_choice":"Stole From Cult","damage_taken":0,"max_hp_gain":0,"max_hp_loss":0,"event_name":"Nest","floor":27,"gold_loss":0},{"damage_healed":0,"gold_gain":0,"player_choice":"Simplicity","damage_taken":0,"max_hp_gain":0,"max_hp_loss":0,"event_name":"Back to Basics","floor":31,"gold_loss":0,"cards_upgraded":["Strike_R","Strike_R","Strike_R","Defend_R","Defend_R"]},{"damage_healed":0,"gold_gain":0,"player_choice":"Ignored","damage_taken":0,"max_hp_gain":0,"max_hp_loss":0,"event_name":"Mysterious Sphere","floor":38,"gold_loss":0}],"is_beta":false,"boss_relics":[{"not_picked":["Lizard Tail","Empty Cage"],"picked":"Fusion Hammer"},{"not_picked":["Black Blood","Runic Cube"],"picked":"Philosopher\u0027s Stone"}],"items_purged_floors":[28,36],"is_endless":false,"potions_floor_spawned":[7,13,16,19,22,25,30,33,35,39,46],"ascension_level":12}