{"gold_per_floor":[213,163,177,195,195,195,120,120,120,120,120,154,154,74,74,177,177,195,213,231,231,10,43,43,72,72,92,103,137,17,17,17,119,169,188,188,201,161,179,179,105,105,128,141,1,28,44,62,62,62],"floor_reached":50,"playtime":2378,"items_purged":["Regret","Strike_R","Writhe","Strike_R","Spot Weakness+1"],"score":553,"play_id":"e8300937-aba0-45b5-a347-3ce14338809f","local_time":"20190518180531","is_ascension_mode":false,"campfire_choices":[{"data":"Metallicize","floor":8,"key":"SMITH"},{"data":"Bash","floor":11,"key":"SMITH"},{"data":"Whirlwind","floor":13,"key":"SMITH"},{"data":"Twin Strike","floor":15,"key":"SMITH"},{"data":"Rampage","floor":24,"key":"SMITH"},{"floor":32,"key":"REST"},{"data":"Flame Barrier","floor":40,"key":"SMITH"},{"data":"Discovery","floor":42,"key":"SMITH"},{"data":"Finesse","floor":49,"key":"SMITH"}],"neow_cost":"NONE","seed_source_timestamp":235207025192962,"circlet_count":0,"master_deck":["Strike_R+1","Defend_R+1","Defend_R+1","Defend_R+1","Defend_R+1","Bash+1","Rampage+1","Metallicize+1","Twin Strike+1","Whirlwind+1","Reaper","Shockwave+1","Whirlwind+1","Ghostly Armor","Offering","Shrug It Off+1","Flame Barrier+1","Demon Form+1","Finesse+1","Chrysalis+1","Finesse","Battle Trance+1","Iron Wave+1","Discovery+1","Metallicize","Corruption+1","True Grit+1"],"relics":["Burning Blood","Vajra","Pantograph","Question Card","The Courier","Runic Cube","Regal Pillow","Happy Flower","Lantern","Strawberry","Dream Catcher","Bottled Lightning","Tiny House","Art of War","Orichalcum"],"potions_floor_usage":[4,12,23,23,29,29,35,46,46,47,48],"damage_taken":[{"damage":5,"enemies":"Cultist","floor":1,"turns":4},{"damage":8,"enemies":"2 Louse","floor":3,"turns":2},{"damage":11,"enemies":"Jaw Worm","floor":4,"turns":2},{"damage":18,"enemies":"Lagavulin","floor":12,"turns":5},{"damage":13,"enemies":"Slime Boss","floor":16,"turns":7},{"damage":1,"enemies":"3 Byrds","floor":18,"turns":3},{"damage":22,"enemies":"Shell Parasite","floor":19,"turns":6},{"damage":28,"enemies":"Centurion and Healer","floor":20,"turns":7},{"damage":37,"enemies":"Slavers","floor":23,"turns":3},{"damage":14,"enemies":"Gremlin Leader","floor":25,"turns":6},{"damage":19,"enemies":"Snecko","floor":27,"turns":5},{"damage":21,"enemies":"Sentry and Sphere","floor":28,"turns":5},{"damage":11,"enemies":"Slavers","floor":29,"turns":2},{"damage":77,"enemies":"Champ","floor":33,"turns":11},{"damage":17,"enemies":"Orb Walker","floor":35,"turns":2},{"damage":16,"enemies":"3 Shapes","floor":37,"turns":1},{"damage":30,"enemies":"3 Darklings","floor":39,"turns":25},{"damage":14,"enemies":"Jaw Worm Horde","floor":44,"turns":3},{"damage":51,"enemies":"Reptomancer","floor":46,"turns":9},{"damage":22,"enemies":"Writhing Mass","floor":47,"turns":8},{"damage":9,"enemies":"3 Darklings","floor":48,"turns":6},{"damage":98,"enemies":"Time Eater","floor":50,"turns":11}],"seed_played":"8949562639533430012","potions_obtained":[{"floor":1,"key":"AttackPotion"},{"floor":4,"key":"Weak Potion"},{"floor":19,"key":"Dexterity Potion"},{"floor":20,"key":"Ancient Potion"},{"floor":25,"key":"Block Potion"},{"floor":28,"key":"Weak Potion"},{"floor":34,"key":"EntropicBrew"},{"floor":39,"key":"Block Potion"},{"floor":47,"key":"EssenceOfSteel"},{"floor":48,"key":"Energy Potion"}],"is_trial":false,"path_per_floor":["M","?","M","M","?","?","$","R","T","T","R","E","R","$","R","B",null,"M","M","M","?","$","E","R","E","T","M","M","E","$","?","R","B",null,"M","?","M","?","M","R","$","R","T","M","$","E","M","M","R","B"],"character_chosen":"IRONCLAD","items_purchased":["Happy Flower","Discovery"],"campfire_rested":1,"item_purchase_floors":[22,41],"current_hp_per_floor":[80,80,78,73,73,73,73,73,73,73,73,61,61,61,61,73,80,80,64,52,52,52,42,42,46,46,40,25,20,20,20,61,25,92,91,81,71,71,47,47,47,47,47,80,80,35,28,75,75,0],"gold":62,"neow_bonus":"HUNDRED_GOLD","is_prod":false,"is_daily":false,"chose_seed":false,"campfire_upgraded":8,"win_rate":0,"timestamp":1558170331,"path_taken":["M","?","M","M","?","?","$","R","T","?","R","E","R","$","R","BOSS","M","M","?","?","$","E","R","E","T","M","M","E","$","?","R","BOSS","M","?","M","?","?","R","$","R","T","M","$","E","M","M","R","BOSS"],"build_version":"2019-01-23","purchased_purges":5,"victory":false,"max_hp_per_floor":[80,80,80,80,80,80,80,80,80,80,80,80,80,80,80,80,80,80,80,80,80,80,80,80,87,87,87,87,87,87,87,87,87,92,92,92,92,92,92,92,92,92,92,92,92,92,92,92,92,92],"card_choices":[{"not_picked":["Heavy Blade","Iron Wave"],"picked":"Rampage","floor":1},{"not_picked":["Searing Blow","Inflame"],"picked":"Metallicize","floor":3},{"not_picked":["Rupture","Flex"],"picked":"Twin Strike","floor":4},{"not_picked":["Iron Wave","Metallicize","Armaments"],"picked":"Whirlwind","floor":12},{"not_picked":["Brutality","Dark Embrace","Berserk"],"picked":"Reaper","floor":16},{"not_picked":["True Grit","Clash","Sever Soul"],"picked":"Shockwave+1","floor":18},{"not_picked":["Inflame","Fire Breathing","Seeing Red"],"picked":"Whirlwind+1","floor":19},{"not_picked":["Evolve","True Grit","Hemokinesis"],"picked":"Ghostly Armor","floor":20},{"not_picked":["Burning Pact","Thunderclap","Headbutt+1","Rupture+1"],"picked":"SKIP","floor":23},{"not_picked":["Clothesline","Headbutt","Wild Strike"],"picked":"Offering","floor":25},{"not_picked":["Seeing Red+1","True Grit","Cleave"],"picked":"Spot Weakness+1","floor":27},{"not_picked":["Second Wind","Twin Strike","Warcry","Armaments"],"picked":"SKIP","floor":28},{"not_picked":["Anger","True Grit","Double Tap"],"picked":"Shrug It Off","floor":29},{"not_picked":["Spot Weakness","Havoc+1","Clothesline+1"],"picked":"Flame Barrier","floor":32},{"not_picked":["Double Tap","Impervious","Juggernaut"],"picked":"Demon Form","floor":33},{"not_picked":["Hemokinesis+1","Sword Boomerang","True Grit","Body Slam"],"picked":"SKIP","floor":35},{"not_picked":["Blind","Dark Shackles","Sadistic Nature"],"picked":"Finesse","floor":36},{"not_picked":["Dramatic Entrance","Panache","Panacea"],"picked":"Chrysalis","floor":36},{"not_picked":["Bandage Up","Metamorphosis","Panacea"],"picked":"Finesse","floor":36},{"not_picked":["Wild Strike","Havoc","Pommel Strike"],"picked":"Battle Trance+1","floor":37},{"not_picked":["Spot Weakness","Body Slam+1","True Grit"],"picked":"Iron Wave+1","floor":39},{"not_picked":["Cleave+1","Iron Wave","Perfected Strike+1","Thunderclap+1"],"picked":"SKIP","floor":44},{"not_picked":["Clash","Pommel Strike","Barricade"],"picked":"Metallicize","floor":46},{"not_picked":["Clash","Anger+1","Cleave+1"],"picked":"Corruption+1","floor":47},{"not_picked":["Uppercut","Limit Break","Corruption+1"],"picked":"True Grit+1","floor":48}],"player_experience":379574,"relics_obtained":[{"floor":9,"key":"Pantograph"},{"floor":10,"key":"Question Card"},{"floor":12,"key":"The Courier"},{"floor":23,"key":"Lantern"},{"floor":25,"key":"Strawberry"},{"floor":26,"key":"Dream Catcher"},{"floor":29,"key":"Bottled Lightning"},{"floor":43,"key":"Art of War"},{"floor":46,"key":"Orichalcum"}],"event_choices":[{"cards_removed":["Strike_R"],"damage_healed":0,"gold_gain":0,"player_choice":"Card Removal","damage_taken":0,"max_hp_gain":0,"max_hp_loss":0,"event_name":"The Cleric","floor":2,"gold_loss":50},{"cards_removed":["Strike_R"],"damage_healed":0,"gold_gain":0,"player_choice":"Forget","damage_taken":0,"max_hp_gain":0,"max_hp_loss":0,"event_name":"Living Wall","floor":5,"gold_loss":0},{"damage_healed":0,"gold_gain":0,"player_choice":"Box","damage_taken":0,"relics_obtained":["Vajra"],"max_hp_gain":0,"max_hp_loss":0,"event_name":"Big Fish","floor":6,"gold_loss":0,"cards_obtained":["Regret"]},{"damage_healed":0,"gold_gain":0,"player_choice":"Opened","damage_taken":0,"relics_obtained":["Regal Pillow"],"max_hp_gain":0,"max_hp_loss":0,"event_name":"The Mausoleum","floor":21,"gold_loss":0,"cards_obtained":["Writhe"]},{"damage_healed":0,"gold_gain":0,"player_choice":"Simplicity","damage_taken":0,"max_hp_gain":0,"max_hp_loss":0,"event_name":"Back to Basics","floor":31,"gold_loss":0,"cards_upgraded":["Strike_R","Defend_R","Defend_R","Defend_R","Defend_R"]},{"damage_healed":0,"gold_gain":0,"player_choice":"Memory 3","damage_taken":10,"max_hp_gain":0,"max_hp_loss":0,"event_name":"SensoryStone","floor":36,"gold_loss":0},{"damage_healed":0,"gold_gain":0,"player_choice":"Upgraded Two","damage_taken":0,"max_hp_gain":0,"max_hp_loss":0,"event_name":"Designer","floor":38,"gold_loss":40,"cards_upgraded":["Chrysalis","Shrug It Off"]}],"is_beta":false,"boss_relics":[{"not_picked":["Mark of Pain","Philosopher\u0027s Stone"],"picked":"Runic Cube"},{"not_picked":["Black Star","White Beast Statue"],"picked":"Tiny House"}],"items_purged_floors":[7,14,22,30,45],"is_endless":false,"potions_floor_spawned":[1,4,19,20,25,28,39,47,48],"killed_by":"Time Eater","ascension_level":0}