{"gold_per_floor":[367,367,367,268,283,283,311,211,211,211,211,10,10,10,10,114,114,124,138,48,63,82,82,94,94,94,31,31,7,7,25,25,121,121,121],"floor_reached":35,"playtime":778,"items_purged":["Defend_R","Defend_R","Strike_R"],"score":376,"play_id":"e03ce147-21b0-463b-8aa3-35042fe0656b","local_time":"20181210112826","is_ascension_mode":false,"campfire_choices":[{"data":"Bash","floor":6,"key":"SMITH"},{"data":"Clash","floor":11,"key":"SMITH"},{"data":"Shrug It Off","floor":15,"key":"SMITH"},{"data":"Strike_R","floor":23,"key":"SMITH"},{"data":"Strike_R","floor":25,"key":"SMITH"},{"floor":30,"key":"REST"},{"floor":32,"key":"REST"}],"neow_cost":"PERCENT_DAMAGE","seed_source_timestamp":267666277033419,"circlet_count":0,"master_deck":["Bash+1","Shrug It Off+1","Clash+1","Burning Pact+1","Heavy Blade+1","Feel No Pain+1"],"relics":["Burning Blood","Question Card","Pear","Membership Card","Philosopher\u0027s Stone","Gremlin Horn","Astrolabe"],"potions_floor_usage":[33,33,33],"damage_taken":[{"damage":1,"enemies":"Cultist","floor":1,"turns":4},{"damage":0,"enemies":"2 Louse","floor":5,"turns":2},{"damage":38,"enemies":"Lagavulin","floor":7,"turns":6},{"damage":45,"enemies":"Slime Boss","floor":16,"turns":9},{"damage":22,"enemies":"2 Thieves","floor":18,"turns":3},{"damage":3,"enemies":"Shell Parasite","floor":19,"turns":3},{"damage":29,"enemies":"Shelled Parasite and Fungi","floor":21,"turns":4},{"damage":16,"enemies":"Snecko","floor":22,"turns":3},{"damage":12,"enemies":"Cultist and Chosen","floor":24,"turns":5},{"damage":0,"enemies":"Centurion and Healer","floor":31,"turns":3},{"damage":72,"enemies":"Champ","floor":33,"turns":8},{"damage":5,"enemies":"3 Darklings","floor":35,"turns":3}],"seed_played":"2031228443073595990","potions_obtained":[{"floor":1,"key":"SkillPotion"},{"floor":16,"key":"Dexterity Potion"},{"floor":18,"key":"Regen Potion"}],"is_trial":false,"path_per_floor":["M","?","?","$","M","R","E","$","T","?","R","$","?","?","R","B",null,"M","M","?","M","M","R","M","R","T","$","?","$","R","M","R","B",null,"M"],"character_chosen":"IRONCLAD","items_purchased":["Shrug It Off","Membership Card","Strength Potion"],"campfire_rested":2,"item_purchase_floors":[4,12,29],"current_hp_per_floor":[61,61,61,61,67,67,35,35,45,38,38,38,38,68,68,29,90,74,77,77,54,44,44,38,38,38,38,20,20,48,54,82,31,95,90],"gold":121,"neow_bonus":"TWO_FIFTY_GOLD","is_prod":false,"is_daily":false,"chose_seed":false,"campfire_upgraded":5,"win_rate":0,"timestamp":1544459306,"path_taken":["M","?","?","?","?","R","E","$","T","?","R","$","?","?","R","BOSS","M","M","?","M","M","R","?","R","T","$","?","?","R","M","R","BOSS","M"],"build_version":"2018-12-06","purchased_purges":3,"victory":false,"max_hp_per_floor":[80,80,80,80,80,80,80,80,90,90,90,90,90,90,90,90,90,90,90,90,90,90,90,90,90,90,90,95,95,95,95,95,95,95,95],"card_choices":[{"not_picked":["Thunderclap","Heavy Blade","Anger"],"picked":"SKIP","floor":1},{"not_picked":["Heavy Blade","Fire Breathing"],"picked":"Clash","floor":5},{"not_picked":["Bludgeon","Anger","Perfected Strike"],"picked":"SKIP","floor":7},{"not_picked":["Clash","Pommel Strike+1","Shockwave","Havoc"],"picked":"SKIP","floor":18},{"not_picked":["Armaments","Iron Wave+1","Rampage+1","Clash+1"],"picked":"SKIP","floor":19},{"not_picked":["Sword Boomerang","Fiend Fire","Rampage","Anger"],"picked":"SKIP","floor":21},{"not_picked":["Ghostly Armor+1","Combust+1","Shrug It Off","Wild Strike"],"picked":"SKIP","floor":22},{"not_picked":["Power Through","Perfected Strike+1","Flex","Heavy Blade"],"picked":"SKIP","floor":24},{"not_picked":["Headbutt","Limit Break","Perfected Strike+1","Corruption"],"picked":"SKIP","floor":31}],"player_experience":310647,"relics_obtained":[{"floor":7,"key":"Question Card"},{"floor":9,"key":"Pear"},{"floor":26,"key":"Gremlin Horn"}],"event_choices":[{"damage_healed":0,"gold_gain":0,"player_choice":"Ignored","damage_taken":0,"max_hp_gain":0,"max_hp_loss":0,"event_name":"Liars Game","floor":2,"gold_loss":0},{"cards_removed":["Defend_R"],"damage_healed":0,"gold_gain":0,"player_choice":"Forget","damage_taken":0,"max_hp_gain":0,"max_hp_loss":0,"event_name":"Living Wall","floor":3,"gold_loss":0},{"cards_removed":["Defend_R"],"damage_healed":0,"gold_gain":0,"player_choice":"Card Removal","damage_taken":7,"max_hp_gain":0,"max_hp_loss":0,"event_name":"Golden Wing","floor":10,"gold_loss":0},{"damage_healed":0,"gold_gain":0,"player_choice":"Leave","damage_taken":0,"max_hp_gain":0,"max_hp_loss":0,"event_name":"The Cleric","floor":13,"gold_loss":0},{"damage_healed":30,"gold_gain":0,"player_choice":"Banana","damage_taken":0,"max_hp_gain":0,"max_hp_loss":0,"event_name":"Big Fish","floor":14,"gold_loss":0},{"cards_removed":["Strike_R"],"damage_healed":0,"gold_gain":0,"player_choice":"Upgrade and Remove","damage_taken":0,"max_hp_gain":0,"max_hp_loss":0,"event_name":"Designer","floor":20,"gold_loss":90,"cards_upgraded":["Strike_R"]},{"damage_healed":0,"gold_gain":0,"player_choice":"Shed Blood","damage_taken":23,"max_hp_gain":5,"max_hp_loss":0,"event_name":"Forgotten Altar","floor":28,"gold_loss":0}],"is_beta":false,"boss_relics":[{"not_picked":["Mark of Pain","Black Star"],"picked":"Philosopher\u0027s Stone"},{"not_picked":["Runic Dome","Snecko Eye"],"picked":"Astrolabe"}],"items_purged_floors":[4,8,27],"is_endless":false,"potions_floor_spawned":[1,16,18],"killed_by":"3 Darklings","ascension_level":0}