{"gold_per_floor":[109,120,138,153,163,191,191,203,203,203,220,247,7,7,7,104,104,119,95,95,20,120,120,120,146,199,199,214,10,10,10,10,10],"floor_reached":33,"playtime":3570,"items_purged":["Strike_R","Strike_R"],"score":358,"play_id":"4ac2829b-db55-4f8f-913f-baab890c0938","local_time":"20190107001543","is_ascension_mode":true,"campfire_choices":[{"floor":7,"key":"REST"},{"data":"Pommel Strike","floor":10,"key":"SMITH"},{"floor":15,"key":"REST"},{"floor":23,"key":"REST"},{"floor":27,"key":"REST"},{"floor":32,"key":"RECALL"}],"neow_cost":"NONE","seed_source_timestamp":366988124836504,"circlet_count":0,"master_deck":["Strike_R","Strike_R+1","Defend_R","Defend_R","Defend_R","Bash","Pommel Strike+1","Sword Boomerang","Pummel+1","Thunderclap","Clothesline","Metallicize","Metallicize","Seeing Red","Twin Strike","Feel No Pain","Shockwave","Limit Break","Pommel Strike","Armaments","Infernal Blade","Headbutt+1","Impervious","Disarm","Metallicize"],"relics":["Burning Blood","NeowsBlessing","Whetstone","Mummified Hand","Vajra","Mark of Pain","Bird Faced Urn","Gremlin Horn","Pen Nib","Potion Belt"],"potions_floor_usage":[6,6,11,22,25],"damage_taken":[{"damage":0,"enemies":"Cultist","floor":1,"turns":1},{"damage":0,"enemies":"2 Louse","floor":2,"turns":1},{"damage":0,"enemies":"Jaw Worm","floor":3,"turns":1},{"damage":14,"enemies":"3 Louse","floor":4,"turns":3},{"damage":16,"enemies":"Red Slaver","floor":5,"turns":4},{"damage":28,"enemies":"Gremlin Nob","floor":6,"turns":4},{"damage":6,"enemies":"Looter","floor":8,"turns":3},{"damage":7,"enemies":"Exordium Thugs","floor":11,"turns":4},{"damage":22,"enemies":"Lagavulin","floor":12,"turns":7},{"damage":14,"enemies":"Slime Boss","floor":16,"turns":7},{"damage":17,"enemies":"Shell Parasite","floor":18,"turns":3},{"damage":20,"enemies":"Colosseum Slavers","floor":22,"turns":5},{"damage":50,"enemies":"Colosseum Nobs","floor":22,"turns":5},{"damage":0,"enemies":"Gremlin Leader","floor":25,"turns":4},{"damage":13,"enemies":"Spheric Guardian","floor":28,"turns":4},{"damage":113,"enemies":"Automaton","floor":33,"turns":12}],"seed_played":"-2388638268946578775","potions_obtained":[{"floor":1,"key":"PowerPotion"},{"floor":4,"key":"FearPotion"},{"floor":6,"key":"SkillPotion"},{"floor":22,"key":"Poison Potion"}],"is_trial":false,"path_per_floor":["M","M","M","M","M","E","R","M","T","R","M","E","$","$","R","B",null,"M","$","?","?","?","R","T","E","T","R","M","$","?","$","R","B"],"character_chosen":"IRONCLAD","items_purchased":["Feel No Pain","Shockwave","Dexterity Potion","Armaments","Disarm","Metallicize"],"campfire_rested":4,"item_purchase_floors":[13,13,13,19,29,29],"current_hp_per_floor":[80,80,80,72,62,40,64,64,64,64,63,47,47,47,71,63,80,69,69,69,69,11,35,35,47,47,71,68,68,68,68,68,0],"gold":10,"neow_bonus":"THREE_ENEMY_KILL","is_prod":false,"is_daily":false,"chose_seed":false,"campfire_upgraded":1,"win_rate":0,"timestamp":1546812943,"path_taken":["M","M","M","?","M","E","R","M","T","R","M","E","?","$","R","BOSS","M","$","?","?","?","R","?","E","T","R","?","?","?","$","R","BOSS"],"build_version":"2019-01-03v4","purchased_purges":2,"victory":false,"max_hp_per_floor":[80,80,80,80,80,80,80,80,80,80,80,80,80,80,80,80,80,80,80,80,80,80,80,80,80,80,80,80,80,80,80,80,80],"card_choices":[{"not_picked":["Rupture","Warcry"],"picked":"Pommel Strike","floor":1},{"not_picked":["Fire Breathing","Battle Trance"],"picked":"Sword Boomerang","floor":2},{"not_picked":["Clash","Carnage"],"picked":"Pummel","floor":3},{"not_picked":["Rupture","Clash"],"picked":"Thunderclap","floor":4},{"not_picked":["Heavy Blade","Thunderclap"],"picked":"Clothesline","floor":5},{"not_picked":["Corruption","Fiend Fire"],"picked":"Metallicize","floor":6},{"not_picked":["Heavy Blade","Flex"],"picked":"Metallicize","floor":8},{"not_picked":["Burning Pact","Reckless Charge"],"picked":"Seeing Red","floor":11},{"not_picked":["Body Slam","Fiend Fire"],"picked":"Twin Strike","floor":12},{"not_picked":["Bludgeon","Berserk"],"picked":"Limit Break","floor":16},{"not_picked":["Flex","Hemokinesis"],"picked":"Pommel Strike","floor":18},{"not_picked":["Havoc","Clothesline"],"picked":"Headbutt+1","floor":22},{"not_picked":["Seeing Red+1","Rampage"],"picked":"Impervious","floor":25},{"not_picked":["True Grit","Sever Soul","Thunderclap+1"],"picked":"SKIP","floor":28}],"player_experience":102662,"relics_obtained":[{"floor":6,"key":"Whetstone"},{"floor":9,"key":"Mummified Hand"},{"floor":12,"key":"Vajra"},{"floor":22,"key":"Bird Faced Urn"},{"floor":22,"key":"Gremlin Horn"},{"floor":25,"key":"Pen Nib"},{"floor":26,"key":"Potion Belt"}],"event_choices":[{"damage_healed":0,"gold_gain":0,"player_choice":"Read","damage_taken":0,"max_hp_gain":0,"max_hp_loss":0,"event_name":"The Library","floor":20,"gold_loss":0,"cards_obtained":["Infernal Blade"]},{"cards_removed":["Defend_R"],"damage_healed":0,"gold_gain":0,"player_choice":"Gave Gold","damage_taken":0,"max_hp_gain":0,"max_hp_loss":0,"event_name":"Beggar","floor":21,"gold_loss":75},{"damage_healed":0,"gold_gain":0,"player_choice":"Fight","damage_taken":0,"max_hp_gain":0,"max_hp_loss":0,"event_name":"Colosseum","floor":22,"gold_loss":0},{"damage_healed":0,"gold_gain":0,"player_choice":"Fought Nobs","damage_taken":0,"max_hp_gain":0,"max_hp_loss":0,"event_name":"Colosseum","floor":22,"gold_loss":0},{"cards_removed":["Strike_R"],"damage_healed":0,"gold_gain":0,"player_choice":"Purged","damage_taken":0,"max_hp_gain":0,"max_hp_loss":0,"event_name":"Purifier","floor":30,"gold_loss":0}],"is_beta":false,"boss_relics":[{"not_picked":["Snecko Eye","Astrolabe"],"picked":"Mark of Pain"}],"items_purged_floors":[13,29],"is_endless":false,"potions_floor_spawned":[1,4,6,22],"killed_by":"Automaton","ascension_level":4}