{"gold_per_floor":[113,113,125,125,4,4,4,24,24,37,55,55,23,38,38,143,143],"floor_reached":17,"playtime":562,"items_purged":["Normality"],"score":147,"play_id":"9e8e714d-4a1e-4f7a-88bb-17feca9546d1","local_time":"20190306082128","is_ascension_mode":false,"campfire_choices":[{"data":"Poisoned Stab","floor":6,"key":"SMITH"},{"data":"Bouncing Flask","floor":12,"key":"SMITH"},{"data":"Footwork","floor":15,"key":"SMITH"}],"neow_cost":"NONE","seed_source_timestamp":323562193474743,"circlet_count":0,"master_deck":["Defend_G","Defend_G","Defend_G+1","Defend_G","Defend_G","Strike_G","Strike_G","Strike_G","Strike_G","Survivor","Neutralize","Regret","Writhe","Deadly Poison+1","Footwork+1","Concentrate","Poisoned Stab+1","Backstab","Bouncing Flask+1","PiercingWail","Burst"],"relics":["Calling Bell","Orichalcum","Pear","The Specimen","Torii"],"potions_floor_usage":[16,16],"damage_taken":[{"damage":12,"enemies":"Cultist","floor":1,"turns":6},{"damage":5,"enemies":"Small Slimes","floor":3,"turns":4},{"damage":4,"enemies":"2 Louse","floor":8,"turns":3},{"damage":15,"enemies":"Gremlin Gang","floor":10,"turns":5},{"damage":4,"enemies":"Exordium Thugs","floor":11,"turns":5},{"damage":0,"enemies":"Large Slime","floor":14,"turns":3},{"damage":15,"enemies":"Hexaghost","floor":16,"turns":12}],"seed_played":"1476608152589744762","potions_obtained":[{"floor":3,"key":"Dexterity Potion"},{"floor":11,"key":"SkillPotion"}],"is_trial":false,"path_per_floor":["M","?","M","?","$","R","$","M","T","M","M","R","?","M","R","B",null],"character_chosen":"THE_SILENT","items_purchased":["Poisoned Stab"],"campfire_rested":0,"item_purchase_floors":[5],"current_hp_per_floor":[68,52,47,47,47,47,47,43,43,28,24,24,24,24,24,9,9],"gold":143,"neow_bonus":"BOSS_RELIC","is_prod":false,"is_daily":false,"chose_seed":false,"campfire_upgraded":3,"win_rate":0,"timestamp":1551878488,"path_taken":["M","?","M","?","$","R","$","?","T","M","M","R","?","M","R","BOSS"],"build_version":"2019-01-23","purchased_purges":1,"victory":false,"max_hp_per_floor":[80,80,80,80,80,80,80,80,80,80,80,80,80,80,80,80,80],"card_choices":[{"not_picked":["Slice","Underhanded Strike"],"picked":"Deadly Poison","floor":1},{"not_picked":["Flechettes","Backflip"],"picked":"Footwork","floor":3},{"not_picked":["Sucker Punch","Eviscerate"],"picked":"Backstab","floor":8},{"not_picked":["Sucker Punch","Deflect"],"picked":"Bouncing Flask","floor":10},{"not_picked":["Poisoned Stab","Escape Plan"],"picked":"PiercingWail","floor":11},{"not_picked":["Finisher","Calculated Gamble","Expertise"],"picked":"SKIP","floor":14},{"not_picked":["Doppelganger","Unload"],"picked":"Burst","floor":16}],"player_experience":453214,"relics_obtained":[{"floor":0,"key":"Orichalcum"},{"floor":0,"key":"Pear"},{"floor":0,"key":"The Specimen"},{"floor":9,"key":"Torii"}],"event_choices":[{"damage_healed":0,"gold_gain":0,"player_choice":"Entered Light","damage_taken":16,"max_hp_gain":0,"max_hp_loss":0,"event_name":"Shining Light","floor":2,"gold_loss":0,"cards_upgraded":["Deadly Poison","Defend_G"]},{"damage_healed":0,"gold_gain":0,"cards_transformed":["Strike_G"],"player_choice":"Transformed","damage_taken":0,"max_hp_gain":0,"max_hp_loss":0,"event_name":"Transmorgrifier","floor":4,"gold_loss":0,"cards_obtained":["Concentrate"]},{"damage_healed":0,"gold_gain":0,"player_choice":"Left Gold","damage_taken":0,"max_hp_gain":0,"max_hp_loss":0,"event_name":"World of Goop","floor":13,"gold_loss":32}],"is_beta":false,"boss_relics":[],"items_purged_floors":[5],"is_endless":false,"potions_floor_spawned":[3,11],"ascension_level":0}