{"gold_per_floor":[112,112,34,34,52,52,85,85,108,140,140,140,155,175,175,250,250,270,270,280,195,214,241,253,280,292,304,348,360,382,18,18,92,92,103,203,215,42,0,0],"floor_reached":40,"playtime":1759,"items_purged":["Strike_R"],"score":914,"play_id":"309b34e9-bf92-43cd-b6c3-c1b9aefa33d6","local_time":"20190515020908","is_ascension_mode":true,"campfire_choices":[{"data":"Immolate","floor":6.0,"key":"SMITH"},{"data":"True Grit","floor":8.0,"key":"SMITH"},{"data":"Clothesline","floor":12.0,"key":"SMITH"},{"data":"Disarm","floor":15.0,"key":"SMITH"},{"floor":24.0,"key":"REST"},{"floor":27.0,"key":"REST"},{"data":"Limit Break","floor":29,"key":"SMITH"},{"data":"Heavy Blade","floor":32,"key":"SMITH"}],"neow_cost":"TEN_PERCENT_HP_LOSS","seed_source_timestamp":736590328299910,"circlet_count":0,"master_deck":["AscendersBane","Strike_R","Strike_R","Strike_R","Strike_R","Defend_R","Defend_R+1","Defend_R","Defend_R","Bash","Immolate+1","Inflame","Disarm+1","True Grit+1","Clothesline+1","Dark Embrace","Limit Break+1","True Grit","True Grit+1","Burning Pact+1","Corruption","Heavy Blade+1","Inflame","Impervious","Limit Break","Headbutt","Entrench","Shrug It Off","Limit Break"],"special_seed":0,"relics":["Burning Blood","Shuriken","Bag of Marbles","Paper Frog","Strawberry","Pantograph","Velvet Choker","Centennial Puzzle","MawBank","Meat on the Bone","War Paint","Eternal Feather","StoneCalendar","Red Mask"],"potions_floor_usage":[28,30,35,36],"damage_taken":[{"damage":7.0,"enemies":"Small Slimes","floor":1.0,"turns":2.0},{"damage":0.0,"enemies":"Cultist","floor":5.0,"turns":3.0},{"damage":29.0,"enemies":"Gremlin Nob","floor":7.0,"turns":4.0},{"damage":30.0,"enemies":"3 Sentries","floor":10.0,"turns":5.0},{"damage":0.0,"enemies":"Jaw Worm","floor":13.0,"turns":2.0},{"damage":0.0,"enemies":"Exordium Wildlife","floor":14.0,"turns":3.0},{"damage":23.0,"enemies":"The Guardian","floor":16.0,"turns":15.0},{"damage":19.0,"enemies":"Shell Parasite","floor":18.0,"turns":6.0},{"damage":7.0,"enemies":"3 Byrds","floor":20.0,"turns":4.0},{"damage":14.0,"enemies":"Snake Plant","floor":22.0,"turns":5.0},{"damage":53.0,"enemies":"Slavers","floor":23.0,"turns":6.0},{"damage":4.0,"enemies":"Centurion and Healer","floor":25.0,"turns":6.0},{"damage":45,"enemies":"Book of Stabbing","floor":28,"turns":6},{"damage":24,"enemies":"Sentry and Sphere","floor":30,"turns":7},{"damage":13,"enemies":"Champ","floor":33,"turns":12},{"damage":54,"enemies":"3 Darklings","floor":35,"turns":8},{"damage":2,"enemies":"Mind Bloom Boss Battle","floor":36,"turns":6},{"damage":53,"enemies":"Orb Walker","floor":37,"turns":5},{"damage":40,"enemies":"Giant Head","floor":40,"turns":4}],"seed_played":"6561936036785802697","potions_obtained":[{"floor":1.0,"key":"SmokeBomb"},{"floor":14.0,"key":"Strength Potion"},{"floor":16.0,"key":"FairyPotion"},{"floor":23.0,"key":"Weak Potion"},{"floor":28,"key":"Block Potion"},{"floor":30,"key":"AttackPotion"},{"floor":36,"key":"Poison Potion"}],"is_trial":false,"path_per_floor":["M","?","$","?","M","R","E","R","T","E","?","R","M","M","R","B",null,"M","?","M","?","M","E","R","M","T","R","E","R","M","$","R","B",null,"M","?","M","$","?","E"],"character_chosen":"IRONCLAD","items_purchased":["Disarm","Inflame","Impervious","Block Potion","Limit Break"],"campfire_rested":2,"item_purchase_floors":[3,31,31,31,38],"current_hp_per_floor":[67,56,56,56,62,62,39,39,46,22,22,22,28,34,34,42,67,54,54,53,53,45,10,32,34,34,56,29,29,23,23,23,53,70,34,63,28,28,28,0],"gold":0,"neow_bonus":"THREE_RARE_CARDS","is_prod":false,"is_daily":false,"chose_seed":false,"campfire_upgraded":6,"win_rate":0,"timestamp":1557900548,"path_taken":["M","?","$","?","?","R","E","R","T","E","?","R","M","M","R","BOSS","M","?","?","?","M","E","R","M","T","R","E","R","M","?","R","BOSS","M","?","M","$","?","E"],"build_version":"2019-01-23","purchased_purges":1,"victory":false,"max_hp_per_floor":[68,68,68,68,68,68,68,68,75,75,75,75,75,75,75,75,75,75,75,75,75,75,75,75,75,75,75,75,75,75,75,75,75,75,75,75,75,75,75,75],"card_choices":[{"not_picked":["Brutality","Bludgeon"],"picked":"Immolate","floor":0.0},{"not_picked":["True Grit","Whirlwind"],"picked":"Inflame","floor":1.0},{"not_picked":["Clothesline","Havoc"],"picked":"True Grit","floor":5.0},{"not_picked":["Dropkick","Burning Pact","Body Slam"],"picked":"SKIP","floor":7.0},{"not_picked":["Iron Wave","Clash"],"picked":"Clothesline","floor":10.0},{"not_picked":["Havoc","Combust","Dual Wield"],"picked":"SKIP","floor":13.0},{"not_picked":["Combust","Heavy Blade","Pummel"],"picked":"SKIP","floor":14.0},{"not_picked":["Brutality","Dark Embrace"],"picked":"Limit Break","floor":16.0},{"not_picked":["Thunderclap","Reckless Charge"],"picked":"True Grit","floor":18.0},{"not_picked":["Ghostly Armor","True Grit","Pommel Strike"],"picked":"SKIP","floor":20.0},{"not_picked":["Flex","Cleave"],"picked":"True Grit+1","floor":22.0},{"not_picked":["Clash","Havoc"],"picked":"Burning Pact","floor":23.0},{"not_picked":["True Grit","Heavy Blade"],"picked":"Corruption","floor":25.0},{"not_picked":["Cleave+1","True Grit","Flex"],"picked":"SKIP","floor":28},{"not_picked":["Sword Boomerang","Clash"],"picked":"Heavy Blade","floor":30},{"not_picked":["Immolate","Impervious"],"picked":"Limit Break","floor":33},{"not_picked":["Headbutt","True Grit+1","Sword Boomerang"],"picked":"SKIP","floor":35},{"not_picked":["True Grit+1","Sword Boomerang"],"picked":"Headbutt","floor":35},{"not_picked":["Pommel Strike","Havoc"],"picked":"Entrench","floor":36},{"not_picked":["Cleave","True Grit"],"picked":"Shrug It Off","floor":37}],"player_experience":626684,"relics_obtained":[{"floor":7.0,"key":"Paper Frog"},{"floor":9.0,"key":"Strawberry"},{"floor":10.0,"key":"Pantograph"},{"floor":23.0,"key":"MawBank"},{"floor":26.0,"key":"Meat on the Bone"},{"floor":28,"key":"War Paint"},{"floor":36,"key":"StoneCalendar"}],"event_choices":[{"damage_healed":0.0,"max_hp_gain":0.0,"max_hp_loss":0.0,"gold_gain":0.0,"event_name":"Scrap Ooze","player_choice":"Success","floor":2.0,"gold_loss":0.0,"damage_taken":11.0,"relics_obtained":["Shuriken"]},{"damage_healed":0.0,"max_hp_gain":0.0,"max_hp_loss":0.0,"gold_gain":0.0,"event_name":"WeMeetAgain","player_choice":"Gave Potion","floor":4.0,"gold_loss":0.0,"damage_taken":0.0,"relics_obtained":["Bag of Marbles"]},{"damage_healed":0.0,"max_hp_gain":0.0,"max_hp_loss":0.0,"gold_gain":0.0,"event_name":"Match and Keep!","player_choice":"1 cards matched","floor":11.0,"gold_loss":0.0,"damage_taken":0.0,"cards_obtained":["Dark Embrace"]},{"damage_healed":0.0,"max_hp_gain":0.0,"max_hp_loss":0.0,"gold_gain":0.0,"event_name":"Match and Keep!","player_choice":"0 cards matched","floor":19.0,"gold_loss":0.0,"damage_taken":0.0,"cards_obtained":[]},{"damage_healed":0.0,"max_hp_gain":0.0,"max_hp_loss":0.0,"gold_gain":0.0,"event_name":"Addict","player_choice":"Obtained Relic","floor":21.0,"gold_loss":85.0,"damage_taken":0.0,"relics_obtained":["Centennial Puzzle"]},{"damage_healed":0,"gold_gain":0,"player_choice":"Fight","damage_taken":0,"max_hp_gain":0,"max_hp_loss":0,"event_name":"MindBloom","floor":36,"gold_loss":0},{"damage_healed":0,"gold_gain":0,"player_choice":"Paid","damage_taken":0,"relics_obtained":["Red Mask"],"max_hp_gain":0,"max_hp_loss":0,"event_name":"Tomb of Lord Red Mask","floor":39,"gold_loss":42}],"is_beta":false,"boss_relics":[{"not_picked":["Pandora\u0027s Box","White Beast Statue"],"picked":"Velvet Choker"},{"not_picked":["Tiny House","Calling Bell"],"picked":"Eternal Feather"}],"items_purged_floors":[31],"is_endless":false,"potions_floor_spawned":[1,14,16,22,23,25,28,30,36],"killed_by":"Giant Head","ascension_level":20}