{"gold_per_floor":[115,115,90,110,129,129,129,129,152,179,179,30,30,45,45,120,120,131,131,148,148,161,161,172,172,172,172,183,201,218,40,40,113,113,130,147,165,40,40,67,67,167,193,204,102,116,116,116,116,116],"floor_reached":51,"playtime":4025,"items_purged":["Strike_R","Strike_R","Defend_R"],"score":1076,"play_id":"231441ec-63cf-4abb-b840-1a45a0e88dfb","local_time":"20190128144942","is_ascension_mode":true,"campfire_choices":[{"data":"True Grit","floor":6.0,"key":"SMITH"},{"data":"Shrug It Off","floor":8.0,"key":"SMITH"},{"floor":11.0,"key":"DIG"},{"floor":15.0,"key":"DIG"},{"data":"Flame Barrier","floor":23.0,"key":"SMITH"},{"data":"Defend_R","floor":27.0,"key":"SMITH"},{"data":"Bash","floor":32.0,"key":"SMITH"},{"data":"Limit Break","floor":41.0,"key":"SMITH"},{"data":"Defend_R","floor":49,"key":"PURGE"}],"neow_cost":"NONE","seed_source_timestamp":1451951682366951,"circlet_count":0,"master_deck":["AscendersBane","Strike_R+1","Strike_R+1","Defend_R+1","Bash+1","Inflame","True Grit+1","Twin Strike","Shrug It Off+1","Spot Weakness","Metallicize","Pommel Strike+1","Reaper","Headbutt","Flame Barrier+1","Inflame+1","Flame Barrier+1","Battle Trance","Limit Break+1","Limit Break+1"],"special_seed":0,"relics":["Coffee Dripper","Red Skull","Shovel","Whetstone","Ice Cream","Mark of Pain","Question Card","Lizard Tail","Dream Catcher","Peace Pipe","Bag of Marbles"],"potions_floor_usage":[50,50],"damage_taken":[{"damage":2.0,"enemies":"Small Slimes","floor":1.0,"turns":4.0},{"damage":5.0,"enemies":"Jaw Worm","floor":4.0,"turns":3.0},{"damage":0.0,"enemies":"2 Louse","floor":5.0,"turns":2.0},{"damage":24.0,"enemies":"Gremlin Nob","floor":10.0,"turns":4.0},{"damage":6.0,"enemies":"Red Slaver","floor":14.0,"turns":3.0},{"damage":13.0,"enemies":"The Guardian","floor":16.0,"turns":6.0},{"damage":12.0,"enemies":"Chosen","floor":18.0,"turns":4.0},{"damage":19.0,"enemies":"Shell Parasite","floor":20.0,"turns":5.0},{"damage":30.0,"enemies":"Shelled Parasite and Fungi","floor":22.0,"turns":7.0},{"damage":7.0,"enemies":"Centurion and Healer","floor":24.0,"turns":7.0},{"damage":0.0,"enemies":"3 Cultists","floor":28.0,"turns":5.0},{"damage":18.0,"enemies":"Snake Plant","floor":29.0,"turns":5.0},{"damage":4.0,"enemies":"Cultist and Chosen","floor":30.0,"turns":6.0},{"damage":27.0,"enemies":"Automaton","floor":33.0,"turns":12.0},{"damage":0.0,"enemies":"Orb Walker","floor":35.0,"turns":2.0},{"damage":50.0,"enemies":"3 Shapes","floor":36.0,"turns":3.0},{"damage":2.0,"enemies":"Jaw Worm Horde","floor":37.0,"turns":3.0},{"damage":14.0,"enemies":"Giant Head","floor":40.0,"turns":6.0},{"damage":3.0,"enemies":"Mind Bloom Boss Battle","floor":42.0,"turns":5.0},{"damage":10.0,"enemies":"Maw","floor":44.0,"turns":6.0},{"damage":26.0,"enemies":"3 Darklings","floor":46.0,"turns":5.0},{"damage":68,"enemies":"Awakened One","floor":50,"turns":6}],"seed_played":"57413914697677641","potions_obtained":[{"floor":10.0,"key":"SteroidPotion"},{"floor":14.0,"key":"LiquidBronze"},{"floor":24.0,"key":"Swift Potion"},{"floor":28.0,"key":"SteroidPotion"},{"floor":30.0,"key":"Swift Potion"},{"floor":36.0,"key":"Regen Potion"},{"floor":42.0,"key":"Fire Potion"}],"is_trial":false,"path_per_floor":["M","?","$","M","M","R","?","R","T","E","R","$","?","M","R","B",null,"M","?","M","?","M","R","M","?","T","R","M","M","M","$","R","B",null,"M","M","M","$","?","E","R","?","T","M","$","M","?","$","R","B",null],"character_chosen":"IRONCLAD","items_purchased":["True Grit","Metallicize","Battle Trance","Strength Potion","SpeedPotion"],"campfire_rested":0,"item_purchase_floors":[3,12,31,45,45],"current_hp_per_floor":[70,70,70,65,65,65,65,65,65,41,41,41,80,74,74,61,75,72,72,62,62,44,44,55,55,55,55,80,68,76,76,76,61,75,80,30,58,58,58,80,80,80,80,70,70,80,80,80,80,54],"gold":116,"neow_bonus":"BOSS_RELIC","is_prod":false,"is_daily":false,"chose_seed":false,"campfire_upgraded":6,"win_rate":0,"timestamp":1548679782,"path_taken":["M","?","$","M","M","R","?","R","T","E","R","$","?","M","R","BOSS","M","?","M","?","?","R","M","?","T","R","M","?","M","$","R","BOSS","M","M","M","?","?","E","R","?","T","M","$","?","?","$","R","BOSS"],"build_version":"2019-01-23","purchased_purges":3,"victory":true,"max_hp_per_floor":[80,80,80,80,80,80,80,80,80,80,80,80,80,80,80,80,80,80,80,80,80,80,80,80,80,80,80,80,80,80,80,80,80,80,80,80,80,80,80,80,80,80,80,80,80,80,80,80,80,80],"card_choices":[{"not_picked":["Cleave","Warcry"],"picked":"Inflame","floor":1.0},{"not_picked":["Thunderclap","Blood for Blood"],"picked":"Twin Strike","floor":4.0},{"not_picked":["Iron Wave","Warcry"],"picked":"Shrug It Off","floor":5.0},{"not_picked":["Second Wind","Juggernaut"],"picked":"Spot Weakness","floor":10.0},{"not_picked":["Flex","Perfected Strike"],"picked":"Pommel Strike","floor":14.0},{"not_picked":["Barricade","Juggernaut"],"picked":"Reaper","floor":16.0},{"not_picked":["Havoc","Perfected Strike+1"],"picked":"Headbutt","floor":18.0},{"not_picked":["Perfected Strike","Reckless Charge+1","Wild Strike"],"picked":"SKIP","floor":20.0},{"not_picked":["Twin Strike+1","Pummel"],"picked":"Flame Barrier","floor":22.0},{"not_picked":["Havoc","Iron Wave","Heavy Blade"],"picked":"SKIP","floor":24.0},{"not_picked":["Perfected Strike+1","Headbutt","Rampage"],"picked":"Inflame+1","floor":28.0},{"not_picked":["Headbutt","Second Wind","Cleave","Perfected Strike"],"picked":"SKIP","floor":29.0},{"not_picked":["Thunderclap","Clothesline","Twin Strike"],"picked":"Flame Barrier+1","floor":30.0},{"not_picked":["Juggernaut","Double Tap","Berserk"],"picked":"Limit Break","floor":33.0},{"not_picked":["Thunderclap+1","Body Slam","Armaments","Twin Strike"],"picked":"SKIP","floor":35.0},{"not_picked":["Seeing Red","Hemokinesis","Ghostly Armor"],"picked":"Limit Break","floor":36.0},{"not_picked":["Clothesline","Intimidate","Shrug It Off","Sword Boomerang"],"picked":"SKIP","floor":37.0},{"not_picked":["Immolate","Armaments","Wild Strike+1","Second Wind+1"],"picked":"SKIP","floor":40.0},{"not_picked":["Clothesline","Heavy Blade","True Grit+1","Body Slam"],"picked":"SKIP","floor":44.0},{"not_picked":["Perfected Strike","Carnage","Searing Blow","Cleave"],"picked":"SKIP","floor":46.0}],"player_experience":411529,"relics_obtained":[{"floor":9.0,"key":"Red Skull"},{"floor":10.0,"key":"Shovel"},{"floor":11.0,"key":"Whetstone"},{"floor":15.0,"key":"Ice Cream"},{"floor":26.0,"key":"Question Card"},{"floor":40.0,"key":"Dream Catcher"},{"floor":42.0,"key":"Peace Pipe"},{"floor":43.0,"key":"Bag of Marbles"}],"event_choices":[{"damage_healed":0.0,"max_hp_gain":0.0,"max_hp_loss":0.0,"gold_gain":0.0,"event_name":"Golden Idol","player_choice":"Ignored","floor":2.0,"gold_loss":0.0,"damage_taken":0.0},{"damage_healed":0.0,"max_hp_gain":0.0,"max_hp_loss":0.0,"gold_gain":0.0,"event_name":"Dead Adventurer","player_choice":"Searched \u00270\u0027 times","floor":7.0,"gold_loss":0.0,"damage_taken":0.0},{"damage_healed":39.0,"max_hp_gain":0.0,"max_hp_loss":0.0,"gold_gain":0.0,"event_name":"Wheel of Change","player_choice":"Full Heal","floor":13.0,"gold_loss":0.0,"damage_taken":0.0},{"cards_removed":["Strike_R"],"damage_healed":0.0,"max_hp_gain":0.0,"max_hp_loss":0.0,"gold_gain":0.0,"event_name":"Bonfire Elementals","player_choice":"Offered Basic","floor":21.0,"gold_loss":0.0,"damage_taken":0.0},{"damage_healed":0.0,"max_hp_gain":0.0,"max_hp_loss":0.0,"gold_gain":0.0,"event_name":"Accursed Blacksmith","player_choice":"Forge","floor":25.0,"gold_loss":0.0,"damage_taken":0.0,"cards_upgraded":["Pommel Strike"]},{"cards_removed":["Defend_R"],"damage_healed":0.0,"max_hp_gain":0.0,"max_hp_loss":0.0,"gold_gain":0.0,"event_name":"Falling","player_choice":"Removed Skill","floor":39.0,"gold_loss":0.0,"damage_taken":0.0},{"damage_healed":0.0,"max_hp_gain":0.0,"max_hp_loss":0.0,"gold_gain":0.0,"event_name":"MindBloom","player_choice":"Fight","floor":42.0,"gold_loss":0.0,"damage_taken":0.0},{"damage_healed":0.0,"max_hp_gain":0.0,"max_hp_loss":0.0,"gold_gain":0.0,"event_name":"Upgrade Shrine","player_choice":"Upgraded","floor":47.0,"gold_loss":0.0,"damage_taken":0.0,"cards_upgraded":["Limit Break"]}],"is_beta":false,"boss_relics":[{"not_picked":["Orrery","White Beast Statue"],"picked":"Mark of Pain"},{"not_picked":["Snecko Eye","Empty Cage"],"picked":"Lizard Tail"}],"items_purged_floors":[12,31,38],"is_endless":false,"potions_floor_spawned":[10,14,24,28,30,36,42],"ascension_level":13}