{"gold_per_floor":[113,113,113,113,126,126,154,104,104,115,115,126,51,68,68,169,169,183,197,97,117,127,152,77,77,104,117,117,117,132,142,142,243,243,258,270,283,158,158,8,108,108,108,108,108,121,136,136,136,136],"floor_reached":50,"playtime":1449,"items_purged":["Defend_R","Defend_R","Strike_R","Strike_R"],"score":464,"play_id":"3bba7e58-2329-4e1a-ac42-aa1843561bc7","local_time":"20181210105534","is_ascension_mode":false,"campfire_choices":[{"data":"Clash","floor":6,"key":"SMITH"},{"data":"Dropkick","floor":15,"key":"SMITH"},{"data":"Shrug It Off","floor":29,"key":"SMITH"},{"floor":32,"key":"REST"},{"floor":42,"key":"REST"},{"floor":45,"key":"REST"},{"floor":49,"key":"REST"}],"neow_cost":"NONE","seed_source_timestamp":265023761220321,"circlet_count":0,"master_deck":["Strike_R+1","Bash+1","Clash+1","Dropkick+1"],"relics":["Burning Blood","Bronze Scales","Bag of Preparation","Bottled Flame","Red Skull","Sozu","Whetstone","Dream Catcher","Busted Crown","Thread and Needle","Champion Belt"],"potions_floor_usage":[16,41,50,50],"damage_taken":[{"damage":1,"enemies":"Cultist","floor":1,"turns":4},{"damage":2,"enemies":"Small Slimes","floor":5,"turns":3},{"damage":35,"enemies":"3 Sentries","floor":7,"turns":7},{"damage":5,"enemies":"2 Louse","floor":10,"turns":2},{"damage":11,"enemies":"Large Slime","floor":12,"turns":3},{"damage":13,"enemies":"Gremlin Gang","floor":14,"turns":3},{"damage":16,"enemies":"Slime Boss","floor":16,"turns":6},{"damage":10,"enemies":"Spheric Guardian","floor":18,"turns":3},{"damage":10,"enemies":"Chosen","floor":19,"turns":2},{"damage":15,"enemies":"Snecko","floor":21,"turns":2},{"damage":12,"enemies":"Centurion and Healer","floor":22,"turns":3},{"damage":18,"enemies":"Gremlin Leader","floor":23,"turns":3},{"damage":2,"enemies":"Cultist and Chosen","floor":27,"turns":3},{"damage":0,"enemies":"Chosen and Byrds","floor":30,"turns":3},{"damage":1,"enemies":"Centurion and Healer","floor":31,"turns":3},{"damage":57,"enemies":"Automaton","floor":33,"turns":7},{"damage":4,"enemies":"Orb Walker","floor":35,"turns":2},{"damage":16,"enemies":"3 Darklings","floor":36,"turns":4},{"damage":20,"enemies":"4 Shapes","floor":37,"turns":4},{"damage":0,"enemies":"Mind Bloom Boss Battle","floor":41,"turns":4},{"damage":17,"enemies":"Sphere and 2 Shapes","floor":46,"turns":3},{"damage":0,"enemies":"Transient","floor":47,"turns":5},{"damage":91,"enemies":"Awakened One","floor":50,"turns":7}],"seed_played":"-3544102461019413879","potions_obtained":[{"floor":1,"key":"Strength Potion"},{"floor":5,"key":"SkillPotion"},{"floor":10,"key":"Swift Potion"},{"floor":16,"key":"EssenceOfSteel"}],"is_trial":false,"path_per_floor":["M","?","?","?","M","R","E","?","T","M","?","M","$","M","R","B",null,"M","M","$","M","M","E","?","$","T","M","?","R","M","M","R","B",null,"M","M","M","$","?","$","?","R","T","?","R","M","M","?","R","B"],"character_chosen":"IRONCLAD","items_purchased":[],"campfire_rested":4,"item_purchase_floors":[],"current_hp_per_floor":[80,85,85,85,85,85,56,56,56,57,57,52,52,45,45,35,85,81,77,77,68,62,50,50,50,50,54,54,54,60,65,85,34,85,85,75,61,61,61,61,67,85,85,85,85,74,80,80,85,0],"gold":136,"neow_bonus":"RANDOM_COMMON_RELIC","is_prod":false,"is_daily":false,"chose_seed":false,"campfire_upgraded":3,"win_rate":0,"timestamp":1544457334,"path_taken":["M","?","?","?","?","R","E","?","T","M","?","M","$","M","R","BOSS","M","?","$","M","M","E","?","$","T","M","?","R","M","M","R","BOSS","M","M","M","$","?","$","?","R","T","?","R","M","M","?","R","BOSS"],"build_version":"2018-12-06","purchased_purges":4,"victory":false,"max_hp_per_floor":[80,85,85,85,85,85,85,85,85,85,85,85,85,85,85,85,85,85,85,85,85,85,85,85,85,85,85,85,85,85,85,85,85,85,85,85,85,85,85,85,85,85,85,85,85,85,85,85,85,85],"card_choices":[{"not_picked":["Flame Barrier","Reckless Charge"],"picked":"Clash","floor":1},{"not_picked":["Burning Pact","Second Wind","Ghostly Armor"],"picked":"SKIP","floor":5},{"not_picked":["True Grit","Searing Blow","Clash"],"picked":"SKIP","floor":7},{"not_picked":["Warcry","Power Through","Headbutt"],"picked":"SKIP","floor":10},{"not_picked":["Sword Boomerang","Heavy Blade","Warcry"],"picked":"SKIP","floor":12},{"not_picked":["Headbutt","Feed"],"picked":"Dropkick","floor":14},{"not_picked":["Power Through+1","True Grit+1","Perfected Strike+1"],"picked":"SKIP","floor":18},{"not_picked":["Spot Weakness+1","Flex"],"picked":"Shrug It Off","floor":19},{"not_picked":["Shrug It Off","Perfected Strike","Fiend Fire"],"picked":"SKIP","floor":21},{"not_picked":["Blood for Blood+1","Sever Soul","Iron Wave"],"picked":"SKIP","floor":22},{"not_picked":["Anger","Blood for Blood","Combust"],"picked":"SKIP","floor":23},{"not_picked":["Warcry","Perfected Strike","Clash+1"],"picked":"SKIP","floor":27},{"not_picked":["Headbutt","Blood for Blood+1","Anger"],"picked":"SKIP","floor":30},{"not_picked":["Limit Break","Anger","Dual Wield"],"picked":"SKIP","floor":31},{"not_picked":["Clash+1"],"picked":"SKIP","floor":35},{"not_picked":["Inflame+1"],"picked":"SKIP","floor":36},{"not_picked":["Armaments+1"],"picked":"SKIP","floor":37},{"not_picked":["Thunderclap"],"picked":"SKIP","floor":46},{"not_picked":["Heavy Blade+1"],"picked":"SKIP","floor":47}],"player_experience":308036,"relics_obtained":[{"floor":7,"key":"Bag of Preparation"},{"floor":9,"key":"Bottled Flame"},{"floor":11,"key":"Red Skull"},{"floor":23,"key":"Whetstone"},{"floor":26,"key":"Dream Catcher"},{"floor":41,"key":"Thread and Needle"},{"floor":43,"key":"Champion Belt"}],"event_choices":[{"damage_healed":0,"gold_gain":0,"player_choice":"Donut","damage_taken":0,"max_hp_gain":5,"max_hp_loss":0,"event_name":"Big Fish","floor":2,"gold_loss":0},{"cards_removed":["Defend_R"],"damage_healed":0,"gold_gain":0,"player_choice":"Forget","damage_taken":0,"max_hp_gain":0,"max_hp_loss":0,"event_name":"Living Wall","floor":3,"gold_loss":0},{"damage_healed":0,"gold_gain":0,"player_choice":"Forge","damage_taken":0,"max_hp_gain":0,"max_hp_loss":0,"event_name":"Accursed Blacksmith","floor":4,"gold_loss":0,"cards_upgraded":["Bash"]},{"cards_removed":["Defend_R"],"damage_healed":0,"gold_gain":0,"player_choice":"Card Removal","damage_taken":0,"max_hp_gain":0,"max_hp_loss":0,"event_name":"The Cleric","floor":8,"gold_loss":50},{"damage_healed":0,"gold_gain":0,"player_choice":"Relic","damage_taken":0,"max_hp_gain":0,"max_hp_loss":0,"event_name":"Wheel of Change","floor":11,"gold_loss":0},{"cards_removed":["Strike_R"],"damage_healed":0,"gold_gain":0,"player_choice":"Gave Gold","damage_taken":0,"max_hp_gain":0,"max_hp_loss":0,"event_name":"Beggar","floor":24,"gold_loss":75},{"damage_healed":0,"gold_gain":0,"player_choice":"Ignored","damage_taken":0,"max_hp_gain":0,"max_hp_loss":0,"event_name":"Vampires","floor":28,"gold_loss":0},{"damage_healed":0,"gold_gain":0,"player_choice":"Memory 1","damage_taken":0,"max_hp_gain":0,"max_hp_loss":0,"event_name":"SensoryStone","floor":39,"gold_loss":0},{"damage_healed":0,"gold_gain":0,"player_choice":"Fight","damage_taken":0,"max_hp_gain":0,"max_hp_loss":0,"event_name":"MindBloom","floor":41,"gold_loss":0},{"cards_removed":["Shrug It Off"],"damage_healed":0,"gold_gain":0,"player_choice":"Removed Skill","damage_taken":0,"max_hp_gain":0,"max_hp_loss":0,"event_name":"Falling","floor":44,"gold_loss":0},{"cards_removed":["Strike_R"],"damage_healed":0,"gold_gain":0,"player_choice":"Offered Basic","damage_taken":0,"max_hp_gain":0,"max_hp_loss":0,"event_name":"Bonfire Elementals","floor":48,"gold_loss":0}],"is_beta":false,"boss_relics":[{"not_picked":["Mark of Pain","Calling Bell"],"picked":"Sozu"},{"not_picked":["Fusion Hammer","White Beast Statue"],"picked":"Busted Crown"}],"items_purged_floors":[13,20,38,40],"is_endless":false,"potions_floor_spawned":[1,5,10,16,18,22,27,30,33,35,46],"killed_by":"Awakened One","ascension_level":0}