{"gold_per_floor":[116,35,35,55,31,56,56,56,56,66,81,97,22,38,38,111,111,131,81,81,92,111,111,131,131,131,131,131,150,165,165],"floor_reached":31,"playtime":4907,"items_purged":["Defend_R"],"score":462,"play_id":"87842b70-28d4-4bae-bec7-bec19087f378","local_time":"20190206154128","is_ascension_mode":true,"campfire_choices":[{"data":"Shockwave","floor":7.0,"key":"SMITH"},{"data":"Armaments","floor":15.0,"key":"SMITH"},{"floor":23,"key":"REST"},{"floor":25,"key":"REST"},{"data":"True Grit","floor":28,"key":"SMITH"}],"neow_cost":"NONE","seed_source_timestamp":2233471234830512,"circlet_count":0,"master_deck":["AscendersBane","Strike_R","Strike_R","Strike_R+1","Strike_R","Defend_R+1","Defend_R","Defend_R","Bash","Twin Strike","Shockwave+1","True Grit+1","Armaments+1","True Grit","Power Through","Shrug It Off","Feed","Berserk+1","Anger+1","Iron Wave+1","Feed","Flex","Demon Form"],"special_seed":0,"relics":["Burning Blood","NeowsBlessing","Happy Flower","Sundial","Sozu","Matryoshka"],"potions_floor_usage":[16,18,21],"damage_taken":[{"damage":0.0,"enemies":"Small Slimes","floor":1.0,"turns":1.0},{"damage":0.0,"enemies":"2 Louse","floor":4.0,"turns":2.0},{"damage":0.0,"enemies":"Gremlin Nob","floor":6.0,"turns":1.0},{"damage":0.0,"enemies":"Jaw Worm","floor":10.0,"turns":4.0},{"damage":6.0,"enemies":"2 Fungi Beasts","floor":11.0,"turns":4.0},{"damage":1.0,"enemies":"Gremlin Gang","floor":12.0,"turns":7.0},{"damage":0.0,"enemies":"Red Slaver","floor":14.0,"turns":5.0},{"damage":19,"enemies":"The Guardian","floor":16,"turns":15},{"damage":20,"enemies":"Spheric Guardian","floor":18,"turns":5},{"damage":27,"enemies":"Chosen","floor":21,"turns":6},{"damage":30,"enemies":"Sentry and Sphere","floor":22,"turns":9},{"damage":0,"enemies":"Centurion and Healer","floor":24,"turns":7},{"damage":24,"enemies":"Snecko","floor":29,"turns":7},{"damage":41,"enemies":"Cultist and Chosen","floor":30,"turns":7},{"damage":29,"enemies":"Sentry and Sphere","floor":31,"turns":4}],"seed_played":"-4050004696410943334","potions_obtained":[{"floor":6.0,"key":"Energy Potion"},{"floor":11.0,"key":"Poison Potion"},{"floor":14.0,"key":"SpeedPotion"},{"floor":16,"key":"Energy Potion"}],"is_trial":false,"path_per_floor":["M","$","?","M","$","E","R","?","T","M","M","M","$","M","R","B",null,"M","?","$","M","M","R","M","R","T","?","R","M","M","M"],"character_chosen":"IRONCLAD","items_purchased":["Shockwave","Armaments"],"campfire_rested":2,"item_purchase_floors":[2,5],"current_hp_per_floor":[74,74,51,57,57,63,63,63,63,69,69,74,74,75,75,62,72,61,61,61,40,16,39,45,68,68,68,68,54,19,0],"gold":165,"neow_bonus":"THREE_ENEMY_KILL","is_prod":false,"is_daily":false,"chose_seed":false,"campfire_upgraded":3,"win_rate":0,"timestamp":1549460488,"path_taken":["M","$","?","M","$","E","R","?","T","M","M","M","?","M","R","BOSS","M","?","$","?","M","R","M","R","T","?","R","M","M","?"],"build_version":"2019-01-23","purchased_purges":1,"victory":false,"max_hp_per_floor":[75,75,75,75,75,75,75,75,75,75,75,75,75,75,75,75,75,78,78,78,78,78,78,78,78,78,78,78,82,82,82],"card_choices":[{"not_picked":["Twin Strike","Heavy Blade","Flex"],"picked":"SKIP","floor":1.0},{"not_picked":["Heavy Blade","Flex"],"picked":"Twin Strike","floor":1.0},{"not_picked":["Shockwave","Iron Wave"],"picked":"True Grit","floor":4.0},{"not_picked":["Sword Boomerang","Metallicize"],"picked":"True Grit","floor":6.0},{"not_picked":["Seeing Red","Reckless Charge"],"picked":"Power Through","floor":10.0},{"not_picked":["Warcry","Wild Strike"],"picked":"Shrug It Off","floor":11.0},{"not_picked":["Thunderclap","Warcry","Sword Boomerang"],"picked":"SKIP","floor":12.0},{"not_picked":["Reckless Charge","Twin Strike"],"picked":"Feed","floor":14.0},{"not_picked":["Double Tap","Bludgeon"],"picked":"Berserk","floor":16},{"not_picked":["Clash","Perfected Strike"],"picked":"Anger+1","floor":18},{"not_picked":["Anger","Shrug It Off","Thunderclap"],"picked":"SKIP","floor":21},{"not_picked":["Twin Strike","Heavy Blade"],"picked":"Iron Wave+1","floor":22},{"not_picked":["Pommel Strike","Body Slam","Twin Strike"],"picked":"SKIP","floor":24},{"not_picked":["Anger","Uppercut"],"picked":"Demon Form","floor":29},{"not_picked":["Cleave","Searing Blow","Iron Wave"],"picked":"SKIP","floor":30}],"player_experience":546326,"relics_obtained":[{"floor":6.0,"key":"Happy Flower"},{"floor":9.0,"key":"Sundial"},{"floor":26,"key":"Matryoshka"}],"event_choices":[{"damage_healed":0.0,"max_hp_gain":0.0,"max_hp_loss":0.0,"gold_gain":0.0,"event_name":"Shining Light","player_choice":"Entered Light","floor":3.0,"gold_loss":0.0,"damage_taken":23.0,"cards_upgraded":["Defend_R","Strike_R"]},{"cards_removed":["Strike_R"],"damage_healed":0.0,"max_hp_gain":0.0,"max_hp_loss":0.0,"gold_gain":0.0,"event_name":"Living Wall","player_choice":"Forget","floor":8.0,"gold_loss":0.0,"damage_taken":0.0},{"damage_healed":0,"gold_gain":0,"player_choice":"Upgrade","damage_taken":0,"max_hp_gain":0,"max_hp_loss":0,"event_name":"Designer","floor":19,"gold_loss":50,"cards_upgraded":["Berserk"]},{"damage_healed":0,"gold_gain":0,"player_choice":"2 cards matched","damage_taken":0,"max_hp_gain":0,"max_hp_loss":0,"event_name":"Match and Keep!","floor":27,"gold_loss":0,"cards_obtained":["Feed","Flex"]}],"is_beta":false,"boss_relics":[{"not_picked":["Fusion Hammer","Cursed Key"],"picked":"Sozu"}],"items_purged_floors":[13],"is_endless":false,"potions_floor_spawned":[6,11,14,16,22,24,29,30],"killed_by":"Sentry and Sphere","ascension_level":15}