{"gold_per_floor":[114,129,145,145,145,172,192,217,217,233,233,252,280,123,123,224,224,237,237,248,261,69,69,101,120,120,35,35,35,49,83,83,83],"floor_reached":33,"playtime":910,"items_purged":[],"score":332,"play_id":"b7ca1854-5f42-489e-99ba-0b3320fddfba","local_time":"20190507222012","is_ascension_mode":false,"campfire_choices":[{"data":"Backstab","floor":11,"key":"SMITH"},{"floor":15,"key":"REST"},{"data":"Envenom","floor":23,"key":"SMITH"},{"floor":28,"key":"REST"},{"floor":32,"key":"REST"}],"neow_cost":"NONE","seed_source_timestamp":14296861094300,"circlet_count":0,"master_deck":["Defend_G+1","Defend_G+1","Defend_G+1","Defend_G+1","Defend_G+1","Strike_G+1","Strike_G+1","Strike_G+1","Strike_G+1","Strike_G+1","Survivor","Neutralize","Blade Dance+1","Cloak And Dagger","Backstab+1","Poisoned Stab","Poisoned Stab","Envenom","Flying Knee","Envenom+1","Deadly Poison","Accuracy","Deadly Poison","Deadly Poison+1","Infinite Blades+1"],"relics":["Ring of the Snake","NeowsBlessing","Ninja Scroll","Ancient Tea Set","Omamori","Sundial","Orichalcum","Cursed Key","Sling","Toxic Egg 2","Frozen Egg 2","Dream Catcher","Singing Bowl"],"potions_floor_usage":[8,13,16,24,24,24,33],"damage_taken":[{"damage":0,"enemies":"Small Slimes","floor":1,"turns":1},{"damage":0,"enemies":"Cultist","floor":2,"turns":1},{"damage":0,"enemies":"2 Louse","floor":3,"turns":1},{"damage":37,"enemies":"3 Sentries","floor":6,"turns":13},{"damage":0,"enemies":"Red Slaver","floor":7,"turns":1},{"damage":25,"enemies":"Lagavulin","floor":8,"turns":4},{"damage":3,"enemies":"2 Fungi Beasts","floor":10,"turns":2},{"damage":0,"enemies":"3 Louse","floor":12,"turns":1},{"damage":0,"enemies":"Gremlin Nob","floor":13,"turns":2},{"damage":21,"enemies":"Slime Boss","floor":16,"turns":10},{"damage":11,"enemies":"Shell Parasite","floor":18,"turns":4},{"damage":4,"enemies":"Chosen","floor":20,"turns":3},{"damage":0,"enemies":"Snecko","floor":21,"turns":3},{"damage":20,"enemies":"Slavers","floor":24,"turns":6},{"damage":18,"enemies":"Snake Plant","floor":25,"turns":4},{"damage":7,"enemies":"3 Cultists","floor":30,"turns":4},{"damage":11,"enemies":"Gremlin Leader","floor":31,"turns":4},{"damage":47,"enemies":"Champ","floor":33,"turns":8}],"seed_played":"-3105535013991855765","potions_obtained":[{"floor":1,"key":"FearPotion"},{"floor":6,"key":"Strength Potion"},{"floor":10,"key":"Dexterity Potion"},{"floor":16,"key":"SkillPotion"},{"floor":18,"key":"Dexterity Potion"},{"floor":20,"key":"SpeedPotion"},{"floor":31,"key":"SpeedPotion"}],"is_trial":false,"path_per_floor":["M","M","M","?","?","E","M","E","T","M","R","M","E","$","R","B",null,"M","?","M","M","$","R","E","M","T","?","R","?","M","E","R","B"],"character_chosen":"THE_SILENT","items_purchased":["Orichalcum","Sling"],"campfire_rested":3,"item_purchase_floors":[14,22],"current_hp_per_floor":[70,70,70,70,70,33,33,8,8,5,5,5,5,5,26,5,70,59,59,55,55,55,55,35,17,17,17,38,38,31,22,45,0],"gold":83,"neow_bonus":"THREE_ENEMY_KILL","is_prod":false,"is_daily":false,"chose_seed":false,"campfire_upgraded":2,"win_rate":0,"timestamp":1557256812,"path_taken":["M","M","M","?","?","E","M","E","T","?","R","M","E","$","R","BOSS","M","?","?","M","$","R","E","M","T","?","R","?","M","E","R","BOSS"],"build_version":"2019-01-23","purchased_purges":0,"victory":false,"max_hp_per_floor":[70,70,70,70,70,70,70,70,70,70,70,70,70,70,70,70,70,70,70,70,70,70,70,70,70,70,70,70,70,70,72,74,74],"card_choices":[{"not_picked":["Terror","Catalyst","PiercingWail"],"picked":"SKIP","floor":1},{"not_picked":["Cloak And Dagger","Leg Sweep"],"picked":"Blade Dance","floor":2},{"not_picked":["Endless Agony","Expertise"],"picked":"Cloak And Dagger","floor":3},{"not_picked":["Quick Slash","Catalyst"],"picked":"Backstab","floor":6},{"not_picked":["Dash","Backflip"],"picked":"Poisoned Stab","floor":7},{"not_picked":["Expertise","Riddle With Holes","Deflect"],"picked":"SKIP","floor":8},{"not_picked":["Slice","Terror"],"picked":"Poisoned Stab","floor":10},{"not_picked":["Calculated Gamble","Well Laid Plans"],"picked":"Envenom","floor":12},{"not_picked":["PiercingWail","Catalyst"],"picked":"Flying Knee","floor":13},{"not_picked":["Tools of the Trade","Doppelganger"],"picked":"Envenom","floor":16},{"not_picked":["Sucker Punch","Escape Plan"],"picked":"Deadly Poison","floor":18},{"not_picked":["Expertise","Acrobatics"],"picked":"Accuracy","floor":20},{"not_picked":["Slice","Backflip"],"picked":"Deadly Poison","floor":21},{"not_picked":["Skewer","Backflip","Concentrate"],"picked":"SKIP","floor":24},{"not_picked":["Prepared+1","Terror+1"],"picked":"Deadly Poison+1","floor":25},{"not_picked":["Catalyst+1","Leg Sweep+1"],"picked":"Infinite Blades+1","floor":30},{"not_picked":["Deadly Poison+1","Masterful Stab","Bane"],"picked":"Singing Bowl","floor":31},{"not_picked":["Deadly Poison+1","Terror+1","Quick Slash"],"picked":"Singing Bowl","floor":32}],"player_experience":302551,"relics_obtained":[{"floor":6,"key":"Ninja Scroll"},{"floor":8,"key":"Ancient Tea Set"},{"floor":9,"key":"Omamori"},{"floor":13,"key":"Sundial"},{"floor":24,"key":"Toxic Egg 2"},{"floor":26,"key":"Frozen Egg 2"},{"floor":31,"key":"Singing Bowl"}],"event_choices":[{"damage_healed":0,"gold_gain":0,"player_choice":"Grow","damage_taken":0,"max_hp_gain":0,"max_hp_loss":0,"event_name":"Living Wall","floor":4,"gold_loss":0,"cards_upgraded":["Blade Dance"]},{"damage_healed":0,"gold_gain":0,"player_choice":"Ignored","damage_taken":0,"max_hp_gain":0,"max_hp_loss":0,"event_name":"NoteForYourself","floor":5,"gold_loss":0},{"damage_healed":0,"gold_gain":0,"player_choice":"0 cards matched","damage_taken":0,"max_hp_gain":0,"max_hp_loss":0,"event_name":"Match and Keep!","floor":19,"gold_loss":0,"cards_obtained":[]},{"damage_healed":0,"gold_gain":0,"player_choice":"Obtained Relic","damage_taken":0,"relics_obtained":["Dream Catcher"],"max_hp_gain":0,"max_hp_loss":0,"event_name":"Addict","floor":27,"gold_loss":85},{"damage_healed":0,"gold_gain":0,"player_choice":"Simplicity","damage_taken":0,"max_hp_gain":0,"max_hp_loss":0,"event_name":"Back to Basics","floor":29,"gold_loss":0,"cards_upgraded":["Defend_G","Defend_G","Defend_G","Defend_G","Defend_G","Strike_G","Strike_G","Strike_G","Strike_G","Strike_G"]}],"is_beta":false,"boss_relics":[{"not_picked":["Orrery","Lizard Tail"],"picked":"Cursed Key"}],"items_purged_floors":[],"is_endless":false,"potions_floor_spawned":[1,6,10,16,18,20,31],"killed_by":"Champ","ascension_level":0}