{"gold_per_floor":[110,185,14,14,28,28,55,55,126,126,126,126,137,137,137,253,253,234,234,159,191,191,191,223,223,223,234,234],"floor_reached":28,"playtime":1019,"items_purged":[],"score":308,"play_id":"b29d8099-4f2c-491b-94aa-8485960de005","local_time":"20190421182449","is_ascension_mode":true,"campfire_choices":[{"data":"Bash","floor":6,"key":"SMITH"},{"data":"Battle Trance","floor":10,"key":"SMITH"},{"data":"Feel No Pain","floor":12,"key":"SMITH"},{"data":"Second Wind","floor":15,"key":"SMITH"},{"data":"Dark Embrace","floor":23,"key":"SMITH"},{"data":"Bite","floor":25,"key":"SMITH"}],"neow_cost":"NONE","seed_source_timestamp":9191936210348,"circlet_count":0,"master_deck":["Defend_R","Defend_R+1","Defend_R","Bash+1","Battle Trance+1","Magnetism+1","Feel No Pain+1","Second Wind+1","Dark Embrace+1","Ghostly Armor","Evolve","Wild Strike","Bite","Bite+1","Bite+1","Bite+1","Bite","True Grit+1","Armaments"],"relics":["Burning Blood","NeowsBlessing","Orichalcum","Orrery","Whetstone","Strawberry"],"potions_floor_usage":[18],"damage_taken":[{"damage":0,"enemies":"2 Louse","floor":1,"turns":2},{"damage":0,"enemies":"Jaw Worm","floor":5,"turns":1},{"damage":0,"enemies":"Gremlin Nob","floor":7,"turns":1},{"damage":0,"enemies":"Cultist","floor":13,"turns":3},{"damage":41,"enemies":"Hexaghost","floor":16,"turns":8},{"damage":12,"enemies":"2 Thieves","floor":18,"turns":4},{"damage":24,"enemies":"3 Byrds","floor":21,"turns":7},{"damage":66,"enemies":"Book of Stabbing","floor":24,"turns":10},{"damage":63,"enemies":"Centurion and Healer","floor":27,"turns":13},{"damage":31,"enemies":"Snake Plant","floor":28,"turns":4}],"seed_played":"866875269910470873","potions_obtained":[{"floor":1,"key":"Fire Potion"},{"floor":7,"key":"Block Potion"},{"floor":18,"key":"GamblersBrew"},{"floor":21,"key":"SteroidPotion"}],"is_trial":false,"path_per_floor":["M","?","$","?","M","R","E","$","T","R","T","R","M","?","R","B",null,"M","?","?","M","?","R","E","R","T","M","M"],"character_chosen":"IRONCLAD","items_purchased":["Magnetism"],"campfire_rested":0,"item_purchase_floors":[3],"current_hp_per_floor":[80,69,69,69,75,75,80,80,80,80,80,80,80,64,64,31,80,74,74,74,76,76,76,36,36,43,40,14],"gold":234,"neow_bonus":"THREE_ENEMY_KILL","is_prod":false,"is_daily":false,"chose_seed":false,"campfire_upgraded":6,"win_rate":0,"timestamp":1555838689,"path_taken":["M","?","$","?","M","R","E","?","T","R","?","R","?","?","R","BOSS","M","?","?","M","?","R","E","R","T","?","M"],"build_version":"2019-01-23","purchased_purges":0,"victory":false,"max_hp_per_floor":[80,80,80,80,80,80,80,80,80,80,80,80,80,80,80,80,80,80,80,80,80,80,80,80,80,87,87,87],"card_choices":[{"not_picked":["True Grit","Second Wind"],"picked":"Battle Trance","floor":1},{"not_picked":["Iron Wave","Fire Breathing","Sword Boomerang"],"picked":"SKIP","floor":5},{"not_picked":["Warcry","Body Slam"],"picked":"Feel No Pain","floor":7},{"not_picked":["Seeing Red","Bloodletting"],"picked":"Second Wind","floor":13},{"not_picked":["Bludgeon","Juggernaut"],"picked":"Dark Embrace","floor":16},{"not_picked":["Burning Pact","Twin Strike"],"picked":"Ghostly Armor","floor":17},{"not_picked":["Wild Strike","Iron Wave"],"picked":"Evolve","floor":17},{"not_picked":["Body Slam","Twin Strike"],"picked":"Wild Strike","floor":18},{"not_picked":["Burning Pact","Perfected Strike","Demon Form"],"picked":"SKIP","floor":21},{"not_picked":["Impervious","Feed"],"picked":"True Grit+1","floor":24},{"not_picked":["Rampage","Iron Wave+1"],"picked":"Armaments","floor":27}],"player_experience":332073,"relics_obtained":[{"floor":7,"key":"Orichalcum"},{"floor":11,"key":"Blood Vial"},{"floor":24,"key":"Whetstone"},{"floor":26,"key":"Strawberry"}],"event_choices":[{"damage_healed":0,"gold_gain":75,"player_choice":"Gather Gold","damage_taken":11,"max_hp_gain":0,"max_hp_loss":0,"event_name":"World of Goop","floor":2,"gold_loss":0},{"damage_healed":0,"gold_gain":0,"player_choice":"Grow","damage_taken":0,"max_hp_gain":0,"max_hp_loss":0,"event_name":"Living Wall","floor":4,"gold_loss":0,"cards_upgraded":["Magnetism"]},{"damage_healed":0,"gold_gain":0,"player_choice":"Entered Light","damage_taken":16,"max_hp_gain":0,"max_hp_loss":0,"event_name":"Shining Light","floor":14,"gold_loss":0,"cards_upgraded":["Defend_R","Strike_R"]},{"damage_healed":0,"gold_gain":0,"player_choice":"Became a vampire (Vial)","damage_taken":0,"max_hp_gain":0,"max_hp_loss":0,"event_name":"Vampires","floor":19,"relics_lost":["Blood Vial"],"gold_loss":0,"cards_obtained":["Bite","Bite","Bite","Bite","Bite"]},{"cards_removed":["Defend_R"],"damage_healed":0,"gold_gain":0,"player_choice":"Gave Gold","damage_taken":0,"max_hp_gain":0,"max_hp_loss":0,"event_name":"Beggar","floor":20,"gold_loss":75},{"damage_healed":0,"gold_gain":0,"player_choice":"Bought 0 Potions","damage_taken":0,"max_hp_gain":0,"max_hp_loss":0,"event_name":"The Woman in Blue","floor":22,"gold_loss":0}],"is_beta":false,"boss_relics":[{"not_picked":["Tiny House","Coffee Dripper"],"picked":"Orrery"}],"items_purged_floors":[],"is_endless":false,"potions_floor_spawned":[1,7,18,21,27],"killed_by":"Snake Plant","ascension_level":2}