{"gold_per_floor":[109,121,121,47,57,57,57,57,81,31,31,46,65,65,65,163,163,174,193,218,245,170,170,134,149,149,164,180,190,206,206,206,206],"floor_reached":33,"playtime":1311,"items_purged":["Strike_G"],"score":264,"play_id":"568ff5b6-57dc-4e8c-beac-2e0f643c3e6a","local_time":"20190306195145","is_ascension_mode":false,"campfire_choices":[{"data":"Leg Sweep","floor":6.0,"key":"SMITH"},{"data":"Footwork","floor":11.0,"key":"SMITH"},{"data":"Skewer","floor":15.0,"key":"SMITH"},{"data":"Corpse Explosion","floor":23,"key":"SMITH"},{"data":"Bouncing Flask","floor":32,"key":"SMITH"}],"neow_cost":"NONE","seed_source_timestamp":0,"circlet_count":0,"master_deck":["Defend_G","Defend_G","Defend_G","Defend_G","Defend_G","Strike_G","Survivor","Neutralize","Dagger Spray","Backstab","Leg Sweep+1","Footwork+1","Poisoned Stab","Cloak And Dagger","Skewer+1","Corpse Explosion+1","Dodge and Roll","Acrobatics","Bouncing Flask+1","Dodge and Roll+1","Backflip+1","Expertise","Dash"],"special_seed":0,"relics":["Runic Dome"],"potions_floor_usage":[33,33,33],"damage_taken":[{"damage":6.0,"enemies":"2 Louse","floor":1.0,"turns":3.0},{"damage":0.0,"enemies":"Small Slimes","floor":2.0,"turns":5.0},{"damage":0.0,"enemies":"Jaw Worm","floor":5.0,"turns":3.0},{"damage":10.0,"enemies":"Looter","floor":12.0,"turns":2.0},{"damage":11.0,"enemies":"Exordium Thugs","floor":13.0,"turns":5.0},{"damage":21.0,"enemies":"The Guardian","floor":16.0,"turns":14.0},{"damage":14.0,"enemies":"Spheric Guardian","floor":18.0,"turns":6.0},{"damage":8.0,"enemies":"2 Thieves","floor":19.0,"turns":3.0},{"damage":10.0,"enemies":"Masked Bandits","floor":20.0,"turns":4.0},{"damage":6,"enemies":"Snake Plant","floor":25,"turns":5},{"damage":0,"enemies":"Snecko","floor":27,"turns":6},{"damage":2,"enemies":"Sentry and Sphere","floor":28,"turns":5},{"damage":4,"enemies":"Centurion and Healer","floor":29,"turns":7},{"damage":10,"enemies":"Snake Plant","floor":30,"turns":3},{"damage":23,"enemies":"Champ","floor":33,"turns":11}],"seed_played":"8822877714663714486","potions_obtained":[{"floor":5.0,"key":"GamblersBrew"},{"floor":12.0,"key":"PowerPotion"},{"floor":19.0,"key":"Block Potion"},{"floor":25,"key":"SteroidPotion"}],"is_trial":false,"path_per_floor":["M","M","?","$","M","R","?","?","T","$","R","M","M","$","R","B",null,"M","M","?","T","$","R","$","M","T","M","M","M","M","?","R","B"],"character_chosen":"THE_SILENT","items_purchased":["Leg Sweep","Poisoned Stab","Bouncing Flask"],"campfire_rested":0,"item_purchase_floors":[4,10,24],"current_hp_per_floor":[64,64,57,57,57,57,62,62,62,62,62,52,41,41,41,20,75,61,53,43,43,43,43,43,37,37,37,35,31,21,21,21,0],"gold":206,"neow_bonus":"BOSS_RELIC","is_prod":false,"is_daily":false,"chose_seed":false,"campfire_upgraded":5,"win_rate":0,"timestamp":1551919905,"path_taken":["M","M","?","$","M","R","?","?","T","?","R","M","M","$","R","BOSS","M","M","?","?","$","R","$","M","T","M","?","M","?","?","R","BOSS"],"build_version":"2019-01-23","purchased_purges":1,"victory":false,"max_hp_per_floor":[70,70,70,70,70,70,75,75,75,75,75,75,75,75,75,75,75,75,75,75,75,75,75,75,75,75,75,75,75,75,75,75,75],"card_choices":[{"not_picked":["Deflect","Cloak And Dagger"],"picked":"Dagger Spray","floor":1.0},{"not_picked":["Deflect","Quick Slash"],"picked":"Backstab","floor":2.0},{"not_picked":["Underhanded Strike","Flying Knee"],"picked":"Footwork","floor":5.0},{"not_picked":["Calculated Gamble","Sucker Punch"],"picked":"Cloak And Dagger","floor":12.0},{"not_picked":["Tactician","Heel Hook"],"picked":"Skewer","floor":13.0},{"not_picked":["Wraith Form v2","Tools of the Trade"],"picked":"Corpse Explosion","floor":16.0},{"not_picked":["Escape Plan","Predator+1"],"picked":"Dodge and Roll","floor":18.0},{"not_picked":["Distraction","Deflect"],"picked":"Acrobatics","floor":19.0},{"not_picked":["Underhanded Strike","Poisoned Stab"],"picked":"Dodge and Roll+1","floor":25},{"not_picked":["Outmaneuver+1","Blade Dance","Poisoned Stab"],"picked":"SKIP","floor":27},{"not_picked":["Prepared","Poisoned Stab","Finisher+1"],"picked":"SKIP","floor":28},{"not_picked":["Backstab","Reflex+1"],"picked":"Backflip+1","floor":29},{"not_picked":["Flying Knee+1","PiercingWail","Prepared"],"picked":"SKIP","floor":30}],"player_experience":460348,"relics_obtained":[],"event_choices":[{"cards_removed":["Strike_G"],"damage_healed":0.0,"max_hp_gain":0.0,"max_hp_loss":0.0,"gold_gain":0.0,"event_name":"Golden Wing","player_choice":"Card Removal","floor":3.0,"gold_loss":0.0,"damage_taken":7.0},{"damage_healed":0.0,"max_hp_gain":5.0,"max_hp_loss":0.0,"gold_gain":0.0,"event_name":"Big Fish","player_choice":"Donut","floor":7.0,"gold_loss":0.0,"damage_taken":0.0},{"damage_healed":0.0,"max_hp_gain":0.0,"max_hp_loss":0.0,"gold_gain":0.0,"event_name":"Golden Idol","player_choice":"Ignored","floor":8.0,"gold_loss":0.0,"damage_taken":0.0},{"damage_healed":0.0,"max_hp_gain":0.0,"max_hp_loss":0.0,"gold_gain":0.0,"event_name":"Masked Bandits","player_choice":"Fought Bandits","floor":20.0,"gold_loss":0.0,"damage_taken":0.0},{"damage_healed":0,"gold_gain":0,"cards_transformed":["Strike_G","Strike_G"],"player_choice":"Became Test Subject","damage_taken":0,"max_hp_gain":0,"max_hp_loss":0,"event_name":"Drug Dealer","floor":31,"gold_loss":0,"cards_obtained":["Expertise","Dash"]}],"is_beta":false,"boss_relics":[{"not_picked":["Philosopher\u0027s Stone","White Beast Statue","Busted Crown"]}],"items_purged_floors":[22],"is_endless":false,"potions_floor_spawned":[5,12,19,25,29,30],"killed_by":"Champ","ascension_level":0}