{"gold_per_floor":[111,111,111,36,59,59,59,0,0,0,0,0,23,44,44,137,137,151,151,151,166,166,166,181,181,235,251,251,271,68,68],"floor_reached":31,"playtime":1526,"items_purged":["Injury"],"score":446,"play_id":"c3b63ad1-8ebf-4737-b54f-5cb396f47ec2","local_time":"20190217125502","is_ascension_mode":true,"campfire_choices":[{"data":"Bash","floor":7.0,"key":"SMITH"},{"data":"Rupture","floor":10.0,"key":"SMITH"},{"data":"Cleave","floor":12.0,"key":"SMITH"},{"floor":15.0,"key":"REST"},{"floor":23,"key":"REST"},{"floor":25,"key":"REST"}],"neow_cost":"PERCENT_DAMAGE","seed_source_timestamp":227373914418834,"circlet_count":0,"master_deck":["AscendersBane","Strike_R+1","Strike_R+1","Defend_R+1","Defend_R+1","Defend_R+1","Defend_R+1","Bash+1","Cleave+1","Rupture+1","Reckless Charge","Bludgeon","Armaments+1","J.A.X.","Cleave","Flame Barrier","Shrug It Off","Flame Barrier","Armaments+1","Ghostly Armor","Rupture","Iron Wave"],"special_seed":0,"relics":["Burning Blood","Golden Idol","Matryoshka","Empty Cage","Tiny Chest","PreservedInsect"],"potions_floor_usage":[21,31,31],"damage_taken":[{"damage":8.0,"enemies":"Small Slimes","floor":1.0,"turns":5.0},{"damage":9.0,"enemies":"Jaw Worm","floor":5.0,"turns":4.0},{"damage":7.0,"enemies":"Cultist","floor":13.0,"turns":4.0},{"damage":16.0,"enemies":"3 Louse","floor":14.0,"turns":3.0},{"damage":82.0,"enemies":"The Guardian","floor":16.0,"turns":11.0},{"damage":20.0,"enemies":"Chosen","floor":18.0,"turns":4.0},{"damage":43,"enemies":"3 Byrds","floor":21,"turns":6},{"damage":22,"enemies":"Centurion and Healer","floor":24,"turns":8},{"damage":30,"enemies":"Shelled Parasite and Fungi","floor":27,"turns":8},{"damage":24,"enemies":"Snake Plant","floor":29,"turns":4},{"damage":31,"enemies":"Cultist and Chosen","floor":31,"turns":3}],"seed_played":"8959658259130162777","potions_obtained":[{"floor":5.0,"key":"AttackPotion"},{"floor":14.0,"key":"GamblersBrew"},{"floor":16.0,"key":"Ancient Potion"},{"floor":18.0,"key":"Fire Potion"},{"floor":29,"key":"Block Potion"}],"is_trial":false,"path_per_floor":["M","?","?","$","M","?","R","?","T","R","?","R","M","M","R","B",null,"M","?","?","M","?","R","M","R","T","M","?","M","$","M"],"character_chosen":"IRONCLAD","items_purchased":["Ghostly Armor","Rupture","Iron Wave"],"campfire_rested":3,"item_purchase_floors":[30,30,30],"current_hp_per_floor":[62,89,89,89,86,79,79,79,79,79,79,79,78,68,89,13,70,56,56,56,19,19,45,29,55,55,31,31,13,13,0],"gold":68,"neow_bonus":"TWENTY_PERCENT_HP_BONUS","is_prod":false,"is_daily":false,"chose_seed":false,"campfire_upgraded":3,"win_rate":0,"timestamp":1550400902,"path_taken":["M","?","?","$","M","?","R","?","T","R","?","R","M","M","R","BOSS","M","?","?","?","?","R","M","R","T","M","?","M","$","?"],"build_version":"2019-01-23","purchased_purges":1,"victory":false,"max_hp_per_floor":[89,89,89,89,89,89,89,89,89,89,89,89,89,89,89,89,89,89,89,89,89,89,89,89,89,89,89,89,89,89,89],"card_choices":[{"not_picked":["Flex","Searing Blow"],"picked":"Cleave","floor":1.0},{"not_picked":["Sword Boomerang","Pummel"],"picked":"Rupture","floor":5.0},{"not_picked":["Sword Boomerang","Havoc"],"picked":"Uppercut","floor":13.0},{"not_picked":["Sword Boomerang","Feel No Pain","Havoc"],"picked":"SKIP","floor":14.0},{"not_picked":["Double Tap","Offering"],"picked":"Bludgeon","floor":16.0},{"not_picked":["Thunderclap","Wild Strike"],"picked":"Armaments","floor":18.0},{"not_picked":["Clash+1","Sentinel"],"picked":"Cleave","floor":21},{"not_picked":["Clothesline","Impervious"],"picked":"Flame Barrier","floor":24},{"not_picked":["Evolve","Havoc"],"picked":"Shrug It Off","floor":27},{"not_picked":["Twin Strike","Evolve"],"picked":"Armaments+1","floor":29}],"player_experience":627436,"relics_obtained":[{"floor":9.0,"key":"Matryoshka"},{"floor":26,"key":"Tiny Chest"},{"floor":26,"key":"PreservedInsect"}],"event_choices":[{"damage_healed":29.0,"max_hp_gain":0.0,"max_hp_loss":0.0,"gold_gain":0.0,"event_name":"Big Fish","player_choice":"Banana","floor":2.0,"gold_loss":0.0,"damage_taken":0.0},{"damage_healed":0.0,"max_hp_gain":0.0,"max_hp_loss":0.0,"gold_gain":0.0,"event_name":"Golden Idol","player_choice":"Take Wound","floor":3.0,"gold_loss":0.0,"damage_taken":0.0,"relics_obtained":["Golden Idol"],"cards_obtained":["Injury"]},{"cards_removed":["Strike_R"],"damage_healed":0.0,"max_hp_gain":0.0,"max_hp_loss":0.0,"gold_gain":0.0,"event_name":"Golden Wing","player_choice":"Card Removal","floor":6.0,"gold_loss":0.0,"damage_taken":7.0},{"damage_healed":0.0,"max_hp_gain":0.0,"max_hp_loss":0.0,"gold_gain":0.0,"event_name":"World of Goop","player_choice":"Left Gold","floor":8.0,"gold_loss":59.0,"damage_taken":0.0},{"damage_healed":0.0,"max_hp_gain":0.0,"max_hp_loss":0.0,"gold_gain":0.0,"cards_transformed":["Strike_R"],"event_name":"Living Wall","player_choice":"Change","floor":11.0,"gold_loss":0.0,"damage_taken":0.0,"cards_obtained":["Reckless Charge"]},{"damage_healed":0,"gold_gain":0,"player_choice":"Obtain J.A.X.","damage_taken":0,"max_hp_gain":0,"max_hp_loss":0,"event_name":"Drug Dealer","floor":19,"gold_loss":0,"cards_obtained":["J.A.X."]},{"damage_healed":0,"gold_gain":0,"player_choice":"Upgraded","damage_taken":0,"max_hp_gain":0,"max_hp_loss":0,"event_name":"Upgrade Shrine","floor":20,"gold_loss":0,"cards_upgraded":["Armaments"]},{"damage_healed":0,"gold_gain":0,"player_choice":"Simplicity","damage_taken":0,"max_hp_gain":0,"max_hp_loss":0,"event_name":"Back to Basics","floor":22,"gold_loss":0,"cards_upgraded":["Strike_R","Strike_R","Defend_R","Defend_R","Defend_R","Defend_R"]},{"damage_healed":0,"gold_gain":0,"player_choice":"Copied","damage_taken":0,"max_hp_gain":0,"max_hp_loss":0,"event_name":"Duplicator","floor":28,"gold_loss":0,"cards_obtained":["Flame Barrier"]}],"is_beta":false,"boss_relics":[{"not_picked":["Lizard Tail","Runic Dome"],"picked":"Empty Cage"}],"items_purged_floors":[4],"is_endless":false,"potions_floor_spawned":[5,14,16,18,29],"killed_by":"Cultist and Chosen","ascension_level":20}