{"gold_per_floor":[113,123,123,102,102,102,117,196,196,196,207,225,245,262,262,365,365,385,300,320,320,172,172,172,205,205,205,223,223,250,267,267,267],"floor_reached":33,"playtime":2146,"items_purged":["Decay"],"score":398,"play_id":"45f8d8c4-5728-45f2-b373-f6f5f618b371","local_time":"20190123210451","is_ascension_mode":true,"campfire_choices":[{"data":"Searing Blow","floor":6.0,"key":"SMITH"},{"data":"Searing Blow+1","floor":10.0,"key":"SMITH"},{"data":"Searing Blow+2","floor":15.0,"key":"SMITH"},{"data":"Searing Blow+3","floor":23,"key":"SMITH"},{"floor":27,"key":"REST"},{"data":"Searing Blow+4","floor":29,"key":"SMITH"},{"data":"Searing Blow+5","floor":32,"key":"SMITH"}],"neow_cost":"NONE","seed_source_timestamp":1046060681404015,"circlet_count":0,"master_deck":["AscendersBane","Strike_R","Strike_R","Strike_R","Strike_R","Defend_R","Defend_R","Defend_R","Defend_R","Bash","Fiend Fire","Searing Blow+6","Shrug It Off","Ghostly Armor","Immolate","Dual Wield"],"special_seed":0,"relics":["Burning Blood","StoneCalendar","Self Forming Clay","Bottled Lightning","Blood Vial","Philosopher\u0027s Stone","Anchor","Nilry\u0027s Codex","Bottled Flame","Thread and Needle"],"potions_floor_usage":[20,33,33,33],"damage_taken":[{"damage":0.0,"enemies":"Small Slimes","floor":1.0,"turns":3.0},{"damage":7.0,"enemies":"Jaw Worm","floor":2.0,"turns":2.0},{"damage":0.0,"enemies":"2 Louse","floor":7.0,"turns":2.0},{"damage":8.0,"enemies":"Blue Slaver","floor":11.0,"turns":4.0},{"damage":0.0,"enemies":"Large Slime","floor":12.0,"turns":4.0},{"damage":0.0,"enemies":"3 Louse","floor":13.0,"turns":4.0},{"damage":6.0,"enemies":"Looter","floor":14.0,"turns":3.0},{"damage":27.0,"enemies":"The Guardian","floor":16.0,"turns":9.0},{"damage":1,"enemies":"Chosen","floor":18,"turns":4},{"damage":14,"enemies":"3 Byrds","floor":20,"turns":6},{"damage":38,"enemies":"Gremlin Leader","floor":25,"turns":10},{"damage":9,"enemies":"Centurion and Healer","floor":28,"turns":5},{"damage":0,"enemies":"Snecko","floor":31,"turns":2},{"damage":70,"enemies":"Automaton","floor":33,"turns":6}],"seed_played":"5889206577345964752","potions_obtained":[{"floor":7.0,"key":"EssenceOfSteel"},{"floor":11.0,"key":"PowerPotion"},{"floor":16.0,"key":"Energy Potion"},{"floor":25,"key":"Dexterity Potion"},{"floor":31,"key":"EntropicBrew"}],"is_trial":false,"path_per_floor":["?","?","T","T","M","?","?","?","T"],"character_chosen":"IRONCLAD","items_purchased":["Ghostly Armor"],"campfire_rested":1,"item_purchase_floors":[22],"current_hp_per_floor":[78,77,70,70,70,70,76,76,76,76,76,80,80,80,80,59,75,80,80,72,72,72,72,56,26,26,50,49,49,49,57,57,0],"gold":267,"neow_bonus":"TRANSFORM_CARD","is_prod":false,"is_daily":false,"chose_seed":false,"campfire_upgraded":6,"win_rate":0,"timestamp":1548270291,"path_taken":["M","M","?","?","?","R","M","?","T","R","?","M","M","M","R","BOSS","M","?","M","?","$","R","?","E","T","R","M","R","?","M","R","BOSS"],"build_version":"2019-01-23","purchased_purges":1,"victory":false,"max_hp_per_floor":[80,80,80,80,80,80,80,80,80,80,80,80,80,80,80,80,80,80,80,80,80,80,80,80,80,80,80,80,80,80,80,80,80],"card_choices":[{"not_picked":["Wild Strike","Clash"],"picked":"Searing Blow","floor":1.0},{"not_picked":["Warcry","Pommel Strike","Wild Strike"],"picked":"SKIP","floor":2.0},{"not_picked":["Bloodletting","Dark Embrace"],"picked":"Shrug It Off","floor":7.0},{"not_picked":["Entrench","Sword Boomerang","Iron Wave"],"picked":"SKIP","floor":11.0},{"not_picked":["Sword Boomerang","Wild Strike","Feel No Pain"],"picked":"SKIP","floor":12.0},{"not_picked":["Body Slam","Disarm","Twin Strike"],"picked":"SKIP","floor":13.0},{"not_picked":["Perfected Strike","Corruption","Uppercut"],"picked":"SKIP","floor":14.0},{"not_picked":["Shrug It Off","Pommel Strike","True Grit"],"picked":"SKIP","floor":18},{"not_picked":["Anger","Combust+1","Perfected Strike"],"picked":"SKIP","floor":20},{"not_picked":["Juggernaut","Exhume"],"picked":"Immolate","floor":25},{"not_picked":["Sentinel","Clash+1","Armaments"],"picked":"SKIP","floor":28},{"not_picked":["Headbutt","Clothesline"],"picked":"Dual Wield","floor":31}],"player_experience":368557,"relics_obtained":[{"floor":5.0,"key":"Self Forming Clay"},{"floor":8.0,"key":"Bottled Lightning"},{"floor":9.0,"key":"Blood Vial"},{"floor":24,"key":"Nilry\u0027s Codex"},{"floor":25,"key":"Bottled Flame"},{"floor":26,"key":"Thread and Needle"}],"event_choices":[{"damage_healed":0.0,"max_hp_gain":0.0,"max_hp_loss":0.0,"gold_gain":0.0,"event_name":"Scrap Ooze","player_choice":"Success","floor":3.0,"gold_loss":0.0,"damage_taken":7.0,"relics_obtained":["StoneCalendar"]},{"damage_healed":0.0,"max_hp_gain":0.0,"max_hp_loss":0.0,"gold_gain":0.0,"event_name":"World of Goop","player_choice":"Left Gold","floor":4.0,"gold_loss":21.0,"damage_taken":0.0},{"damage_healed":0,"gold_gain":0,"player_choice":"Obtained Relic","damage_taken":0,"relics_obtained":["Anchor"],"max_hp_gain":0,"max_hp_loss":0,"event_name":"Addict","floor":19,"gold_loss":85},{"damage_healed":0,"gold_gain":0,"player_choice":"Smashed Altar","damage_taken":0,"max_hp_gain":0,"max_hp_loss":0,"event_name":"Forgotten Altar","floor":21,"gold_loss":0,"cards_obtained":["Decay"]},{"damage_healed":0,"gold_gain":0,"player_choice":"Obtained Book","damage_taken":16,"max_hp_gain":0,"max_hp_loss":0,"event_name":"Cursed Tome","floor":24,"gold_loss":0}],"is_beta":false,"boss_relics":[{"not_picked":["Calling Bell","Astrolabe"],"picked":"Philosopher\u0027s Stone"}],"items_purged_floors":[22],"is_endless":false,"potions_floor_spawned":[7,11,13,16,25,31],"killed_by":"Automaton","ascension_level":11}