{"gold_per_floor":[112,12,0,17,17,17,51,69,95,95,128,128,140,140,140,219,219,231,231,156,156,168,168,188,188,241,8,8,43,43,56,56,132,132,147,161,161,161,61,61,81,81,81,81],"floor_reached":44,"playtime":2789,"items_purged":["Strike_R","Strike_R"],"score":734,"play_id":"27e0d183-60dd-4e47-99b3-b170d53fa8fb","local_time":"20190130104735","is_ascension_mode":true,"campfire_choices":[{"data":"Demon Form","floor":6.0,"key":"SMITH"},{"floor":10.0,"key":"REST"},{"data":"Shockwave","floor":12.0,"key":"SMITH"},{"floor":15.0,"key":"REST"},{"floor":23,"key":"REST"},{"data":"True Grit","floor":25,"key":"SMITH"},{"data":"Uppercut","floor":30,"key":"SMITH"},{"floor":32,"key":"REST"},{"floor":40,"key":"REST"}],"neow_cost":"NONE","seed_source_timestamp":1613201257618589,"circlet_count":0,"master_deck":["AscendersBane","Strike_R+1","Defend_R","Defend_R","Defend_R+1","Defend_R","Bash","Demon Form+1","Sword Boomerang","Spot Weakness","Flex","Iron Wave","Shockwave+1","Pommel Strike+1","Exhume","Uppercut+1","True Grit+1","Rage","Flame Barrier","Pummel","Seeing Red+1","Feed+1","Flex+1","Evolve"],"special_seed":0,"relics":["Burning Blood","Orichalcum","Regal Pillow","Lantern","Mark of Pain","Bottled Tornado","Omamori","Centennial Puzzle","Busted Crown","Whetstone"],"potions_floor_usage":[33,33,36],"damage_taken":[{"damage":6.0,"enemies":"2 Louse","floor":1.0,"turns":3.0},{"damage":2.0,"enemies":"Small Slimes","floor":4.0,"turns":3.0},{"damage":35.0,"enemies":"Lagavulin","floor":7.0,"turns":5.0},{"damage":7.0,"enemies":"Jaw Worm","floor":8.0,"turns":4.0},{"damage":19.0,"enemies":"3 Sentries","floor":11.0,"turns":7.0},{"damage":5.0,"enemies":"2 Fungi Beasts","floor":13.0,"turns":3.0},{"damage":38.0,"enemies":"Hexaghost","floor":16.0,"turns":6.0},{"damage":22.0,"enemies":"Spheric Guardian","floor":18.0,"turns":4.0},{"damage":17,"enemies":"3 Byrds","floor":22,"turns":5},{"damage":19,"enemies":"Centurion and Healer","floor":24,"turns":6},{"damage":9,"enemies":"Gremlin Leader","floor":29,"turns":5},{"damage":12,"enemies":"Cultist and Chosen","floor":31,"turns":5},{"damage":40,"enemies":"Automaton","floor":33,"turns":8},{"damage":7,"enemies":"Orb Walker","floor":35,"turns":3},{"damage":30,"enemies":"3 Darklings","floor":36,"turns":5},{"damage":36,"enemies":"Transient","floor":41,"turns":5},{"damage":49,"enemies":"Jaw Worm Horde","floor":44,"turns":3}],"seed_played":"-3200989080602176269","potions_obtained":[{"floor":1.0,"key":"GamblersBrew"},{"floor":7.0,"key":"SteroidPotion"},{"floor":11.0,"key":"PowerPotion"},{"floor":16.0,"key":"SpeedPotion"},{"floor":22,"key":"Energy Potion"},{"floor":29,"key":"Swift Potion"},{"floor":33,"key":"Regen Potion"},{"floor":36,"key":"Explosive Potion"}],"is_trial":false,"path_per_floor":["M","$","?","M","$","R","E","M","T","R","E","R","M","?","R","B",null,"M","?","?","T","M","R","M","R","T","$","$","E","R","M","R","B",null,"M","M","?","?","$","R","M","?","T","M"],"character_chosen":"IRONCLAD","items_purchased":["Spot Weakness","Flex","Flame Barrier","Pummel"],"campfire_rested":5,"item_purchase_floors":[2,2,27,27],"current_hp_per_floor":[68,68,68,72,72,72,43,42,42,75,62,62,63,48,75,43,67,51,51,51,51,40,75,62,62,62,62,62,59,59,53,75,41,67,66,56,56,56,56,71,41,41,41,0],"gold":81,"neow_bonus":"ONE_RANDOM_RARE_CARD","is_prod":false,"is_daily":false,"chose_seed":false,"campfire_upgraded":4,"win_rate":0,"timestamp":1548838055,"path_taken":["M","$","?","M","$","R","E","M","T","R","E","R","M","?","R","BOSS","M","?","?","?","M","R","M","R","T","?","$","E","R","M","R","BOSS","M","M","?","?","?","R","M","?","T","M"],"build_version":"2019-01-23","purchased_purges":2,"victory":false,"max_hp_per_floor":[75,75,75,75,75,75,75,75,75,75,75,75,75,75,75,75,75,75,75,75,75,75,75,75,75,75,75,75,75,75,75,75,75,75,75,75,75,71,71,71,71,71,71,71],"card_choices":[{"not_picked":["Reckless Charge","Warcry"],"picked":"Sword Boomerang","floor":1.0},{"not_picked":["Carnage","Body Slam"],"picked":"Iron Wave","floor":4.0},{"not_picked":["Cleave","Flex"],"picked":"Shockwave","floor":7.0},{"not_picked":["Wild Strike","Disarm","Thunderclap"],"picked":"SKIP","floor":8.0},{"not_picked":["Bloodletting","Havoc","Immolate"],"picked":"SKIP","floor":11.0},{"not_picked":["Metallicize","Twin Strike"],"picked":"Pommel Strike","floor":13.0},{"not_picked":["Juggernaut","Immolate"],"picked":"Exhume","floor":16.0},{"not_picked":["Armaments","Thunderclap"],"picked":"Uppercut","floor":18.0},{"not_picked":["Heavy Blade","Body Slam"],"picked":"True Grit","floor":22},{"not_picked":["Clothesline+1","Corruption"],"picked":"Rage","floor":24},{"not_picked":["Body Slam","Heavy Blade"],"picked":"Seeing Red+1","floor":29},{"not_picked":["Anger","Sword Boomerang","Shrug It Off"],"picked":"SKIP","floor":31},{"not_picked":["Fiend Fire","Offering"],"picked":"Feed","floor":33},{"not_picked":[],"picked":"Flex+1","floor":35},{"not_picked":["Twin Strike+1"],"picked":"SKIP","floor":36},{"not_picked":[],"picked":"Evolve","floor":41}],"player_experience":462843,"relics_obtained":[{"floor":7.0,"key":"Orichalcum"},{"floor":9.0,"key":"Regal Pillow"},{"floor":11.0,"key":"Lantern"},{"floor":21,"key":"Bottled Tornado"},{"floor":26,"key":"Omamori"},{"floor":29,"key":"Centennial Puzzle"},{"floor":43,"key":"Whetstone"}],"event_choices":[{"damage_healed":0.0,"max_hp_gain":0.0,"max_hp_loss":0.0,"gold_gain":0.0,"event_name":"World of Goop","player_choice":"Left Gold","floor":3.0,"gold_loss":12.0,"damage_taken":0.0},{"damage_healed":0.0,"max_hp_gain":0.0,"max_hp_loss":0.0,"gold_gain":0.0,"event_name":"Shining Light","player_choice":"Entered Light","floor":14.0,"gold_loss":0.0,"damage_taken":15.0,"cards_upgraded":["Defend_R","Strike_R"]},{"damage_healed":0,"gold_gain":0,"player_choice":"Ignored","damage_taken":0,"max_hp_gain":0,"max_hp_loss":0,"event_name":"The Mausoleum","floor":19,"gold_loss":0},{"cards_removed":["Strike_R"],"damage_healed":0,"gold_gain":0,"player_choice":"Gave Gold","damage_taken":0,"max_hp_gain":0,"max_hp_loss":0,"event_name":"Beggar","floor":20,"gold_loss":75},{"cards_removed":["Strike_R"],"damage_healed":0,"gold_gain":0,"player_choice":"Removed Attack","damage_taken":0,"max_hp_gain":0,"max_hp_loss":0,"event_name":"Falling","floor":37,"gold_loss":0},{"damage_healed":0,"gold_gain":0,"player_choice":"Max HP","damage_taken":0,"max_hp_gain":0,"max_hp_loss":4,"event_name":"Winding Halls","floor":38,"gold_loss":0},{"damage_healed":0,"gold_gain":0,"player_choice":"Ignored","damage_taken":0,"max_hp_gain":0,"max_hp_loss":0,"event_name":"Mysterious Sphere","floor":42,"gold_loss":0}],"is_beta":false,"boss_relics":[{"not_picked":["Snecko Eye","Fusion Hammer"],"picked":"Mark of Pain"},{"not_picked":["Empty Cage","Runic Cube"],"picked":"Busted Crown"}],"items_purged_floors":[27,39],"is_endless":false,"potions_floor_spawned":[1,7,11,13,16,22,29,31,33,36],"killed_by":"Jaw Worm Horde","ascension_level":14}