{"gold_per_floor":[114,264,314,63,80,80,95,125,125,125],"floor_reached":10,"playtime":265,"items_purged":[],"score":129,"play_id":"d1f5f3d1-d258-42c5-9330-1dce0d2fbea6","local_time":"20190502191938","is_ascension_mode":true,"campfire_choices":[{"data":"Neutralize","floor":6,"key":"SMITH"}],"neow_cost":"NONE","seed_source_timestamp":508224886120798,"circlet_count":0,"master_deck":["AscendersBane","Defend_G","Defend_G","Defend_G","Defend_G","Defend_G","Strike_G","Strike_G","Strike_G","Strike_G","Strike_G","Survivor","Neutralize+1","Noxious Fumes","Doubt","All Out Attack","Dagger Throw","Well Laid Plans"],"relics":["Ring of the Snake","NeowsBlessing","Orichalcum","Paper Crane","Smiling Mask"],"potions_floor_usage":[],"damage_taken":[{"damage":0,"enemies":"Jaw Worm","floor":1,"turns":1},{"damage":0,"enemies":"2 Louse","floor":5,"turns":1},{"damage":0,"enemies":"Cultist","floor":7,"turns":1},{"damage":39,"enemies":"Lagavulin","floor":8,"turns":9},{"damage":26,"enemies":"Gremlin Nob","floor":10,"turns":4}],"seed_played":"8989307483764057549","potions_obtained":[{"floor":1,"key":"GamblersBrew"}],"is_trial":false,"path_per_floor":["M","?","?","$","M","R","M","E","T","E"],"character_chosen":"THE_SILENT","items_purchased":["All Out Attack","Orichalcum"],"campfire_rested":0,"item_purchase_floors":[4,4],"current_hp_per_floor":[59,59,53,53,53,53,53,14,14,0],"gold":125,"neow_bonus":"THREE_ENEMY_KILL","is_prod":false,"is_daily":false,"chose_seed":false,"campfire_upgraded":1,"win_rate":0,"timestamp":1556839178,"path_taken":["M","?","?","$","M","R","?","E","T","E"],"build_version":"2019-01-23","purchased_purges":0,"victory":false,"max_hp_per_floor":[66,66,66,66,66,66,66,66,66,66],"card_choices":[{"not_picked":["Slice","Setup"],"picked":"Noxious Fumes","floor":1},{"not_picked":["Quick Slash","Terror"],"picked":"Dagger Throw","floor":5},{"not_picked":["Choke","Flying Knee","Riddle With Holes"],"picked":"SKIP","floor":7},{"not_picked":["PiercingWail","Accuracy"],"picked":"Well Laid Plans","floor":8}],"player_experience":590249,"relics_obtained":[{"floor":8,"key":"Paper Crane"},{"floor":9,"key":"Smiling Mask"}],"event_choices":[{"damage_healed":0,"gold_gain":150,"player_choice":"AGREE","damage_taken":0,"max_hp_gain":0,"max_hp_loss":0,"event_name":"Liars Game","floor":2,"gold_loss":0,"cards_obtained":["Doubt"]},{"damage_healed":0,"gold_gain":50,"player_choice":"Touch","damage_taken":6,"max_hp_gain":0,"max_hp_loss":0,"event_name":"FaceTrader","floor":3,"gold_loss":0}],"is_beta":false,"boss_relics":[],"items_purged_floors":[],"is_endless":false,"potions_floor_spawned":[1],"killed_by":"Gremlin Nob","ascension_level":19}