{"gold_per_floor":[16,28,28,43,58,58,86,86,86,86,86,117,137,161,161,251,251,266,266,266,266,281,281,306,306,386,162,237,270,270,93,93,93],"floor_reached":33,"playtime":1537,"items_purged":["Strike_G","Strike_G"],"score":464,"play_id":"033f1933-65c2-4473-aa1f-3d043599873b","local_time":"20190315080331","is_ascension_mode":true,"campfire_choices":[{"data":"Neutralize","floor":6,"key":"SMITH"},{"data":"Die Die Die","floor":8,"key":"SMITH"},{"data":"Predator","floor":10,"key":"SMITH"},{"floor":15,"key":"REST"},{"data":"Cloak And Dagger","floor":23,"key":"SMITH"},{"floor":25,"key":"REST"},{"data":"Well Laid Plans","floor":30,"key":"SMITH"},{"floor":32,"key":"REST"}],"neow_cost":"NO_GOLD","seed_source_timestamp":173024331261626,"circlet_count":0,"master_deck":["AscendersBane","Defend_G","Defend_G","Defend_G","Defend_G","Defend_G","Strike_G","Strike_G","Strike_G","Survivor","Neutralize+1","Flying Knee","Die Die Die+1","Predator+1","Cloak And Dagger+1","After Image","Well Laid Plans+1","Necronomicurse","Deadly Poison","Footwork","Dash","Catalyst+1"],"relics":["Ring of the Snake","Peace Pipe","Dodecahedron","Golden Idol","Gremlin Horn","Runic Dome","Necronomicon","Bottled Flame","Bottled Tornado","Toxic Egg 2"],"potions_floor_usage":[12,16,16,33],"damage_taken":[{"damage":0,"enemies":"2 Louse","floor":1,"turns":3},{"damage":0,"enemies":"Small Slimes","floor":2,"turns":4},{"damage":1,"enemies":"Jaw Worm","floor":4,"turns":4},{"damage":3,"enemies":"Blue Slaver","floor":5,"turns":5},{"damage":24,"enemies":"3 Sentries","floor":7,"turns":9},{"damage":7,"enemies":"Lagavulin","floor":12,"turns":6},{"damage":8,"enemies":"Large Slime","floor":13,"turns":8},{"damage":0,"enemies":"Exordium Thugs","floor":14,"turns":2},{"damage":47,"enemies":"Slime Boss","floor":16,"turns":14},{"damage":3,"enemies":"Chosen","floor":18,"turns":6},{"damage":6,"enemies":"3 Byrds","floor":22,"turns":4},{"damage":12,"enemies":"Snake Plant","floor":24,"turns":5},{"damage":19,"enemies":"Slavers","floor":29,"turns":5},{"damage":39,"enemies":"Automaton","floor":33,"turns":14}],"seed_played":"4694699051539881296","potions_obtained":[{"floor":2,"key":"Fire Potion"},{"floor":4,"key":"GamblersBrew"},{"floor":14,"key":"GamblersBrew"},{"floor":16,"key":"Regen Potion"},{"floor":18,"key":"Explosive Potion"},{"floor":29,"key":"PowerPotion"}],"is_trial":false,"path_per_floor":["M","M","?","M","M","R","E","R","T","R","?","E","M","M","R","B",null,"M","?","?","T","M","R","M","R","T","$","?","E","R","$","R","B"],"character_chosen":"THE_SILENT","items_purchased":["Footwork","Dash","Catalyst+1"],"campfire_rested":3,"item_purchase_floors":[27,27,31],"current_hp_per_floor":[71,71,71,70,67,67,43,43,43,43,43,36,28,28,49,2,55,52,36,36,36,30,30,18,39,39,39,32,13,13,13,34,0],"gold":93,"neow_bonus":"TWENTY_PERCENT_HP_BONUS","is_prod":false,"is_daily":false,"chose_seed":false,"campfire_upgraded":5,"win_rate":0,"timestamp":1552651411,"path_taken":["M","M","?","M","M","R","E","R","T","R","?","E","M","M","R","BOSS","M","?","?","?","M","R","M","R","T","$","?","E","R","$","R","BOSS"],"build_version":"2019-01-23","purchased_purges":2,"victory":false,"max_hp_per_floor":[78,78,78,78,78,78,78,78,78,78,72,72,72,72,72,72,72,72,72,72,72,72,72,72,72,72,72,72,72,72,72,72,72],"card_choices":[{"not_picked":["Sucker Punch","Slice","Masterful Stab"],"picked":"SKIP","floor":1},{"not_picked":["PiercingWail","Underhanded Strike"],"picked":"Flying Knee","floor":2},{"not_picked":["Quick Slash","Blur"],"picked":"Die Die Die","floor":4},{"not_picked":["Dodge and Roll","PiercingWail"],"picked":"Predator","floor":5},{"not_picked":["Concentrate","Slice","Underhanded Strike"],"picked":"SKIP","floor":7},{"not_picked":["Riddle With Holes","Prepared","Quick Slash"],"picked":"SKIP","floor":12},{"not_picked":["Calculated Gamble","Flying Knee","Masterful Stab"],"picked":"SKIP","floor":13},{"not_picked":["Dagger Throw","Accuracy"],"picked":"Cloak And Dagger","floor":14},{"not_picked":["Tools of the Trade","Unload"],"picked":"After Image","floor":16},{"not_picked":["Deadly Poison","Flying Knee"],"picked":"Well Laid Plans","floor":18},{"not_picked":["Accuracy","Acrobatics"],"picked":"Deadly Poison","floor":22},{"not_picked":["Blade Dance","Outmaneuver","Sucker Punch"],"picked":"SKIP","floor":24},{"not_picked":["Dagger Spray","Sucker Punch","Grand Finale"],"picked":"SKIP","floor":29}],"player_experience":495703,"relics_obtained":[{"floor":7,"key":"Peace Pipe"},{"floor":9,"key":"Dodecahedron"},{"floor":12,"key":"Gremlin Horn"},{"floor":19,"key":"Necronomicon"},{"floor":21,"key":"Bottled Flame"},{"floor":26,"key":"Bottled Tornado"},{"floor":29,"key":"Toxic Egg 2"}],"event_choices":[{"damage_healed":0,"gold_gain":0,"player_choice":"Ignored","damage_taken":0,"max_hp_gain":0,"max_hp_loss":0,"event_name":"Liars Game","floor":3,"gold_loss":0},{"damage_healed":0,"gold_gain":0,"player_choice":"Lose Max HP","damage_taken":0,"relics_obtained":["Golden Idol"],"max_hp_gain":0,"max_hp_loss":6,"event_name":"Golden Idol","floor":11,"gold_loss":0},{"damage_healed":0,"gold_gain":0,"player_choice":"Obtained Book","damage_taken":16,"max_hp_gain":0,"max_hp_loss":0,"event_name":"Cursed Tome","floor":19,"gold_loss":0},{"damage_healed":0,"gold_gain":0,"player_choice":"Ignored","damage_taken":0,"max_hp_gain":0,"max_hp_loss":0,"event_name":"Ghosts","floor":20,"gold_loss":0},{"damage_healed":0,"gold_gain":75,"player_choice":"Touch","damage_taken":7,"max_hp_gain":0,"max_hp_loss":0,"event_name":"FaceTrader","floor":28,"gold_loss":0}],"is_beta":false,"boss_relics":[{"not_picked":["Pandora\u0027s Box","Ring of the Serpent"],"picked":"Runic Dome"}],"items_purged_floors":[27,31],"is_endless":false,"potions_floor_spawned":[2,4,14,16,18,24,29],"killed_by":"Automaton","ascension_level":14}