{"gold_per_floor":[115,115,125,137,137,137,171,171,245,279,296,308,308,337,337,432,432,452,377,337,351,362,395,395,430,454,454,307,318,318,348,348,348],"floor_reached":33,"playtime":1719,"items_purged":["Strike_B"],"score":365,"play_id":"095f1e73-96ed-46e4-b237-b3ba2fdf1717","local_time":"20181113233154","is_ascension_mode":true,"campfire_choices":[{"data":"Sunder","floor":6,"key":"SMITH"},{"data":"Storm","floor":8,"key":"SMITH"},{"floor":13,"key":"REST"},{"data":"Defragment","floor":15,"key":"SMITH"},{"floor":24,"key":"REST"},{"floor":27,"key":"REST"},{"floor":32,"key":"REST"}],"neow_cost":"NONE","seed_source_timestamp":66788044941912,"circlet_count":0,"master_deck":["Strike_B","Strike_B","Defend_B","Defend_B","Defend_B","Defend_B","Zap+1","Dualcast+1","Amplify","Sunder+1","Go for the Eyes+1","Defragment+1","Storm+1","Reinforced Body","Streamline","Consume","Beam Cell","Core Surge+1","Conserve Battery","BootSequence","Electrodynamics","Leap+1","Hologram","Force Field+1","Seek"],"relics":["Cracked Core","Boot","Singing Bowl","Orichalcum","War Paint","Black Star","Gremlin Horn","Kunai","Pen Nib","Art of War","Nloth\u0027s Gift","Shovel","Ginger"],"potions_floor_usage":[14,23,23,25,31,33],"damage_taken":[{"damage":1,"enemies":"Jaw Worm","floor":1,"turns":5},{"damage":0,"enemies":"2 Louse","floor":3,"turns":2},{"damage":0,"enemies":"Cultist","floor":4,"turns":3},{"damage":16,"enemies":"Gremlin Nob","floor":7,"turns":4},{"damage":21,"enemies":"Lagavulin","floor":10,"turns":6},{"damage":7,"enemies":"Blue Slaver","floor":11,"turns":2},{"damage":6,"enemies":"Exordium Thugs","floor":12,"turns":3},{"damage":8,"enemies":"Gremlin Nob","floor":14,"turns":3},{"damage":13,"enemies":"The Guardian","floor":16,"turns":8},{"damage":0,"enemies":"Chosen","floor":18,"turns":2},{"damage":10,"enemies":"Spheric Guardian","floor":21,"turns":4},{"damage":21,"enemies":"Shelled Parasite and Fungi","floor":22,"turns":6},{"damage":36,"enemies":"Slavers","floor":23,"turns":5},{"damage":0,"enemies":"Gremlin Leader","floor":25,"turns":5},{"damage":6,"enemies":"Centurion and Healer","floor":29,"turns":4},{"damage":28,"enemies":"Slavers","floor":31,"turns":3},{"damage":46,"enemies":"Automaton","floor":33,"turns":10}],"seed_played":"-4023779364235169266","potions_obtained":[{"floor":1,"key":"Energy Potion"},{"floor":5,"key":"LiquidBronze"},{"floor":5,"key":"LiquidBronze"},{"floor":5,"key":"AttackPotion"},{"floor":18,"key":"Poison Potion"},{"floor":23,"key":"Strength Potion"},{"floor":25,"key":"AttackPotion"}],"is_trial":false,"path_per_floor":["M","?","M","M","?","R","E","R","T","E","M","M","R","E","R","B",null,"M","?","?","M","M","E","R","E","T","R","$","M","?","E","R","B"],"character_chosen":"DEFECT","items_purchased":["PowerPotion","Hologram"],"campfire_rested":4,"item_purchase_floors":[28,28],"current_hp_per_floor":[74,74,74,74,74,74,58,58,58,37,30,24,46,38,38,25,75,75,75,75,65,46,10,33,33,33,56,56,50,50,22,45,0],"gold":348,"neow_bonus":"ONE_RANDOM_RARE_CARD","is_prod":false,"is_daily":false,"chose_seed":false,"campfire_upgraded":3,"win_rate":0,"timestamp":1542169914,"path_taken":["M","?","M","M","?","R","E","R","T","E","M","M","R","E","R","BOSS","M","?","?","M","M","E","R","E","T","R","$","M","?","E","R","BOSS"],"build_version":"2018-11-08","purchased_purges":1,"victory":false,"max_hp_per_floor":[75,75,75,75,75,75,75,75,75,75,75,75,75,75,75,75,75,75,75,75,75,77,77,77,77,77,77,77,77,77,77,77,77],"card_choices":[{"not_picked":["Coolheaded","Stack"],"picked":"Sunder","floor":1},{"not_picked":["Undo","Turbo"],"picked":"Go for the Eyes","floor":3},{"not_picked":["Rip and Tear","Turbo"],"picked":"Defragment","floor":4},{"not_picked":["Blizzard","Compile Driver"],"picked":"Storm","floor":7},{"not_picked":["FTL","Blizzard"],"picked":"Reinforced Body","floor":10},{"not_picked":["Steam Power","Hello World"],"picked":"Streamline","floor":11},{"not_picked":["Hologram","Loop"],"picked":"Consume","floor":12},{"not_picked":["Recycle","Hologram"],"picked":"Beam Cell","floor":14},{"not_picked":["Fission","Meteor Strike"],"picked":"Core Surge","floor":16},{"not_picked":["Darkness","Leap"],"picked":"Conserve Battery","floor":18},{"not_picked":["Chill","Steam"],"picked":"BootSequence","floor":21},{"not_picked":["Chill","FTL","Go for the Eyes"],"picked":"Singing Bowl","floor":22},{"not_picked":["Cold Snap","Ball Lightning"],"picked":"Electrodynamics","floor":23},{"not_picked":["Reprogram+1","Steam Power+1"],"picked":"Leap+1","floor":25},{"not_picked":["Scrape+1","Turbo"],"picked":"Force Field+1","floor":29},{"not_picked":["Meteor Strike","Hello World"],"picked":"Seek","floor":31}],"player_experience":131084,"relics_obtained":[{"floor":7,"key":"Boot"},{"floor":9,"key":"Singing Bowl"},{"floor":10,"key":"Orichalcum"},{"floor":14,"key":"War Paint"},{"floor":23,"key":"Gremlin Horn"},{"floor":23,"key":"Kunai"},{"floor":25,"key":"Pen Nib"},{"floor":25,"key":"Art of War"},{"floor":26,"key":"Juzu Bracelet"},{"floor":31,"key":"Shovel"},{"floor":31,"key":"Ginger"}],"event_choices":[{"damage_healed":0,"gold_gain":0,"player_choice":"Ignored","damage_taken":0,"max_hp_gain":0,"max_hp_loss":0,"event_name":"Liars Game","floor":2,"gold_loss":0},{"damage_healed":0,"gold_gain":0,"player_choice":"Got Potions","damage_taken":0,"max_hp_gain":0,"max_hp_loss":0,"event_name":"Lab","floor":5,"gold_loss":0},{"cards_removed":["Strike_B"],"damage_healed":0,"gold_gain":0,"player_choice":"Gave Gold","damage_taken":0,"max_hp_gain":0,"max_hp_loss":0,"event_name":"Beggar","floor":19,"gold_loss":75},{"damage_healed":0,"gold_gain":0,"player_choice":"Upgraded Two","damage_taken":0,"max_hp_gain":0,"max_hp_loss":0,"event_name":"Designer","floor":20,"gold_loss":40,"cards_upgraded":["Core Surge","Go for the Eyes"]},{"damage_healed":0,"gold_gain":0,"player_choice":"Traded Relic","damage_taken":0,"relics_obtained":["Nloth\u0027s Gift"],"max_hp_gain":0,"max_hp_loss":0,"event_name":"N\u0027loth","floor":30,"relics_lost":["Juzu Bracelet"],"gold_loss":0}],"is_beta":false,"boss_relics":[{"not_picked":["Calling Bell","Busted Crown"],"picked":"Black Star"}],"items_purged_floors":[28],"is_endless":false,"potions_floor_spawned":[1,10,11,12,18,23,25],"killed_by":"Automaton","ascension_level":1}