{"gold_per_floor":[109,109,129,129,145,145,177,190,190,220,220,246,260,41,41,145,145,159,159,59,0,0,0],"floor_reached":23,"playtime":1669,"items_purged":["Defend_R","Strike_R"],"score":246,"play_id":"e9637796-b392-487f-9a3f-cc70416517e5","local_time":"20190108194613","is_ascension_mode":true,"campfire_choices":[{"data":"Fire Breathing","floor":6,"key":"SMITH"},{"floor":11,"key":"REST"},{"floor":15,"key":"REST"}],"neow_cost":"NONE","seed_source_timestamp":525525090174472,"circlet_count":0,"master_deck":["Strike_R","Strike_R","Strike_R","Defend_R","Defend_R","Defend_R","Bash+1","Fire Breathing+1","Pommel Strike","Pain","Spot Weakness","Spot Weakness","Shrug It Off","Heavy Blade","Limit Break","Power Through","Heavy Blade","Cleave","Limit Break","Sword Boomerang+1","Heavy Blade"],"relics":["Burning Blood","WarpedTongs","Juzu Bracelet","Pen Nib","Bottled Lightning","Philosopher\u0027s Stone"],"potions_floor_usage":[7,16,23],"damage_taken":[{"damage":2,"enemies":"2 Louse","floor":1,"turns":4},{"damage":4,"enemies":"Small Slimes","floor":3,"turns":4},{"damage":5,"enemies":"Cultist","floor":5,"turns":4},{"damage":49,"enemies":"Lagavulin","floor":7,"turns":7},{"damage":14,"enemies":"2 Fungi Beasts","floor":8,"turns":3},{"damage":22,"enemies":"Gremlin Nob","floor":12,"turns":4},{"damage":8,"enemies":"Gremlin Gang","floor":13,"turns":4},{"damage":43,"enemies":"Hexaghost","floor":16,"turns":9},{"damage":54,"enemies":"3 Byrds","floor":18,"turns":4},{"damage":27,"enemies":"Book of Stabbing","floor":23,"turns":2}],"seed_played":"-4404469731271375710","potions_obtained":[{"floor":1,"key":"EssenceOfSteel"},{"floor":12,"key":"SteroidPotion"},{"floor":18,"key":"BloodPotion"}],"is_trial":false,"path_per_floor":["M","?","M","?","M","R","E","M","T","?","R","E","M","$","R","B",null,"M","?","$","?","$","E"],"character_chosen":"IRONCLAD","items_purchased":["Power Through","Heavy Blade","Cleave"],"campfire_rested":2,"item_purchase_floors":[14,14,14],"current_hp_per_floor":[80,73,75,75,76,76,33,25,25,25,49,33,31,31,55,18,65,17,17,17,17,17,0],"gold":0,"neow_bonus":"UPGRADE_CARD","is_prod":false,"is_daily":false,"chose_seed":false,"campfire_upgraded":1,"win_rate":0,"timestamp":1546969573,"path_taken":["M","?","M","?","M","R","E","M","T","?","R","E","M","$","R","BOSS","M","?","$","?","$","E"],"build_version":"2019-01-03v4","purchased_purges":2,"victory":false,"max_hp_per_floor":[80,80,80,80,80,80,80,80,80,80,80,80,80,80,80,80,80,80,80,80,80,80,80],"card_choices":[{"not_picked":["Hemokinesis","Clash"],"picked":"Fire Breathing","floor":1},{"not_picked":["Havoc","Thunderclap"],"picked":"Pommel Strike","floor":3},{"not_picked":["Clothesline","Wild Strike"],"picked":"Spot Weakness","floor":5},{"not_picked":["Body Slam","Infernal Blade"],"picked":"Spot Weakness","floor":7},{"not_picked":["Thunderclap","Warcry"],"picked":"Shrug It Off","floor":8},{"not_picked":["Intimidate","Body Slam"],"picked":"Heavy Blade","floor":12},{"not_picked":["Evolve","Perfected Strike"],"picked":"Limit Break","floor":13},{"not_picked":["Double Tap","Juggernaut"],"picked":"Limit Break","floor":16},{"not_picked":["Body Slam","Twin Strike"],"picked":"Sword Boomerang+1","floor":18}],"player_experience":141917,"relics_obtained":[{"floor":7,"key":"Juzu Bracelet"},{"floor":9,"key":"Pen Nib"},{"floor":12,"key":"Bottled Lightning"}],"event_choices":[{"cards_removed":["Strike_R"],"damage_healed":0,"gold_gain":0,"player_choice":"Card Removal","damage_taken":7,"max_hp_gain":0,"max_hp_loss":0,"event_name":"Golden Wing","floor":2,"gold_loss":0},{"damage_healed":0,"gold_gain":0,"player_choice":"Rummage","damage_taken":0,"relics_obtained":["WarpedTongs"],"max_hp_gain":0,"max_hp_loss":0,"event_name":"Accursed Blacksmith","floor":4,"gold_loss":0,"cards_obtained":["Pain"]},{"damage_healed":0,"gold_gain":30,"player_choice":"Searched \u00271\u0027 times","damage_taken":0,"max_hp_gain":0,"max_hp_loss":0,"event_name":"Dead Adventurer","floor":10,"gold_loss":0},{"damage_healed":0,"gold_gain":0,"player_choice":"1 cards matched","damage_taken":0,"max_hp_gain":0,"max_hp_loss":0,"event_name":"Match and Keep!","floor":19,"gold_loss":0,"cards_obtained":["Heavy Blade"]},{"damage_healed":0,"gold_gain":0,"player_choice":"Paid Fearfully","damage_taken":0,"max_hp_gain":0,"max_hp_loss":0,"event_name":"Masked Bandits","floor":21,"gold_loss":59}],"is_beta":false,"boss_relics":[{"not_picked":["Cursed Key","Orrery"],"picked":"Philosopher\u0027s Stone"}],"items_purged_floors":[14,20],"is_endless":false,"potions_floor_spawned":[1,12,18],"killed_by":"Book of Stabbing","ascension_level":5}