{"gold_per_floor":[10,10,0,0,0,0,34,34,34,49,49,62,74,74,74,147,147,167,167,179,15,31,31,31],"floor_reached":24,"playtime":1415,"items_purged":["Hologram"],"score":378,"play_id":"6a9436a5-42c8-4205-ad68-04598c841e8a","local_time":"20190409004210","is_ascension_mode":true,"campfire_choices":[{"data":"Sunder","floor":6.0,"key":"SMITH"},{"data":"Machine Learning","floor":8.0,"key":"SMITH"},{"data":"Leap","floor":15.0,"key":"SMITH"},{"floor":23,"key":"REST"}],"neow_cost":"NO_GOLD","seed_source_timestamp":0,"circlet_count":0,"master_deck":["AscendersBane","Strike_B","Strike_B","Strike_B","Defend_B","Defend_B","Defend_B","Zap","Dualcast","Machine Learning+1","Sunder+1","Steam","Leap+1","Melter","Reboot","Self Repair"],"special_seed":0,"relics":["Cracked Core","Meat on the Bone","Darkstone Periapt","Shuriken","Letter Opener","Fusion Hammer"],"potions_floor_usage":[22,22,22],"damage_taken":[{"damage":4.0,"enemies":"Small Slimes","floor":1.0,"turns":4.0},{"damage":37.0,"enemies":"3 Sentries","floor":7.0,"turns":8.0},{"damage":10.0,"enemies":"Jaw Worm","floor":10.0,"turns":3.0},{"damage":0.0,"enemies":"2 Louse","floor":12.0,"turns":1.0},{"damage":0.0,"enemies":"Looter","floor":13.0,"turns":2.0},{"damage":19.0,"enemies":"The Guardian","floor":16.0,"turns":12.0},{"damage":21.0,"enemies":"Shell Parasite","floor":18.0,"turns":5.0},{"damage":6.0,"enemies":"Spheric Guardian","floor":20.0,"turns":3.0},{"damage":18,"enemies":"Centurion and Healer","floor":22,"turns":7},{"damage":75,"enemies":"Slavers","floor":24,"turns":4}],"seed_played":"-264069459819454038","potions_obtained":[{"floor":1.0,"key":"Strength Potion"},{"floor":7.0,"key":"Strength Potion"},{"floor":16.0,"key":"GamblersBrew"},{"floor":20.0,"key":"EntropicBrew"}],"is_trial":false,"path_per_floor":["M","?","?","$","?","R","E","R","T","M","T","M","M","?","R","B",null,"M","?","M","$","M","R","E"],"character_chosen":"DEFECT","items_purchased":["Self Repair"],"campfire_rested":1,"item_purchase_floors":[21],"current_hp_per_floor":[60,55,55,55,71,71,46,46,46,36,36,36,36,59,59,40,68,47,47,41,41,42,64,0],"gold":31,"neow_bonus":"TRANSFORM_TWO_CARDS","is_prod":false,"is_daily":false,"chose_seed":false,"campfire_upgraded":3,"win_rate":0,"timestamp":1554759730,"path_taken":["M","?","?","$","?","R","E","R","T","M","?","M","?","?","R","BOSS","M","?","M","$","?","R","E"],"build_version":"2019-01-23","purchased_purges":1,"victory":false,"max_hp_per_floor":[71,71,71,71,71,71,71,71,71,71,71,71,71,77,77,77,77,77,74,74,74,74,74,74],"card_choices":[{"not_picked":["FTL","Coolheaded"],"picked":"Sunder","floor":1.0},{"not_picked":["Steam Power","Double Energy"],"picked":"Steam","floor":7.0},{"not_picked":["Storm","Compile Driver","Static Discharge"],"picked":"SKIP","floor":10.0},{"not_picked":["Gash","Steam"],"picked":"Leap","floor":12.0},{"not_picked":["Barrage","Leap"],"picked":"Melter","floor":13.0},{"not_picked":["Thunder Strike","Biased Cognition"],"picked":"Reboot","floor":16.0},{"not_picked":["Redo","Steam","Aggregate"],"picked":"SKIP","floor":18.0},{"not_picked":["Sunder","Go for the Eyes","Tempest"],"picked":"SKIP","floor":20.0},{"not_picked":["Coolheaded","Biased Cognition","Redo+1"],"picked":"SKIP","floor":22}],"player_experience":801355,"relics_obtained":[{"floor":7.0,"key":"Darkstone Periapt"},{"floor":9.0,"key":"Shuriken"},{"floor":11.0,"key":"Letter Opener"}],"event_choices":[{"damage_healed":0.0,"max_hp_gain":0.0,"max_hp_loss":0.0,"gold_gain":0.0,"event_name":"Scrap Ooze","player_choice":"Success","floor":2.0,"gold_loss":0.0,"damage_taken":5.0,"relics_obtained":["Meat on the Bone"]},{"damage_healed":0.0,"max_hp_gain":0.0,"max_hp_loss":0.0,"gold_gain":0.0,"event_name":"World of Goop","player_choice":"Left Gold","floor":3.0,"gold_loss":10.0,"damage_taken":0.0},{"damage_healed":23.0,"max_hp_gain":0.0,"max_hp_loss":0.0,"gold_gain":0.0,"event_name":"Big Fish","player_choice":"Banana","floor":5.0,"gold_loss":0.0,"damage_taken":0.0},{"damage_healed":17.0,"max_hp_gain":0.0,"max_hp_loss":0.0,"gold_gain":0.0,"event_name":"Mushrooms","player_choice":"Healed and dodged fight","floor":14.0,"gold_loss":0.0,"damage_taken":0.0,"cards_obtained":["Parasite"]},{"cards_removed":["Parasite"],"damage_healed":0.0,"max_hp_gain":0.0,"max_hp_loss":0.0,"gold_gain":0.0,"event_name":"Fountain of Cleansing","player_choice":"Removed Curses","floor":19.0,"gold_loss":0.0,"damage_taken":0.0}],"is_beta":false,"boss_relics":[{"not_picked":["Lizard Tail","Calling Bell"],"picked":"Fusion Hammer"}],"items_purged_floors":[21],"is_endless":false,"potions_floor_spawned":[1,7,12,16,20],"killed_by":"Slavers","ascension_level":19}