{"gold_per_floor":[114,134,28,45,45,72,72,88,113,113,125,152,163,37,37,134,134,148,148,49,49,63,63,63,162,187,87,102,102,102,119,119,119],"floor_reached":33,"playtime":2765,"items_purged":["Strike_R","Strike_R"],"score":371,"play_id":"f07e2498-c318-4d4c-abf4-31dd74591b3b","local_time":"20190116012036","is_ascension_mode":true,"campfire_choices":[{"floor":7.0,"key":"REST"},{"floor":15.0,"key":"REST"},{"floor":23.0,"key":"REST"},{"floor":29.0,"key":"REST"},{"data":"Double Tap","floor":32,"key":"SMITH"}],"neow_cost":"NONE","seed_source_timestamp":369522714232284,"circlet_count":0,"master_deck":["Strike_R","Strike_R","Defend_R","Defend_R","Defend_R","Defend_R","Bash","Fiend Fire","Hemokinesis","Inflame","Flex","Rupture","Spot Weakness","Iron Wave","Ghostly Armor","Dropkick","Heavy Blade","Double Tap+1","Feed","Rage","Combust","Cleave","Shame","Armaments"],"special_seed":0,"relics":["Burning Blood","Regal Pillow","Centennial Puzzle","Smiling Mask","Busted Crown","Bronze Scales"],"potions_floor_usage":[33],"damage_taken":[{"damage":1.0,"enemies":"Cultist","floor":1.0,"turns":3.0},{"damage":3.0,"enemies":"Jaw Worm","floor":2.0,"turns":4.0},{"damage":3.0,"enemies":"Small Slimes","floor":4.0,"turns":2.0},{"damage":28.0,"enemies":"Lagavulin","floor":6.0,"turns":5.0},{"damage":3.0,"enemies":"3 Louse","floor":8.0,"turns":2.0},{"damage":8.0,"enemies":"Large Slime","floor":11.0,"turns":6.0},{"damage":14.0,"enemies":"Gremlin Nob","floor":12.0,"turns":3.0},{"damage":8.0,"enemies":"Blue Slaver","floor":13.0,"turns":4.0},{"damage":18.0,"enemies":"Slime Boss","floor":16.0,"turns":7.0},{"damage":28.0,"enemies":"Shell Parasite","floor":18.0,"turns":5.0},{"damage":10.0,"enemies":"Chosen","floor":22.0,"turns":4.0},{"damage":0.0,"enemies":"Slavers","floor":24.0,"turns":1.0},{"damage":34.0,"enemies":"3 Cultists","floor":28.0,"turns":5.0},{"damage":2,"enemies":"Shelled Parasite and Fungi","floor":31,"turns":3},{"damage":96,"enemies":"Collector","floor":33,"turns":7}],"seed_played":"1694760863273105379","potions_obtained":[{"floor":2.0,"key":"SpeedPotion"},{"floor":4.0,"key":"Block Potion"},{"floor":11.0,"key":"EntropicBrew"},{"floor":12.0,"key":"SmokeBomb"},{"floor":16.0,"key":"Swift Potion"},{"floor":28.0,"key":"Swift Potion"}],"is_trial":false,"path_per_floor":["M","M","$","M","?","E","R","M","T","?","M","E","M","$","R","B",null,"M","?","$","?","M","R","E","?","T","$","M","R","?","M","R","B"],"character_chosen":"IRONCLAD","items_purchased":["Inflame","Flex","Double Tap","Combust","Cleave","Armaments"],"campfire_rested":4,"item_purchase_floors":[3,3,14,20,20,27],"current_hp_per_floor":[77,80,80,80,80,58,80,80,80,80,78,70,68,68,80,68,77,58,58,58,58,54,83,83,83,83,83,55,83,83,83,83,0],"gold":119,"neow_bonus":"ONE_RANDOM_RARE_CARD","is_prod":false,"is_daily":false,"chose_seed":false,"campfire_upgraded":1,"win_rate":0,"timestamp":1547594436,"path_taken":["M","M","$","M","?","E","R","M","T","?","?","E","M","$","R","BOSS","M","?","$","?","M","R","E","?","T","$","?","R","?","M","R","BOSS"],"build_version":"2019-01-10","purchased_purges":2,"victory":false,"max_hp_per_floor":[80,80,80,80,80,80,80,80,80,80,80,80,80,80,80,80,80,83,83,83,83,83,83,83,83,83,83,83,83,83,83,83,83],"card_choices":[{"not_picked":["True Grit","Disarm","Body Slam"],"picked":"SKIP","floor":1.0},{"not_picked":["Reckless Charge","Clash"],"picked":"Hemokinesis","floor":2.0},{"not_picked":["Cleave","Sentinel"],"picked":"Rupture","floor":4.0},{"not_picked":["Pummel","Barricade"],"picked":"Spot Weakness","floor":6.0},{"not_picked":["Armaments","Wild Strike"],"picked":"Iron Wave","floor":8.0},{"not_picked":["Disarm","Havoc"],"picked":"Ghostly Armor","floor":11.0},{"not_picked":["Power Through","Second Wind"],"picked":"Dropkick","floor":12.0},{"not_picked":["Shrug It Off","Anger"],"picked":"Heavy Blade","floor":13.0},{"not_picked":["Demon Form","Dark Embrace"],"picked":"Feed","floor":16.0},{"not_picked":[],"picked":"Rage","floor":18.0},{"not_picked":["Fire Breathing"],"picked":"SKIP","floor":22.0},{"not_picked":["Body Slam"],"picked":"SKIP","floor":28.0},{"not_picked":["Blood for Blood"],"picked":"SKIP","floor":31}],"player_experience":282428,"relics_obtained":[{"floor":6.0,"key":"Regal Pillow"},{"floor":9.0,"key":"Centennial Puzzle"},{"floor":12.0,"key":"Smiling Mask"}],"event_choices":[{"damage_healed":0.0,"max_hp_gain":0.0,"max_hp_loss":0.0,"gold_gain":0.0,"event_name":"Golden Idol","player_choice":"Ignored","floor":5.0,"gold_loss":0.0,"damage_taken":0.0},{"cards_removed":["Strike_R"],"damage_healed":0.0,"max_hp_gain":0.0,"max_hp_loss":0.0,"gold_gain":0.0,"event_name":"Bonfire Elementals","player_choice":"Offered Basic","floor":10.0,"gold_loss":0.0,"damage_taken":0.0},{"damage_healed":0.0,"max_hp_gain":0.0,"max_hp_loss":0.0,"gold_gain":0.0,"event_name":"Ghosts","player_choice":"Ignored","floor":19.0,"gold_loss":0.0,"damage_taken":0.0},{"damage_healed":0.0,"max_hp_gain":0.0,"max_hp_loss":0.0,"gold_gain":0.0,"event_name":"Addict","player_choice":"Stole Relic","floor":21.0,"gold_loss":0.0,"damage_taken":0.0,"relics_obtained":["Bronze Scales"],"cards_obtained":["Shame"]},{"damage_healed":0.0,"max_hp_gain":0.0,"max_hp_loss":0.0,"gold_gain":99.0,"event_name":"Nest","player_choice":"Stole From Cult","floor":25.0,"gold_loss":0.0,"damage_taken":0.0},{"damage_healed":0,"gold_gain":0,"player_choice":"Ignored","damage_taken":0,"max_hp_gain":0,"max_hp_loss":0,"event_name":"N\u0027loth","floor":30,"gold_loss":0}],"is_beta":false,"boss_relics":[{"not_picked":["Pandora\u0027s Box","Runic Cube"],"picked":"Busted Crown"}],"items_purged_floors":[14,27],"is_endless":false,"potions_floor_spawned":[2,4,11,12,16,24,28],"killed_by":"Collector","ascension_level":7}