{"gold_per_floor":[19,32,48,48,61,90,90,104,104,129,129,129,129,21,21,125,125,140,150,52,72,85,85,105,105,105,105,140,104,136,149,149,246,246,256,268,288,300,312,337,337,70,70,86,100,0,20,37,37,37],"floor_reached":50,"playtime":3167,"items_purged":["Strike_B"],"score":582,"play_id":"b637857c-4c53-4870-91b8-f9352aff9084","local_time":"20181126202749","is_ascension_mode":true,"campfire_choices":[{"data":"Consume","floor":7,"key":"SMITH"},{"data":"Zap","floor":11,"key":"SMITH"},{"data":"Capacitor","floor":15,"key":"SMITH"},{"data":"Creative AI","floor":23,"key":"SMITH"},{"data":"Tempest","floor":25,"key":"SMITH"},{"data":"Dualcast","floor":27,"key":"SMITH"},{"data":"Go for the Eyes","floor":32,"key":"SMITH"},{"data":"Fission","floor":41,"key":"SMITH"},{"data":"Consume","floor":49,"key":"SMITH"}],"neow_cost":"NO_GOLD","seed_source_timestamp":335637555783680,"circlet_count":0,"master_deck":["Strike_B","Strike_B","Strike_B","Defend_B","Defend_B","Defend_B","Defend_B","Zap+1","Dualcast+1","Rebound","Conserve Battery","Multi-Cast+1","Self Repair+1","Consume+1","BootSequence","Ball Lightning","Capacitor+1","Tempest+1","Creative AI+1","Cold Snap+1","Compile Driver","Conserve Battery","Coolheaded","Conserve Battery+1","Ball Lightning","Sweeping Beam","Go for the Eyes+1","Capacitor","Undo","Leap","Thunder Strike","Consume+1","Ball Lightning+1","Coolheaded","Leap+1","Barrage+1","Fission+1","Recycle","Undo"],"relics":["Cracked Core","Emotion Chip","Du-Vu Doll","Cables","Incense Burner","Philosopher\u0027s Stone","Matryoshka","Meat on the Bone","Omamori","Velvet Choker","Centennial Puzzle","ClockworkSouvenir","DataDisk","Frozen Egg 2","Red Mask"],"potions_floor_usage":[6,22,28,28,40,50,50,50],"damage_taken":[{"damage":0,"enemies":"2 Louse","floor":1,"turns":3},{"damage":1,"enemies":"Cultist","floor":2,"turns":3},{"damage":0,"enemies":"Small Slimes","floor":3,"turns":3},{"damage":0,"enemies":"Blue Slaver","floor":5,"turns":2},{"damage":14,"enemies":"Gremlin Nob","floor":6,"turns":3},{"damage":19,"enemies":"Gremlin Gang","floor":8,"turns":3},{"damage":26,"enemies":"3 Sentries","floor":10,"turns":5},{"damage":12,"enemies":"Hexaghost","floor":16,"turns":6},{"damage":33,"enemies":"3 Byrds","floor":18,"turns":3},{"damage":9,"enemies":"Spheric Guardian","floor":19,"turns":4},{"damage":2,"enemies":"Chosen and Byrds","floor":21,"turns":5},{"damage":16,"enemies":"3 Cultists","floor":22,"turns":3},{"damage":9,"enemies":"Shelled Parasite and Fungi","floor":24,"turns":5},{"damage":17,"enemies":"Slavers","floor":28,"turns":4},{"damage":31,"enemies":"Gremlin Leader","floor":30,"turns":7},{"damage":8,"enemies":"Centurion and Healer","floor":31,"turns":7},{"damage":12,"enemies":"Champ","floor":33,"turns":10},{"damage":8,"enemies":"Orb Walker","floor":35,"turns":4},{"damage":1,"enemies":"3 Shapes","floor":36,"turns":3},{"damage":9,"enemies":"Writhing Mass","floor":37,"turns":5},{"damage":19,"enemies":"4 Shapes","floor":38,"turns":4},{"damage":32,"enemies":"Spire Growth","floor":39,"turns":5},{"damage":6,"enemies":"Giant Head","floor":40,"turns":7},{"damage":0,"enemies":"3 Darklings","floor":44,"turns":5},{"damage":6,"enemies":"Maw","floor":45,"turns":5},{"damage":15,"enemies":"Jaw Worm Horde","floor":47,"turns":4},{"damage":1,"enemies":"Transient","floor":48,"turns":5},{"damage":42,"enemies":"Awakened One","floor":50,"turns":8}],"seed_played":"3257198639680373783","potions_obtained":[{"floor":5,"key":"Fire Potion"},{"floor":6,"key":"Explosive Potion"},{"floor":16,"key":"AttackPotion"},{"floor":21,"key":"Regen Potion"},{"floor":22,"key":"Block Potion"},{"floor":24,"key":"Swift Potion"},{"floor":28,"key":"Strength Potion"},{"floor":35,"key":"Dexterity Potion"},{"floor":48,"key":"SkillPotion"}],"is_trial":false,"path_per_floor":["M","M","M","?","M","E","R","M","T","E","R","?","?","$","R","B",null,"M","M","$","M","M","R","M","R","T","R","E","$","E","M","R","B",null,"M","M","M","M","M","E","R","$","T","M","M","?","M","M","R","B"],"character_chosen":"DEFECT","items_purchased":["Capacitor","Tempest","Conserve Battery","Coolheaded","Capacitor","ClockworkSouvenir"],"campfire_rested":0,"item_purchase_floors":[14,14,20,20,29,42],"current_hp_per_floor":[75,74,74,74,74,67,67,48,48,29,29,29,29,29,29,27,75,52,53,53,61,45,45,46,46,46,46,48,48,39,53,53,51,75,67,66,67,48,28,44,44,44,44,54,58,58,43,42,42,0],"gold":37,"neow_bonus":"ONE_RARE_RELIC","is_prod":false,"is_daily":false,"chose_seed":false,"campfire_upgraded":9,"win_rate":0,"timestamp":1543282069,"path_taken":["M","M","M","?","?","E","R","M","T","E","R","?","?","$","R","BOSS","M","M","$","M","M","R","M","R","T","R","E","$","E","M","R","BOSS","M","M","M","?","M","E","R","$","T","M","M","?","M","M","R","BOSS"],"build_version":"2018-11-15","purchased_purges":1,"victory":false,"max_hp_per_floor":[75,75,75,75,75,75,75,75,75,75,75,75,75,75,75,75,75,75,75,75,75,75,75,75,75,75,75,75,75,75,75,75,75,75,75,75,75,75,75,75,75,75,75,75,75,75,75,75,75,75],"card_choices":[{"not_picked":["Hologram","Barrage"],"picked":"Rebound","floor":1},{"not_picked":["Turbo","Double Energy"],"picked":"Conserve Battery","floor":2},{"not_picked":["Force Field","Sweeping Beam"],"picked":"Multi-Cast","floor":3},{"not_picked":["Force Field","Go for the Eyes"],"picked":"Self Repair","floor":5},{"not_picked":["Blizzard","Stack"],"picked":"Consume","floor":6},{"not_picked":["Turbo","Biased Cognition"],"picked":"BootSequence","floor":8},{"not_picked":["Force Field","Turbo"],"picked":"Ball Lightning","floor":10},{"not_picked":["Seek","Fission"],"picked":"Creative AI","floor":16},{"not_picked":["Capacitor","Loop"],"picked":"Cold Snap+1","floor":18},{"not_picked":["Recycle","Chaos+1"],"picked":"Compile Driver","floor":19},{"not_picked":["Stack","Skim"],"picked":"Conserve Battery+1","floor":21},{"not_picked":["Conserve Battery","Static Discharge"],"picked":"Ball Lightning","floor":22},{"not_picked":["Capacitor","Barrage"],"picked":"Sweeping Beam","floor":24},{"not_picked":["Conserve Battery","Creative AI"],"picked":"Go for the Eyes","floor":28},{"not_picked":["Redo","Sweeping Beam+1"],"picked":"Undo","floor":30},{"not_picked":["Cold Snap","Scrape"],"picked":"Leap","floor":31},{"not_picked":["Amplify","Rainbow"],"picked":"Thunder Strike","floor":33},{"not_picked":["Streamline+1","Rebound+1"],"picked":"Consume","floor":35},{"not_picked":["Self Repair+1","Force Field+1"],"picked":"Ball Lightning+1","floor":36},{"not_picked":["Sweeping Beam+1","Compile Driver+1"],"picked":"Coolheaded","floor":37},{"not_picked":["Turbo+1","Beam Cell+1"],"picked":"Leap+1","floor":38},{"not_picked":["Leap+1","BootSequence+1"],"picked":"Barrage+1","floor":39},{"not_picked":["Loop+1","Capacitor"],"picked":"Fission","floor":40},{"not_picked":["Loop+1","Streamline","Stack+1"],"picked":"SKIP","floor":44},{"not_picked":["Compile Driver+1","Sweeping Beam"],"picked":"Recycle","floor":45},{"not_picked":["Self Repair+1","Rebound"],"picked":"Undo","floor":47},{"not_picked":["Beam Cell","Stack","Compile Driver"],"picked":"SKIP","floor":48}],"player_experience":227404,"relics_obtained":[{"floor":6,"key":"Du-Vu Doll"},{"floor":9,"key":"Cables"},{"floor":10,"key":"Incense Burner"},{"floor":26,"key":"Matryoshka"},{"floor":28,"key":"Meat on the Bone"},{"floor":30,"key":"Omamori"},{"floor":40,"key":"Centennial Puzzle"},{"floor":43,"key":"DataDisk"},{"floor":43,"key":"Frozen Egg 2"}],"event_choices":[{"damage_healed":0,"gold_gain":0,"player_choice":"Forge","damage_taken":0,"max_hp_gain":0,"max_hp_loss":0,"event_name":"Accursed Blacksmith","floor":4,"gold_loss":0,"cards_upgraded":["Multi-Cast"]},{"damage_healed":0,"gold_gain":0,"player_choice":"Ignored","damage_taken":0,"max_hp_gain":0,"max_hp_loss":0,"event_name":"Golden Wing","floor":12,"gold_loss":0},{"damage_healed":0,"gold_gain":0,"player_choice":"Upgraded","damage_taken":0,"max_hp_gain":0,"max_hp_loss":0,"event_name":"Upgrade Shrine","floor":13,"gold_loss":0,"cards_upgraded":["Self Repair"]},{"damage_healed":0,"gold_gain":0,"player_choice":"Paid","damage_taken":0,"relics_obtained":["Red Mask"],"max_hp_gain":0,"max_hp_loss":0,"event_name":"Tomb of Lord Red Mask","floor":46,"gold_loss":100}],"is_beta":false,"boss_relics":[{"not_picked":["Black Star","Tiny House"],"picked":"Philosopher\u0027s Stone"},{"not_picked":["Lizard Tail","Snecko Eye"],"picked":"Velvet Choker"}],"items_purged_floors":[42],"is_endless":false,"potions_floor_spawned":[5,6,16,21,22,24,28,35,38,39,48],"killed_by":"Awakened One","ascension_level":1}