{"gold_per_floor":[17,30,50,20,33,59,59,90,90,110,35,35],"floor_reached":12,"playtime":702,"items_purged":["Defend_R"],"score":95,"play_id":"0a4dcea3-940d-4935-be90-61e26752b45f","local_time":"20190427164644","is_ascension_mode":true,"campfire_choices":[{"floor":7,"key":"REST"}],"neow_cost":"NO_GOLD","seed_source_timestamp":1132194881303026,"circlet_count":0,"master_deck":["Strike_R","Strike_R","Strike_R","Defend_R","Defend_R","Defend_R","Bash","Feel No Pain","Rupture","Fire Breathing","Havoc","Disarm","Inflame","Limit Break"],"relics":["Burning Blood","StoneCalendar","Bottled Tornado","Mummified Hand"],"potions_floor_usage":[6,6,10],"damage_taken":[{"damage":12,"enemies":"Cultist","floor":1,"turns":5},{"damage":5,"enemies":"Small Slimes","floor":2,"turns":4},{"damage":22,"enemies":"Jaw Worm","floor":3,"turns":6},{"damage":2,"enemies":"Looter","floor":4,"turns":4},{"damage":21,"enemies":"2 Fungi Beasts","floor":5,"turns":6},{"damage":25,"enemies":"Gremlin Nob","floor":6,"turns":5},{"damage":43,"enemies":"Lagavulin","floor":8,"turns":7},{"damage":0,"enemies":"Exordium Wildlife","floor":10,"turns":4},{"damage":28,"enemies":"Gremlin Nob","floor":12,"turns":4}],"seed_played":"7509253659418596245","potions_obtained":[{"floor":1,"key":"Fire Potion"},{"floor":3,"key":"EssenceOfSteel"},{"floor":6,"key":"SteroidPotion"},{"floor":8,"key":"Fire Potion"}],"is_trial":false,"path_per_floor":["M","M","M","M","M","E","R","E","T","M","$","E"],"character_chosen":"IRONCLAD","items_purchased":[],"campfire_rested":1,"item_purchase_floors":[],"current_hp_per_floor":[74,75,59,63,48,29,53,16,16,22,22,0],"gold":35,"neow_bonus":"TRANSFORM_TWO_CARDS","is_prod":false,"is_daily":false,"chose_seed":false,"campfire_upgraded":0,"win_rate":0,"timestamp":1556398004,"path_taken":["M","M","M","M","M","E","R","E","T","M","$","E"],"build_version":"2019-01-23","purchased_purges":1,"victory":false,"max_hp_per_floor":[80,80,80,80,80,80,80,80,80,80,80,80],"card_choices":[{"not_picked":["Uppercut","Shrug It Off"],"picked":"Fire Breathing","floor":1},{"not_picked":["Rage","Ghostly Armor"],"picked":"Havoc","floor":2},{"not_picked":["Reckless Charge","Clothesline","Entrench"],"picked":"SKIP","floor":3},{"not_picked":["Headbutt","Perfected Strike"],"picked":"Disarm","floor":4},{"not_picked":["Wild Strike","Perfected Strike"],"picked":"Inflame","floor":5},{"not_picked":["Flex","Burning Pact"],"picked":"Limit Break","floor":6},{"not_picked":["Twin Strike","Pommel Strike","Anger"],"picked":"SKIP","floor":8},{"not_picked":["Anger","Havoc","Body Slam"],"picked":"SKIP","floor":10}],"player_experience":128064,"relics_obtained":[{"floor":6,"key":"StoneCalendar"},{"floor":8,"key":"Bottled Tornado"},{"floor":9,"key":"Mummified Hand"}],"event_choices":[],"is_beta":false,"boss_relics":[],"items_purged_floors":[11],"is_endless":false,"potions_floor_spawned":[1,3,6,8],"killed_by":"Gremlin Nob","ascension_level":1}