{"gold_per_floor":[112,130,55,55,65,65,83,83,136,150,168,185,185,85,85,181,181,194,213,14,14,14,41,51,51,76,76,89,102,102,102,102,203,203,214,214,227,227,245,245,263,263,263,113,113,132,72,86,86,86],"floor_reached":51,"playtime":1693,"items_purged":["Defend_R","Defend_R","Defend_R","Strike_R"],"score":811,"play_id":"ccded996-4106-40a9-bb0e-31ab59809baf","local_time":"20181209162035","is_ascension_mode":false,"campfire_choices":[{"data":"Bash","floor":6,"key":"SMITH"},{"data":"Shrug It Off","floor":8,"key":"SMITH"},{"data":"Clash","floor":15,"key":"SMITH"},{"data":"Dropkick","floor":27,"key":"SMITH"},{"floor":30,"key":"REST"},{"floor":32,"key":"REST"},{"data":"Strike_R","floor":40,"key":"SMITH"},{"data":"Strike_R","floor":42,"key":"SMITH"},{"floor":49,"key":"REST"}],"neow_cost":"NONE","seed_source_timestamp":197862240138751,"circlet_count":0,"master_deck":["Strike_R+1","Strike_R+1","Bash+1","Shrug It Off+1","Clash+1","Dropkick+1"],"relics":["Burning Blood","Pen Nib","Red Skull","Lizard Tail","Centennial Puzzle","War Paint","Busted Crown","Strawberry"],"potions_floor_usage":[12,23,33,50],"damage_taken":[{"damage":5,"enemies":"2 Louse","floor":1,"turns":3},{"damage":6,"enemies":"Cultist","floor":2,"turns":3},{"damage":5,"enemies":"Small Slimes","floor":5,"turns":4},{"damage":21,"enemies":"Exordium Wildlife","floor":7,"turns":5},{"damage":5,"enemies":"Looter","floor":10,"turns":3},{"damage":27,"enemies":"Exordium Thugs","floor":11,"turns":5},{"damage":12,"enemies":"Gremlin Gang","floor":12,"turns":4},{"damage":1,"enemies":"Hexaghost","floor":16,"turns":7},{"damage":5,"enemies":"Shell Parasite","floor":18,"turns":5},{"damage":8,"enemies":"3 Byrds","floor":19,"turns":7},{"damage":33,"enemies":"Book of Stabbing","floor":23,"turns":5},{"damage":0,"enemies":"Snecko","floor":24,"turns":3},{"damage":21,"enemies":"Colosseum Slavers","floor":25,"turns":4},{"damage":17,"enemies":"3 Cultists","floor":28,"turns":5},{"damage":0,"enemies":"Centurion and Healer","floor":29,"turns":4},{"damage":81,"enemies":"Collector","floor":33,"turns":14},{"damage":9,"enemies":"3 Shapes","floor":35,"turns":5},{"damage":0,"enemies":"Orb Walker","floor":37,"turns":2},{"damage":22,"enemies":"Sphere and 2 Shapes","floor":39,"turns":4},{"damage":4,"enemies":"Writhing Mass","floor":41,"turns":3},{"damage":21,"enemies":"Spire Growth","floor":46,"turns":3},{"damage":5,"enemies":"3 Darklings","floor":48,"turns":7},{"damage":62,"enemies":"Awakened One","floor":50,"turns":8}],"seed_played":"2151915839226523726","potions_obtained":[{"floor":1,"key":"PowerPotion"},{"floor":7,"key":"SpeedPotion"},{"floor":11,"key":"GamblersBrew"},{"floor":12,"key":"Weak Potion"},{"floor":29,"key":"Ancient Potion"},{"floor":37,"key":"LiquidBronze"},{"floor":48,"key":"PowerPotion"}],"is_trial":false,"path_per_floor":["M","M","$","?","M","R","M","R","T","M","M","M","?","$","R","B",null,"M","M","$","?","$","E","M","?","T","R","M","M","R","$","R","B",null,"M","?","M","?","M","R","M","R","T","$","?","M","?","M","R","B",null],"character_chosen":"IRONCLAD","items_purchased":["Dropkick"],"campfire_rested":3,"item_purchase_floors":[20],"current_hp_per_floor":[80,80,80,80,80,80,65,65,65,66,45,39,23,23,23,28,80,80,78,78,78,78,51,57,42,42,42,31,37,61,61,80,46,80,77,77,80,80,64,64,66,66,73,73,73,58,58,59,85,29],"gold":86,"neow_bonus":"RANDOM_COMMON_RELIC","is_prod":false,"is_daily":false,"chose_seed":false,"campfire_upgraded":6,"win_rate":0,"timestamp":1544390435,"path_taken":["M","M","$","?","M","R","M","R","T","M","?","M","?","$","R","BOSS","M","M","$","?","$","E","M","?","T","R","M","M","R","$","R","BOSS","M","?","M","?","M","R","M","R","T","$","?","M","?","?","R","BOSS"],"build_version":"2018-12-06","purchased_purges":4,"victory":true,"max_hp_per_floor":[80,80,80,80,80,80,80,80,80,80,80,80,80,80,80,80,80,80,80,80,80,80,80,80,80,80,80,80,80,80,80,80,80,80,80,80,80,80,80,80,80,80,87,87,87,87,87,87,87,87],"card_choices":[{"not_picked":["Burning Pact","Headbutt","Body Slam"],"picked":"SKIP","floor":1},{"not_picked":["Sentinel","Entrench"],"picked":"Shrug It Off","floor":2},{"not_picked":["Second Wind","Evolve","Bloodletting"],"picked":"SKIP","floor":5},{"not_picked":["Twin Strike","Clothesline","Shrug It Off"],"picked":"SKIP","floor":7},{"not_picked":["Iron Wave","Clothesline","Pummel"],"picked":"SKIP","floor":10},{"not_picked":["Power Through","Armaments"],"picked":"Clash","floor":11},{"not_picked":["Flex","Intimidate","Twin Strike"],"picked":"SKIP","floor":12},{"not_picked":["Intimidate","Flex","Sword Boomerang+1"],"picked":"SKIP","floor":18},{"not_picked":["Clothesline+1","Armaments","Cleave"],"picked":"SKIP","floor":19},{"not_picked":["Body Slam+1","Dark Embrace","Headbutt"],"picked":"SKIP","floor":23},{"not_picked":["Battle Trance+1","Burning Pact","Clash"],"picked":"SKIP","floor":24},{"not_picked":["Burning Pact","Sentinel","Shrug It Off"],"picked":"SKIP","floor":28},{"not_picked":["Armaments","Havoc+1","Perfected Strike+1"],"picked":"SKIP","floor":29},{"not_picked":["Wild Strike"],"picked":"SKIP","floor":35},{"not_picked":["Fire Breathing+1"],"picked":"SKIP","floor":37},{"not_picked":["Cleave+1"],"picked":"SKIP","floor":39},{"not_picked":["Iron Wave"],"picked":"SKIP","floor":41},{"not_picked":["Iron Wave"],"picked":"SKIP","floor":46},{"not_picked":["Hemokinesis"],"picked":"SKIP","floor":48}],"player_experience":303935,"relics_obtained":[{"floor":9,"key":"Red Skull"},{"floor":23,"key":"Centennial Puzzle"},{"floor":26,"key":"War Paint"},{"floor":43,"key":"Strawberry"}],"event_choices":[{"damage_healed":0,"gold_gain":0,"player_choice":"0 cards matched","damage_taken":0,"max_hp_gain":0,"max_hp_loss":0,"event_name":"Match and Keep!","floor":4,"gold_loss":0,"cards_obtained":[]},{"damage_healed":0,"gold_gain":0,"player_choice":"Entered Light","damage_taken":16,"max_hp_gain":0,"max_hp_loss":0,"event_name":"Shining Light","floor":13,"gold_loss":0,"cards_upgraded":["Defend_R","Strike_R"]},{"cards_removed":["Strike_R"],"damage_healed":0,"gold_gain":0,"player_choice":"Elegance","damage_taken":0,"max_hp_gain":0,"max_hp_loss":0,"event_name":"Back to Basics","floor":21,"gold_loss":0},{"damage_healed":0,"gold_gain":0,"player_choice":"Fight","damage_taken":0,"max_hp_gain":0,"max_hp_loss":0,"event_name":"Colosseum","floor":25,"gold_loss":0},{"damage_healed":0,"gold_gain":0,"player_choice":"Fled From Nobs","damage_taken":0,"max_hp_gain":0,"max_hp_loss":0,"event_name":"Colosseum","floor":25,"gold_loss":0},{"cards_removed":["Defend_R"],"damage_healed":0,"gold_gain":0,"player_choice":"Removed Skill","damage_taken":0,"max_hp_gain":0,"max_hp_loss":0,"event_name":"Falling","floor":36,"gold_loss":0},{"damage_healed":0,"gold_gain":0,"player_choice":"Memory 1","damage_taken":0,"max_hp_gain":0,"max_hp_loss":0,"event_name":"SensoryStone","floor":38,"gold_loss":0},{"damage_healed":0,"gold_gain":0,"player_choice":"Ignored","damage_taken":0,"max_hp_gain":0,"max_hp_loss":0,"event_name":"Mysterious Sphere","floor":45,"gold_loss":0},{"cards_removed":["Strike_R"],"damage_healed":0,"gold_gain":0,"player_choice":"Single Remove","damage_taken":0,"max_hp_gain":0,"max_hp_loss":0,"event_name":"Designer","floor":47,"gold_loss":60}],"is_beta":false,"boss_relics":[{"not_picked":["Snecko Eye","Velvet Choker"],"picked":"Lizard Tail"},{"not_picked":["White Beast Statue","Philosopher\u0027s Stone"],"picked":"Busted Crown"}],"items_purged_floors":[3,14,20,44],"is_endless":false,"potions_floor_spawned":[1,7,11,12,16,19,25,28,29,35,37,46,48],"ascension_level":0}