{"gold_per_floor":[112,131,146,166,180,180,206,206,229,104,139,59,78,78,78,177,177,192,37,55,69,89,89,116,142,142,142,142,142,57,57,57,157,157,171,181,24,41,59,59,86,105,105,136,136,156,156,183,183,183],"floor_reached":51,"playtime":3837,"items_purged":["Strike_G"],"score":854,"play_id":"99a986a9-3a87-4297-bb77-4d321c003b4b","local_time":"20190519075314","is_ascension_mode":true,"campfire_choices":[{"data":"Catalyst","floor":6,"key":"SMITH"},{"data":"Noxious Fumes","floor":8,"key":"SMITH"},{"data":"Crippling Poison","floor":15,"key":"SMITH"},{"data":"After Image","floor":23,"key":"SMITH"},{"floor":27,"key":"REST"},{"floor":32,"key":"REST"},{"floor":40,"key":"REST"},{"floor":47,"key":"REST"},{"floor":49,"key":"REST"}],"neow_cost":"NONE","seed_source_timestamp":196590718840700,"circlet_count":0,"master_deck":["Defend_G+1","Defend_G+1","Defend_G+1","Defend_G+1","Defend_G+1","Strike_G+1","Strike_G+1","Strike_G+1","Survivor","Neutralize","Dodge and Roll","Escape Plan","Catalyst+1","Deadly Poison","Poisoned Stab","Noxious Fumes+1","Crippling Poison+1","Backflip","Poisoned Stab+1","Dagger Spray+1","Noxious Fumes","Bane","After Image+1","Leg Sweep","Deadly Poison","Poisoned Stab+1","Well Laid Plans","Caltrops","Pain","After Image","Acrobatics","Blur+1","Deadly Poison","Normality","Deadly Poison+1","Eviscerate","PiercingWail","Leg Sweep"],"relics":["Ring of the Snake","Potion Belt","Meat on the Bone","Blood Vial","Boot","Sozu","Red Mask","Whetstone","Letter Opener","Vajra","WarpedTongs","Cursed Key","Bag of Marbles","Pear","The Courier","Girya","Anchor"],"potions_floor_usage":[5,41,50],"damage_taken":[{"damage":0,"enemies":"Cultist","floor":1,"turns":5},{"damage":0,"enemies":"Small Slimes","floor":2,"turns":7},{"damage":1,"enemies":"Jaw Worm","floor":3,"turns":6},{"damage":5,"enemies":"Red Slaver","floor":4,"turns":7},{"damage":0,"enemies":"3 Louse","floor":5,"turns":6},{"damage":10,"enemies":"Gremlin Nob","floor":7,"turns":4},{"damage":14,"enemies":"Lagavulin","floor":11,"turns":5},{"damage":11,"enemies":"Lots of Slimes","floor":13,"turns":3},{"damage":10,"enemies":"Hexaghost","floor":16,"turns":7},{"damage":17,"enemies":"Spheric Guardian","floor":18,"turns":4},{"damage":6,"enemies":"2 Thieves","floor":20,"turns":5},{"damage":3,"enemies":"Centurion and Healer","floor":21,"turns":5},{"damage":5,"enemies":"Cultist and Chosen","floor":22,"turns":5},{"damage":30,"enemies":"Masked Bandits","floor":24,"turns":4},{"damage":20,"enemies":"Book of Stabbing","floor":25,"turns":6},{"damage":27,"enemies":"Collector","floor":33,"turns":7},{"damage":1,"enemies":"Orb Walker","floor":35,"turns":4},{"damage":7,"enemies":"3 Darklings","floor":36,"turns":6},{"damage":32,"enemies":"Spire Growth","floor":38,"turns":4},{"damage":21,"enemies":"4 Shapes","floor":39,"turns":7},{"damage":19,"enemies":"Nemesis","floor":41,"turns":5},{"damage":6,"enemies":"Sphere and 2 Shapes","floor":42,"turns":5},{"damage":29,"enemies":"Giant Head","floor":44,"turns":8},{"damage":17,"enemies":"Writhing Mass","floor":46,"turns":6},{"damage":29,"enemies":"Nemesis","floor":48,"turns":7},{"damage":33,"enemies":"Donu and Deca","floor":50,"turns":9}],"seed_played":"-4490571620864628241","potions_obtained":[{"floor":1,"key":"EssenceOfSteel"},{"floor":2,"key":"Swift Potion"},{"floor":4,"key":"Strength Potion"}],"is_trial":false,"path_per_floor":["M","M","M","M","M","R","E","R","T","$","E","$","M","?","R","B",null,"M","$","M","M","M","R","?","E","T","R","?","?","?","?","R","B",null,"M","M","$","M","M","R","E","M","T","E","?","M","R","E","R","B",null],"character_chosen":"THE_SILENT","items_purchased":["Crippling Poison","Backflip","Poisoned Stab","Noxious Fumes","Leg Sweep","Bag of Marbles"],"campfire_rested":5,"item_purchase_floors":[10,10,10,12,19,37],"current_hp_per_floor":[70,70,69,64,64,64,54,54,54,54,42,42,45,45,45,37,70,53,53,49,48,45,45,29,23,23,44,31,31,31,31,53,40,75,74,68,68,38,31,53,58,54,54,39,39,36,61,46,71,52],"gold":183,"neow_bonus":"RANDOM_COMMON_RELIC","is_prod":false,"is_daily":false,"chose_seed":false,"campfire_upgraded":4,"win_rate":0,"timestamp":1558266794,"path_taken":["M","?","M","M","M","R","E","R","T","$","E","$","M","?","R","BOSS","M","$","M","?","M","R","?","E","T","R","?","?","?","?","R","BOSS","M","M","$","M","?","R","E","M","T","E","?","?","R","E","R","BOSS"],"build_version":"2019-01-23","purchased_purges":1,"victory":true,"max_hp_per_floor":[70,70,70,70,70,70,70,70,70,70,70,70,70,70,70,70,70,70,70,70,70,70,70,70,70,70,70,75,75,75,75,75,75,75,75,75,75,75,75,75,85,85,85,85,85,85,85,85,85,85],"card_choices":[{"not_picked":["All Out Attack","Quick Slash"],"picked":"Dodge and Roll","floor":1},{"not_picked":["Dagger Throw","Underhanded Strike"],"picked":"Escape Plan","floor":2},{"not_picked":["Blade Dance","Eviscerate"],"picked":"Catalyst","floor":3},{"not_picked":["Masterful Stab","Deflect"],"picked":"Deadly Poison","floor":4},{"not_picked":["Dodge and Roll","Calculated Gamble"],"picked":"Poisoned Stab","floor":5},{"not_picked":["Phantasmal Killer","Dash"],"picked":"Noxious Fumes","floor":7},{"not_picked":["Distraction","Flying Knee"],"picked":"Dagger Spray","floor":11},{"not_picked":["Flechettes","Poisoned Stab"],"picked":"Bane","floor":13},{"not_picked":["Malaise","Die Die Die"],"picked":"After Image","floor":16},{"not_picked":["Underhanded Strike+1","Dodge and Roll","Accuracy"],"picked":"SKIP","floor":18},{"not_picked":["Prepared+1","Outmaneuver"],"picked":"Deadly Poison","floor":20},{"not_picked":["Riddle With Holes+1","Expertise"],"picked":"Poisoned Stab+1","floor":21},{"not_picked":["Quick Slash+1","Wraith Form v2"],"picked":"Well Laid Plans","floor":22},{"not_picked":["Outmaneuver","Glass Knife"],"picked":"Caltrops","floor":25},{"not_picked":["Bullet Time","Night Terror"],"picked":"After Image","floor":33},{"not_picked":["Dagger Spray","Slice+1","Sucker Punch"],"picked":"SKIP","floor":35},{"not_picked":["All Out Attack","Deflect+1"],"picked":"Acrobatics","floor":36},{"not_picked":["Dash+1","Flying Knee+1"],"picked":"Blur+1","floor":38},{"not_picked":["Infinite Blades+1","Expertise+1","Dodge and Roll"],"picked":"SKIP","floor":39},{"not_picked":["Prepared+1","Outmaneuver+1"],"picked":"Deadly Poison","floor":41},{"not_picked":["Deflect","Flying Knee","Expertise+1"],"picked":"SKIP","floor":42},{"not_picked":["Infinite Blades","Phantasmal Killer"],"picked":"Deadly Poison+1","floor":44},{"not_picked":["Dagger Throw+1","Accuracy"],"picked":"PiercingWail","floor":46},{"not_picked":["PiercingWail","Blade Dance+1"],"picked":"Leg Sweep","floor":48}],"player_experience":24087,"relics_obtained":[{"floor":7,"key":"Meat on the Bone"},{"floor":9,"key":"Blood Vial"},{"floor":11,"key":"Boot"},{"floor":24,"key":"Red Mask"},{"floor":25,"key":"Whetstone"},{"floor":26,"key":"Letter Opener"},{"floor":41,"key":"Pear"},{"floor":43,"key":"The Courier"},{"floor":44,"key":"Girya"},{"floor":48,"key":"Anchor"}],"event_choices":[{"damage_healed":0,"gold_gain":0,"player_choice":"Bought 0 Potions","damage_taken":0,"max_hp_gain":0,"max_hp_loss":0,"event_name":"The Woman in Blue","floor":14,"gold_loss":0},{"damage_healed":0,"gold_gain":0,"player_choice":"Fought Bandits","damage_taken":0,"max_hp_gain":0,"max_hp_loss":0,"event_name":"Masked Bandits","floor":24,"gold_loss":0},{"damage_healed":0,"gold_gain":0,"player_choice":"Shed Blood","damage_taken":18,"max_hp_gain":5,"max_hp_loss":0,"event_name":"Forgotten Altar","floor":28,"gold_loss":0},{"damage_healed":0,"gold_gain":0,"player_choice":"Simplicity","damage_taken":0,"max_hp_gain":0,"max_hp_loss":0,"event_name":"Back to Basics","floor":29,"gold_loss":0,"cards_upgraded":["Defend_G","Defend_G","Defend_G","Defend_G","Defend_G","Strike_G","Strike_G","Strike_G","Strike_G"]},{"damage_healed":0,"gold_gain":0,"player_choice":"Obtained Relic","damage_taken":0,"relics_obtained":["Vajra"],"max_hp_gain":0,"max_hp_loss":0,"event_name":"Addict","floor":30,"gold_loss":85},{"damage_healed":0,"gold_gain":0,"player_choice":"Rummage","damage_taken":0,"relics_obtained":["WarpedTongs"],"max_hp_gain":0,"max_hp_loss":0,"event_name":"Accursed Blacksmith","floor":31,"gold_loss":0,"cards_obtained":["Pain"]},{"damage_healed":0,"gold_gain":0,"cards_transformed":["Strike_G"],"player_choice":"Transformed","damage_taken":0,"max_hp_gain":0,"max_hp_loss":0,"event_name":"Transmorgrifier","floor":45,"gold_loss":0,"cards_obtained":["Eviscerate"]}],"is_beta":false,"boss_relics":[{"not_picked":["Ring of the Serpent","Eternal Feather"],"picked":"Sozu"},{"not_picked":["Philosopher\u0027s Stone","Orrery"],"picked":"Cursed Key"}],"items_purged_floors":[19],"is_endless":false,"potions_floor_spawned":[1,2,4,18,24,25,33,35,36,39,41,46],"ascension_level":1}