{"gold_per_floor":[111,122,122,122,122,147,158,188,188,161,161,174,202,222,222,222],"floor_reached":16,"playtime":454,"items_purged":[],"score":160,"play_id":"65d744c7-a947-479a-92f9-eac121c3a1fe","local_time":"20190421183312","is_ascension_mode":true,"campfire_choices":[{"data":"True Grit","floor":11,"key":"SMITH"},{"data":"Armaments","floor":15,"key":"SMITH"}],"neow_cost":"NONE","seed_source_timestamp":10264474365843,"circlet_count":0,"master_deck":["Strike_R","Strike_R","Strike_R","Strike_R","Strike_R","Defend_R","Defend_R+1","Defend_R","Defend_R","Bash+1","Uppercut+1","Ghostly Armor","Shrug It Off","True Grit+1","Feel No Pain","Armaments+1","Metallicize","Dropkick","Uppercut"],"relics":["Burning Blood","NeowsBlessing","Ancient Tea Set","Torii","Red Skull","Girya"],"potions_floor_usage":[8,16],"damage_taken":[{"damage":0,"enemies":"2 Louse","floor":1,"turns":1},{"damage":0,"enemies":"Jaw Worm","floor":2,"turns":1},{"damage":0,"enemies":"3 Sentries","floor":6,"turns":2},{"damage":2,"enemies":"Small Slimes","floor":7,"turns":3},{"damage":10,"enemies":"Gremlin Nob","floor":8,"turns":4},{"damage":0,"enemies":"Blue Slaver","floor":12,"turns":5},{"damage":1,"enemies":"3 Sentries","floor":13,"turns":14},{"damage":7,"enemies":"Gremlin Gang","floor":14,"turns":7},{"damage":6,"enemies":"Slime Boss","floor":16,"turns":4}],"seed_played":"5482692875081739388","potions_obtained":[{"floor":2,"key":"Poison Potion"},{"floor":7,"key":"SmokeBomb"},{"floor":14,"key":"SkillPotion"}],"is_trial":false,"path_per_floor":["M","M","?","?","?","E","M","E","T","$","R","M","E","M","R","B"],"character_chosen":"IRONCLAD","items_purchased":["Armaments"],"campfire_rested":0,"item_purchase_floors":[10],"current_hp_per_floor":[80,80,77,77,61,67,71,67,67,67,67,73,78,77,77,71],"gold":222,"neow_bonus":"THREE_ENEMY_KILL","is_prod":false,"is_daily":false,"chose_seed":false,"campfire_upgraded":2,"win_rate":0,"timestamp":1555839192,"path_taken":["M","M","?","?","?","E","M","E","T","?","R","M","E","M","R","BOSS"],"build_version":"2019-01-23","purchased_purges":0,"victory":false,"max_hp_per_floor":[80,80,80,80,80,80,80,80,80,80,80,80,80,80,80,80],"card_choices":[{"not_picked":["Anger","Clash"],"picked":"Uppercut","floor":1},{"not_picked":["Headbutt","Wild Strike"],"picked":"Ghostly Armor","floor":2},{"not_picked":["Uppercut","Headbutt"],"picked":"Shrug It Off","floor":6},{"not_picked":["Anger","Wild Strike"],"picked":"True Grit","floor":7},{"not_picked":["Twin Strike","Dual Wield"],"picked":"Feel No Pain","floor":8},{"not_picked":["Combust","Cleave"],"picked":"Metallicize","floor":12},{"not_picked":["Second Wind","Intimidate"],"picked":"Dropkick","floor":13},{"not_picked":["Clothesline","Reckless Charge"],"picked":"Uppercut","floor":14}],"player_experience":333109,"relics_obtained":[{"floor":6,"key":"Torii"},{"floor":8,"key":"Red Skull"},{"floor":13,"key":"Girya"}],"event_choices":[{"damage_healed":0,"gold_gain":0,"player_choice":"Success","damage_taken":3,"relics_obtained":["Ancient Tea Set"],"max_hp_gain":0,"max_hp_loss":0,"event_name":"Scrap Ooze","floor":3,"gold_loss":0},{"damage_healed":0,"gold_gain":0,"player_choice":"Grow","damage_taken":0,"max_hp_gain":0,"max_hp_loss":0,"event_name":"Living Wall","floor":4,"gold_loss":0,"cards_upgraded":["Uppercut"]},{"damage_healed":0,"gold_gain":0,"player_choice":"Entered Light","damage_taken":16,"max_hp_gain":0,"max_hp_loss":0,"event_name":"Shining Light","floor":5,"gold_loss":0,"cards_upgraded":["Defend_R","Bash"]}],"is_beta":false,"boss_relics":[],"items_purged_floors":[],"is_endless":false,"potions_floor_spawned":[2,7,14],"killed_by":"Slime Boss","ascension_level":2}