{"gold_per_floor":[113,46,46,46,70,110,110,149,174,27,51,94,94,44,44,175,175,198,223,223,223,223,258,258,273,328,328],"floor_reached":27,"playtime":865,"items_purged":["Regret"],"score":299,"play_id":"c817da72-0e37-4239-8d08-8607d034619e","local_time":"20190421180507","is_ascension_mode":true,"campfire_choices":[{"data":"Havoc","floor":7,"key":"SMITH"},{"data":"Feel No Pain","floor":13,"key":"SMITH"},{"data":"Corruption","floor":15,"key":"SMITH"},{"data":"Feel No Pain","floor":24,"key":"SMITH"}],"neow_cost":"NONE","seed_source_timestamp":8163937930229,"circlet_count":0,"master_deck":["Strike_R","Strike_R","Strike_R","Strike_R","Strike_R","Defend_R","Defend_R","Defend_R","Defend_R","Bash","Feel No Pain+1","Corruption+1","Havoc+1","Sever Soul","Havoc","Infernal Blade","Juggernaut","Havoc","Exhume","Feel No Pain+1","Pain","Ghostly Armor"],"relics":["Burning Blood","NeowsBlessing","Golden Idol","Potion Belt","Ancient Tea Set","Incense Burner","Dream Catcher","Pen Nib","Runic Pyramid","Nilry\u0027s Codex","WarpedTongs","Charon\u0027s Ashes","Orichalcum"],"potions_floor_usage":[8,23,23,23],"damage_taken":[{"damage":0,"enemies":"Cultist","floor":1,"turns":1},{"damage":0,"enemies":"2 Louse","floor":5,"turns":2},{"damage":0,"enemies":"Lagavulin","floor":6,"turns":1},{"damage":58,"enemies":"Gremlin Nob","floor":8,"turns":6},{"damage":2,"enemies":"Jaw Worm","floor":11,"turns":4},{"damage":6,"enemies":"3 Sentries","floor":12,"turns":6},{"damage":11,"enemies":"Hexaghost","floor":16,"turns":8},{"damage":9,"enemies":"3 Byrds","floor":18,"turns":7},{"damage":22,"enemies":"Spheric Guardian","floor":19,"turns":4},{"damage":1,"enemies":"Colosseum Slavers","floor":21,"turns":5},{"damage":14,"enemies":"Book of Stabbing","floor":23,"turns":4},{"damage":24,"enemies":"Snecko","floor":25,"turns":4},{"damage":24,"enemies":"Slavers","floor":27,"turns":3}],"seed_played":"-8726016934348919307","potions_obtained":[{"floor":5,"key":"Dexterity Potion"},{"floor":6,"key":"GamblersBrew"},{"floor":12,"key":"Fire Potion"},{"floor":18,"key":"SpeedPotion"},{"floor":25,"key":"GamblersBrew"}],"is_trial":false,"path_per_floor":["M","$","?","?","M","E","R","E","T","$","M","E","R","$","R","B",null,"M","M","?","?","?","E","R","M","T","E"],"character_chosen":"IRONCLAD","items_purchased":["Corruption","Infernal Blade","Havoc"],"campfire_rested":0,"item_purchase_floors":[2,10,14],"current_hp_per_floor":[80,80,60,60,66,72,72,20,20,20,24,24,24,24,24,19,80,77,61,45,50,50,42,42,24,24,0],"gold":328,"neow_bonus":"THREE_ENEMY_KILL","is_prod":false,"is_daily":false,"chose_seed":false,"campfire_upgraded":4,"win_rate":0,"timestamp":1555837507,"path_taken":["M","?","?","?","M","E","R","E","T","?","M","E","R","$","R","BOSS","M","?","?","?","?","E","R","?","T","E"],"build_version":"2019-01-23","purchased_purges":1,"victory":false,"max_hp_per_floor":[80,80,80,80,80,80,80,80,80,80,80,80,80,80,80,80,80,80,80,80,80,80,80,80,80,80,80],"card_choices":[{"not_picked":["Sword Boomerang","Body Slam"],"picked":"Feel No Pain","floor":1},{"not_picked":["Cleave","Heavy Blade"],"picked":"Havoc","floor":5},{"not_picked":["Body Slam","Second Wind"],"picked":"Sever Soul","floor":6},{"not_picked":["Pommel Strike","Cleave"],"picked":"Havoc","floor":8},{"not_picked":["Heavy Blade","Shrug It Off"],"picked":"Juggernaut","floor":11},{"not_picked":["Bludgeon","Dropkick","Sword Boomerang"],"picked":"SKIP","floor":12},{"not_picked":["Impervious","Juggernaut"],"picked":"Exhume","floor":16},{"not_picked":["Cleave","Armaments"],"picked":"Feel No Pain","floor":18},{"not_picked":["Inflame","Cleave+1","Whirlwind"],"picked":"SKIP","floor":19},{"not_picked":["Perfected Strike","Rupture","Fire Breathing"],"picked":"SKIP","floor":23},{"not_picked":["Iron Wave+1","Clash"],"picked":"Ghostly Armor","floor":25}],"player_experience":331078,"relics_obtained":[{"floor":6,"key":"Ancient Tea Set"},{"floor":8,"key":"Incense Burner"},{"floor":9,"key":"Dream Catcher"},{"floor":12,"key":"Pen Nib"},{"floor":20,"key":"Nilry\u0027s Codex"},{"floor":23,"key":"Charon\u0027s Ashes"},{"floor":26,"key":"Orichalcum"}],"event_choices":[{"damage_healed":0,"gold_gain":0,"player_choice":"Take Damage","damage_taken":20,"relics_obtained":["Golden Idol"],"max_hp_gain":0,"max_hp_loss":0,"event_name":"Golden Idol","floor":3,"gold_loss":0},{"damage_healed":0,"gold_gain":0,"player_choice":"Box","damage_taken":0,"relics_obtained":["Potion Belt"],"max_hp_gain":0,"max_hp_loss":0,"event_name":"Big Fish","floor":4,"gold_loss":0,"cards_obtained":["Regret"]},{"damage_healed":0,"gold_gain":0,"player_choice":"Obtained Book","damage_taken":16,"max_hp_gain":0,"max_hp_loss":0,"event_name":"Cursed Tome","floor":20,"gold_loss":0},{"damage_healed":0,"gold_gain":0,"player_choice":"Fight","damage_taken":0,"max_hp_gain":0,"max_hp_loss":0,"event_name":"Colosseum","floor":21,"gold_loss":0},{"damage_healed":0,"gold_gain":0,"player_choice":"Fled From Nobs","damage_taken":0,"max_hp_gain":0,"max_hp_loss":0,"event_name":"Colosseum","floor":21,"gold_loss":0},{"damage_healed":0,"gold_gain":0,"player_choice":"Rummage","damage_taken":0,"relics_obtained":["WarpedTongs"],"max_hp_gain":0,"max_hp_loss":0,"event_name":"Accursed Blacksmith","floor":22,"gold_loss":0,"cards_obtained":["Pain"]}],"is_beta":false,"boss_relics":[{"not_picked":["Astrolabe","Busted Crown"],"picked":"Runic Pyramid"}],"items_purged_floors":[10],"is_endless":false,"potions_floor_spawned":[5,6,12,18,21,25],"killed_by":"Slavers","ascension_level":2}