{"gold_per_floor":[110,125,141,141,67,67,142,142,212,212,230,245,42,55,55,178,178,198,98,119,119,144,144,188,188,188,188,209,245,245,245,245,342,342,361,361,372,70,81,81,110,123,147,147,164,164,182,197,197,197],"floor_reached":51,"playtime":2479,"items_purged":["Parasite","Injury","Strike_B"],"score":709,"play_id":"bf035ade-2d9e-49ec-a693-565adf964b85","local_time":"20181106234314","is_ascension_mode":false,"campfire_choices":[{"data":"Storm","floor":6,"key":"SMITH"},{"data":"Electrodynamics","floor":15,"key":"SMITH"},{"data":"Biased Cognition","floor":23,"key":"SMITH"},{"data":"Self Repair","floor":25,"key":"SMITH"},{"floor":27,"key":"REST"},{"floor":32,"key":"DIG"},{"data":"Thunder Strike","floor":40,"key":"SMITH"},{"floor":44,"key":"DIG"},{"floor":46,"key":"REST"},{"data":"Loop","floor":49,"key":"SMITH"}],"neow_cost":"TEN_PERCENT_HP_LOSS","seed_source_timestamp":99715576965174,"circlet_count":0,"master_deck":["Defend_B","Defend_B","Defend_B","Defend_B","Zap","Dualcast","Biased Cognition+1","Storm+1","Cold Snap","Self Repair+1","Skim","Leap","Electrodynamics+1","Ball Lightning","Hologram","Undo","Heatsinks","Conserve Battery","Redo+1","Conserve Battery+1","Storm+1","Machine Learning","Barrage+1","Doom and Gloom+1","Ball Lightning+1","BootSequence+1","Tempest+1","Thunder Strike+1","Loop+1","Coolheaded+1","Go for the Eyes+1","Tempest+1","Redo+1"],"relics":["Cracked Core","Bloody Idol","Bottled Flame","Black Star","Oddly Smooth Stone","Happy Flower","Shovel","Bronze Scales","Orichalcum","Ancient Tea Set","Astrolabe","Toxic Egg 2","Blue Candle","Blood Vial","Calipers"],"potions_floor_usage":[22,24,24,29,39,47,50,50,50],"damage_taken":[{"damage":6,"enemies":"Jaw Worm","floor":1,"turns":3},{"damage":1,"enemies":"2 Louse","floor":2,"turns":3},{"damage":13,"enemies":"Small Slimes","floor":3,"turns":4},{"damage":13,"enemies":"3 Louse","floor":11,"turns":3},{"damage":10,"enemies":"Blue Slaver","floor":12,"turns":4},{"damage":6,"enemies":"Red Slaver","floor":14,"turns":3},{"damage":40,"enemies":"Hexaghost","floor":16,"turns":9},{"damage":14,"enemies":"2 Thieves","floor":18,"turns":3},{"damage":35,"enemies":"Shell Parasite","floor":20,"turns":5},{"damage":8,"enemies":"Centurion and Healer","floor":22,"turns":5},{"damage":43,"enemies":"Slavers","floor":24,"turns":4},{"damage":0,"enemies":"Snecko","floor":28,"turns":4},{"damage":25,"enemies":"Book of Stabbing","floor":29,"turns":6},{"damage":14,"enemies":"Colosseum Slavers","floor":30,"turns":5},{"damage":41,"enemies":"Collector","floor":33,"turns":8},{"damage":12,"enemies":"3 Shapes","floor":35,"turns":3},{"damage":10,"enemies":"Orb Walker","floor":37,"turns":3},{"damage":0,"enemies":"Spire Growth","floor":39,"turns":4},{"damage":12,"enemies":"Nemesis","floor":41,"turns":5},{"damage":24,"enemies":"3 Darklings","floor":42,"turns":3},{"damage":23,"enemies":"Writhing Mass","floor":45,"turns":4},{"damage":10,"enemies":"Spire Growth","floor":47,"turns":4},{"damage":17,"enemies":"Jaw Worm Horde","floor":48,"turns":4},{"damage":8,"enemies":"Time Eater","floor":50,"turns":5}],"seed_played":"947872706533438351","potions_obtained":[{"floor":1,"key":"Strength Potion"},{"floor":2,"key":"Weak Potion"},{"floor":12,"key":"Block Potion"},{"floor":22,"key":"Swift Potion"},{"floor":33,"key":"Fruit Juice"},{"floor":35,"key":"FearPotion"},{"floor":36,"key":"PowerPotion"},{"floor":36,"key":"Strength Potion"},{"floor":45,"key":"Poison Potion"},{"floor":47,"key":"SneckoOil"}],"is_trial":false,"path_per_floor":["M","M","M","?","$","R","?","?","T","?","M","M","$","M","R","B",null,"M","$","M","?","M","R","E","R","T","R","M","E","?","?","R","B",null,"M","?","M","$","M","R","E","M","T","R","M","R","M","M","R","B",null],"character_chosen":"DEFECT","items_purchased":["Self Repair","Electrodynamics","Ball Lightning","Thunder Strike","Loop"],"campfire_rested":2,"item_purchase_floors":[5,13,13,38,38],"current_hp_per_floor":[62,61,48,48,48,48,37,54,54,68,62,59,59,53,53,20,65,51,51,23,75,74,74,38,38,38,60,70,55,51,51,51,25,75,68,68,63,63,68,68,61,42,47,47,31,53,65,65,65,59],"gold":197,"neow_bonus":"THREE_RARE_CARDS","is_prod":false,"is_daily":false,"chose_seed":false,"campfire_upgraded":6,"win_rate":0,"timestamp":1541565794,"path_taken":["M","M","M","?","$","R","?","?","T","?","?","M","?","M","R","BOSS","M","$","M","?","M","R","E","R","T","R","?","E","?","?","R","BOSS","M","?","M","?","M","R","E","M","T","R","M","R","M","M","R","BOSS"],"build_version":"2018-11-01","purchased_purges":3,"victory":true,"max_hp_per_floor":[68,68,68,68,68,68,68,68,68,68,68,68,65,65,65,65,65,65,65,65,75,75,75,75,75,75,75,75,75,75,75,75,75,75,75,75,75,75,75,75,75,75,75,75,75,75,80,80,80,80],"card_choices":[{"not_picked":["Meteor Strike","Core Surge"],"picked":"Biased Cognition","floor":0},{"not_picked":["Stack","Gash"],"picked":"Storm","floor":1},{"not_picked":["Redo","Streamline"],"picked":"Cold Snap","floor":2},{"not_picked":["Reprogram","Lockon","Darkness"],"picked":"SKIP","floor":3},{"not_picked":["Hologram","Rebound"],"picked":"Skim","floor":11},{"not_picked":["Beam Cell","Turbo"],"picked":"Leap","floor":12},{"not_picked":["Streamline","Sweeping Beam"],"picked":"Hologram","floor":14},{"not_picked":["Meteor Strike","Buffer"],"picked":"Fission","floor":16},{"not_picked":["Cold Snap","Steam"],"picked":"Undo","floor":18},{"not_picked":["Lockon","Fusion"],"picked":"Heatsinks","floor":20},{"not_picked":["Sweeping Beam","Genetic Algorithm"],"picked":"Conserve Battery","floor":22},{"not_picked":["Skim+1","Hologram"],"picked":"Redo+1","floor":24},{"not_picked":["Ball Lightning","Sunder"],"picked":"Conserve Battery+1","floor":28},{"not_picked":["Hologram","Skim"],"picked":"Storm+1","floor":29},{"not_picked":["Fission","Rainbow"],"picked":"Machine Learning","floor":33},{"not_picked":["Leap","Hello World"],"picked":"BootSequence+1","floor":35},{"not_picked":["Melter+1","Hologram+1"],"picked":"Tempest+1","floor":37},{"not_picked":["Beam Cell","Scrape+1"],"picked":"Coolheaded+1","floor":39},{"not_picked":["Turbo","Doom and Gloom+1"],"picked":"Go for the Eyes+1","floor":41},{"not_picked":["Ball Lightning","Leap+1"],"picked":"Tempest+1","floor":42},{"not_picked":["Beam Cell","Coolheaded+1","Auto Shields+1"],"picked":"SKIP","floor":45},{"not_picked":["Scrape","Coolheaded+1","Hologram+1"],"picked":"SKIP","floor":47},{"not_picked":["Capacitor+1","Lockon+1"],"picked":"Redo+1","floor":48}],"player_experience":120385,"relics_obtained":[{"floor":9,"key":"Bottled Flame"},{"floor":24,"key":"Oddly Smooth Stone"},{"floor":24,"key":"Happy Flower"},{"floor":26,"key":"Shovel"},{"floor":29,"key":"Bronze Scales"},{"floor":29,"key":"Orichalcum"},{"floor":32,"key":"Ancient Tea Set"},{"floor":41,"key":"Toxic Egg 2"},{"floor":41,"key":"Blue Candle"},{"floor":43,"key":"Blood Vial"},{"floor":44,"key":"Calipers"}],"event_choices":[{"damage_healed":0,"gold_gain":0,"player_choice":"Take Wound","damage_taken":0,"relics_obtained":["Golden Idol"],"max_hp_gain":0,"max_hp_loss":0,"event_name":"Golden Idol","floor":4,"gold_loss":0,"cards_obtained":["Injury"]},{"damage_healed":0,"gold_gain":75,"player_choice":"Gather Gold","damage_taken":11,"max_hp_gain":0,"max_hp_loss":0,"event_name":"World of Goop","floor":7,"gold_loss":0},{"damage_healed":17,"gold_gain":0,"player_choice":"Healed and dodged fight","damage_taken":0,"max_hp_gain":0,"max_hp_loss":0,"event_name":"Mushrooms","floor":8,"gold_loss":0,"cards_obtained":["Parasite"]},{"damage_healed":22,"gold_gain":0,"player_choice":"Banana","damage_taken":0,"max_hp_gain":0,"max_hp_loss":0,"event_name":"Big Fish","floor":10,"gold_loss":0},{"cards_removed":["Fission"],"damage_healed":42,"gold_gain":0,"player_choice":"Offered Rare","damage_taken":0,"max_hp_gain":10,"max_hp_loss":0,"event_name":"Bonfire Elementals","floor":21,"gold_loss":0},{"damage_healed":0,"gold_gain":0,"player_choice":"Fight","damage_taken":0,"max_hp_gain":0,"max_hp_loss":0,"event_name":"Colosseum","floor":30,"gold_loss":0},{"damage_healed":0,"gold_gain":0,"player_choice":"Fled From Nobs","damage_taken":0,"max_hp_gain":0,"max_hp_loss":0,"event_name":"Colosseum","floor":30,"gold_loss":0},{"damage_healed":0,"gold_gain":0,"player_choice":"Gave Idol","damage_taken":0,"relics_obtained":["Bloody Idol"],"max_hp_gain":0,"max_hp_loss":0,"event_name":"Forgotten Altar","floor":31,"relics_lost":["Golden Idol"],"gold_loss":0},{"damage_healed":0,"gold_gain":0,"player_choice":"Got Potions","damage_taken":0,"max_hp_gain":0,"max_hp_loss":0,"event_name":"Lab","floor":36,"gold_loss":0}],"is_beta":false,"boss_relics":[{"not_picked":["Empty Cage","Nuclear Battery"],"picked":"Black Star"},{"not_picked":["Velvet Choker","Eternal Feather"],"picked":"Astrolabe"}],"items_purged_floors":[13,19,38],"is_endless":false,"potions_floor_spawned":[1,2,12,20,22,33,35,39,45,47],"ascension_level":0}