{"gold_per_floor":[114,126,58,158,55,55,120,120,147,181,181,196,211,236,236,333,333,344,344,363,105,119,119,129,160,228,242,252,252],"floor_reached":29,"playtime":1080,"items_purged":["Strike_R"],"score":278,"play_id":"ec2f7566-9845-490c-9f58-b6255582fe63","local_time":"20190502223202","is_ascension_mode":true,"campfire_choices":[{"data":"Combust","floor":6,"key":"SMITH"},{"data":"Bash","floor":8,"key":"SMITH"},{"data":"Clothesline","floor":11,"key":"SMITH"},{"data":"Anger","floor":15,"key":"SMITH"},{"data":"Heavy Blade","floor":23,"key":"SMITH"}],"neow_cost":"NONE","seed_source_timestamp":518953624442061,"circlet_count":0,"master_deck":["Strike_R","Strike_R","Strike_R","Strike_R","Defend_R","Defend_R","Defend_R","Defend_R","Bash+1","Clothesline+1","Shrug It Off","Combust+1","Heavy Blade+1","Impervious","Anger+1","Bloodletting","Offering","J.A.X.","Rupture","Blood for Blood","Disarm","Impervious","Metallicize"],"relics":["Burning Blood","Tiny Chest","Happy Flower","Lantern","Red Skull","Coffee Dripper","Centennial Puzzle","Frozen Egg 2"],"potions_floor_usage":[7,13,14,29],"damage_taken":[{"damage":3,"enemies":"Small Slimes","floor":1,"turns":4},{"damage":0,"enemies":"Cultist","floor":2,"turns":3},{"damage":16,"enemies":"Gremlin Nob","floor":7,"turns":3},{"damage":26,"enemies":"Lagavulin","floor":10,"turns":6},{"damage":5,"enemies":"2 Louse","floor":12,"turns":3},{"damage":13,"enemies":"Gremlin Gang","floor":13,"turns":4},{"damage":8,"enemies":"3 Sentries","floor":14,"turns":5},{"damage":26,"enemies":"Hexaghost","floor":16,"turns":9},{"damage":13,"enemies":"3 Byrds","floor":18,"turns":3},{"damage":20,"enemies":"Shell Parasite","floor":20,"turns":4},{"damage":26,"enemies":"Cultist and Chosen","floor":22,"turns":6},{"damage":14,"enemies":"3 Cultists","floor":24,"turns":4},{"damage":29,"enemies":"Gremlin Leader","floor":25,"turns":6},{"damage":13,"enemies":"Sentry and Sphere","floor":27,"turns":3},{"damage":7,"enemies":"Chosen and Byrds","floor":28,"turns":4},{"damage":21,"enemies":"Book of Stabbing","floor":29,"turns":2}],"seed_played":"6029896477614257834","potions_obtained":[{"floor":10,"key":"SkillPotion"},{"floor":13,"key":"Explosive Potion"},{"floor":20,"key":"Dexterity Potion"},{"floor":22,"key":"Weak Potion"}],"is_trial":false,"path_per_floor":["M","M","$","?","$","R","E","R","T","E","R","M","M","E","R","B",null,"M","?","M","$","M","R","M","E","T","M","M","E"],"character_chosen":"IRONCLAD","items_purchased":["Combust","Heavy Blade","SteroidPotion","Rupture","Blood for Blood","Disarm"],"campfire_rested":0,"item_purchase_floors":[3,5,5,21,21,21],"current_hp_per_floor":[88,88,88,88,88,88,78,78,78,58,58,59,52,50,50,30,88,81,81,67,67,47,47,39,16,16,9,8,0],"gold":252,"neow_bonus":"TEN_PERCENT_HP_BONUS","is_prod":false,"is_daily":false,"chose_seed":false,"campfire_upgraded":5,"win_rate":0,"timestamp":1556850722,"path_taken":["M","M","$","?","?","R","E","R","T","E","R","M","M","E","R","BOSS","M","?","M","$","M","R","M","E","T","M","M","E"],"build_version":"2019-01-23","purchased_purges":1,"victory":false,"max_hp_per_floor":[88,88,88,88,88,88,88,88,88,88,88,88,88,88,88,88,88,88,88,88,88,88,88,88,88,88,88,88,88],"card_choices":[{"not_picked":["Evolve","Pommel Strike"],"picked":"Clothesline","floor":1},{"not_picked":["Iron Wave","Armaments"],"picked":"Shrug It Off","floor":2},{"not_picked":["Cleave","Twin Strike"],"picked":"Impervious","floor":7},{"not_picked":["Havoc","Thunderclap"],"picked":"Anger","floor":10},{"not_picked":["Iron Wave","Uppercut","Anger"],"picked":"SKIP","floor":12},{"not_picked":["Body Slam","Combust","Feel No Pain"],"picked":"SKIP","floor":13},{"not_picked":["Double Tap","Corruption"],"picked":"Bloodletting","floor":14},{"not_picked":["Dark Embrace","Feed"],"picked":"Offering","floor":16},{"not_picked":["Perfected Strike","Iron Wave","Cleave+1"],"picked":"SKIP","floor":18},{"not_picked":["Pommel Strike+1","Headbutt","Burning Pact"],"picked":"SKIP","floor":20},{"not_picked":["Sentinel","Anger+1"],"picked":"Impervious","floor":22},{"not_picked":["Flex","Rage+1","Wild Strike"],"picked":"SKIP","floor":24},{"not_picked":["Sword Boomerang","Corruption+1"],"picked":"Metallicize","floor":25},{"not_picked":["Sever Soul","Headbutt+1","Dual Wield"],"picked":"SKIP","floor":27},{"not_picked":["Clash","Sword Boomerang","Thunderclap"],"picked":"SKIP","floor":28}],"player_experience":595811,"relics_obtained":[{"floor":7,"key":"Tiny Chest"},{"floor":9,"key":"Happy Flower"},{"floor":10,"key":"Lantern"},{"floor":14,"key":"Red Skull"},{"floor":25,"key":"Centennial Puzzle"},{"floor":26,"key":"Frozen Egg 2"}],"event_choices":[{"damage_healed":0,"gold_gain":100,"player_choice":"Pray","damage_taken":0,"max_hp_gain":0,"max_hp_loss":0,"event_name":"Golden Shrine","floor":4,"gold_loss":0},{"damage_healed":0,"gold_gain":0,"player_choice":"Obtain J.A.X.","damage_taken":0,"max_hp_gain":0,"max_hp_loss":0,"event_name":"Drug Dealer","floor":19,"gold_loss":0,"cards_obtained":["J.A.X."]}],"is_beta":false,"boss_relics":[{"not_picked":["Calling Bell","White Beast Statue"],"picked":"Coffee Dripper"}],"items_purged_floors":[21],"is_endless":false,"potions_floor_spawned":[10,13,20,22],"killed_by":"Book of Stabbing","ascension_level":1}