{"gold_per_floor":[110,110,110,110,128,128,141,170,194,209,209],"floor_reached":11,"playtime":520,"items_purged":[],"score":110,"play_id":"5aff347a-de14-4643-8771-b07ad51ac66f","local_time":"20190512083455","is_ascension_mode":true,"campfire_choices":[{"data":"Distraction","floor":6,"key":"SMITH"}],"neow_cost":"NONE","seed_source_timestamp":2719174797109932,"circlet_count":0,"master_deck":["AscendersBane","Defend_G","Defend_G","Defend_G","Defend_G","Defend_G","Strike_G","Strike_G","Strike_G","Strike_G","Strike_G","Survivor","Neutralize","Distraction+1","Backflip","Doppelganger"],"relics":["Busted Crown","Strawberry","Orichalcum","Potion Belt"],"potions_floor_usage":[],"damage_taken":[{"damage":5,"enemies":"Jaw Worm","floor":1,"turns":6},{"damage":0,"enemies":"Small Slimes","floor":5,"turns":3},{"damage":0,"enemies":"2 Louse","floor":7,"turns":4},{"damage":7,"enemies":"3 Sentries","floor":8,"turns":4},{"damage":6,"enemies":"Looter","floor":10,"turns":4},{"damage":41,"enemies":"Lagavulin","floor":11,"turns":9}],"seed_played":"1744925224723101298","potions_obtained":[{"floor":1,"key":"GamblersBrew"},{"floor":5,"key":"SteroidPotion"},{"floor":10,"key":"Fire Potion"}],"is_trial":false,"path_per_floor":["M","?","?","?","M","R","M","E","T","M","E"],"character_chosen":"THE_SILENT","items_purchased":[],"campfire_rested":0,"item_purchase_floors":[],"current_hp_per_floor":[58,53,53,53,53,53,53,46,46,40,0],"gold":209,"neow_bonus":"BOSS_RELIC","is_prod":false,"is_daily":false,"chose_seed":false,"campfire_upgraded":1,"win_rate":0,"timestamp":1557639295,"path_taken":["M","?","?","?","M","R","M","E","T","M","E"],"build_version":"2019-01-23","purchased_purges":0,"victory":false,"max_hp_per_floor":[70,77,77,77,77,77,77,77,77,77,77],"card_choices":[{"not_picked":[],"picked":"Distraction","floor":1},{"not_picked":[],"picked":"Backflip","floor":5},{"not_picked":["Masterful Stab"],"picked":"SKIP","floor":7},{"not_picked":[],"picked":"Doppelganger","floor":8},{"not_picked":["Underhanded Strike"],"picked":"SKIP","floor":10}],"player_experience":976016,"relics_obtained":[{"floor":8,"key":"Orichalcum"},{"floor":9,"key":"Potion Belt"}],"event_choices":[{"damage_healed":0,"gold_gain":0,"player_choice":"Success","damage_taken":12,"relics_obtained":["Strawberry"],"max_hp_gain":0,"max_hp_loss":0,"event_name":"Scrap Ooze","floor":2,"gold_loss":0},{"damage_healed":0,"gold_gain":0,"player_choice":"Ignored","damage_taken":0,"max_hp_gain":0,"max_hp_loss":0,"event_name":"Liars Game","floor":3,"gold_loss":0},{"damage_healed":0,"gold_gain":0,"player_choice":"Ignored","damage_taken":0,"max_hp_gain":0,"max_hp_loss":0,"event_name":"Golden Idol","floor":4,"gold_loss":0}],"is_beta":false,"boss_relics":[],"items_purged_floors":[],"is_endless":false,"potions_floor_spawned":[1,5,10],"killed_by":"Lagavulin","ascension_level":10}