{"gold_per_floor":[99,99,5,5,5,5,5,5,5,5,5,5,5,5,5,5,5,5,5,0,0,0,0,0,0,0,0,0,0,0,0,0,0],"floor_reached":33,"playtime":3871,"items_purged":[],"score":319,"play_id":"99af8eca-5168-499d-8e08-fa1d2ac2ce92","local_time":"20190115084404","is_ascension_mode":true,"campfire_choices":[{"data":"Neutralize","floor":6.0,"key":"SMITH"},{"floor":12.0,"key":"REST"},{"floor":15.0,"key":"REST"},{"floor":23,"key":"REST"},{"floor":28,"key":"REST"},{"floor":32,"key":"REST"}],"neow_cost":"NONE","seed_source_timestamp":0,"circlet_count":0,"master_deck":["Defend_G","Defend_G","Defend_G","Defend_G","Defend_G","Strike_G","Strike_G","Strike_G","Strike_G","Survivor","Neutralize+1","Finisher","Sucker Punch","Finisher","Blade Dance","Sucker Punch","Expertise","Slice","Accuracy","Blade Dance","Malaise","Prepared+1","Endless Agony+1","Accuracy","Well Laid Plans","Blade Dance","Venomology","Outmaneuver"],"special_seed":0,"relics":["Ectoplasm","Bottled Flame","Bag of Marbles","Lizard Tail","Nloth\u0027s Gift","Bronze Scales","MawBank"],"potions_floor_usage":[25,29],"damage_taken":[{"damage":0.0,"enemies":"Jaw Worm","floor":1.0,"turns":4.0},{"damage":0.0,"enemies":"Cultist","floor":4.0,"turns":2.0},{"damage":0.0,"enemies":"2 Louse","floor":7.0,"turns":2.0},{"damage":17.0,"enemies":"3 Sentries","floor":8.0,"turns":8.0},{"damage":16.0,"enemies":"Lagavulin","floor":11.0,"turns":6.0},{"damage":0.0,"enemies":"Exordium Thugs","floor":13.0,"turns":2.0},{"damage":0.0,"enemies":"3 Louse","floor":14.0,"turns":2.0},{"damage":23.0,"enemies":"Hexaghost","floor":16.0,"turns":8.0},{"damage":14.0,"enemies":"Shell Parasite","floor":18.0,"turns":5.0},{"damage":12.0,"enemies":"2 Thieves","floor":20.0,"turns":4.0},{"damage":15.0,"enemies":"Snecko","floor":22.0,"turns":10.0},{"damage":24,"enemies":"Cultist and Chosen","floor":24,"turns":7},{"damage":7,"enemies":"Snake Plant","floor":25,"turns":5},{"damage":11,"enemies":"Book of Stabbing","floor":29,"turns":6},{"damage":34,"enemies":"Centurion and Healer","floor":31,"turns":4},{"damage":50,"enemies":"Automaton","floor":33,"turns":6}],"seed_played":"-5671812301919814491","potions_obtained":[{"floor":1.0,"key":"GamblersBrew"},{"floor":4.0,"key":"Explosive Potion"},{"floor":24,"key":"Energy Potion"},{"floor":25,"key":"GhostInAJar"}],"is_trial":false,"path_per_floor":["M","?","$","M","?","R","M","E","T","?","E","R","M","M","R","B",null,"M","?","M","?","M","R","M","M","T","?","R","E","$","M","R","B"],"character_chosen":"THE_SILENT","items_purchased":["Sucker Punch","Finisher"],"campfire_rested":5,"item_purchase_floors":[3,3],"current_hp_per_floor":[70,70,70,70,70,70,70,53,53,53,37,58,58,58,70,47,70,56,43,31,31,16,38,14,7,7,7,29,18,18,23,45,0],"gold":0,"neow_bonus":"BOSS_RELIC","is_prod":false,"is_daily":false,"chose_seed":false,"campfire_upgraded":1,"win_rate":0,"timestamp":1547534644,"path_taken":["M","?","?","M","?","R","?","E","T","?","E","R","?","M","R","BOSS","M","?","M","?","M","R","M","?","T","?","R","E","$","M","R","BOSS"],"build_version":"2019-01-10","purchased_purges":0,"victory":false,"max_hp_per_floor":[70,70,70,70,70,70,70,70,70,70,70,70,70,70,70,70,70,70,75,75,75,75,75,75,75,75,75,75,75,75,75,75,75],"card_choices":[{"not_picked":["Outmaneuver","Footwork"],"picked":"Finisher","floor":1.0},{"not_picked":["Bane","Catalyst"],"picked":"Blade Dance","floor":4.0},{"not_picked":["Slice","Riddle With Holes"],"picked":"Sucker Punch","floor":7.0},{"not_picked":["Flying Knee","Heel Hook"],"picked":"Expertise","floor":8.0},{"not_picked":["Acrobatics","Dagger Throw"],"picked":"Slice","floor":11.0},{"not_picked":["Flechettes","Expertise"],"picked":"Accuracy","floor":13.0},{"not_picked":["Masterful Stab","Poisoned Stab"],"picked":"Blade Dance","floor":14.0},{"not_picked":["Night Terror","Tools of the Trade"],"picked":"Malaise","floor":16.0},{"not_picked":["Crippling Poison","Bane"],"picked":"Prepared+1","floor":18.0},{"not_picked":["Acrobatics","Concentrate+1"],"picked":"Endless Agony+1","floor":20.0},{"not_picked":["Dodge and Roll","Well Laid Plans"],"picked":"Accuracy","floor":22.0},{"not_picked":["Quick Slash","Deflect"],"picked":"Well Laid Plans","floor":24},{"not_picked":["Die Die Die","PiercingWail+1"],"picked":"Blade Dance","floor":25},{"not_picked":["Deflect","Poisoned Stab+1"],"picked":"Venomology","floor":29},{"not_picked":["Bane","Distraction"],"picked":"Outmaneuver","floor":31}],"player_experience":263208,"relics_obtained":[{"floor":8.0,"key":"Shovel"},{"floor":9.0,"key":"Bottled Flame"},{"floor":11.0,"key":"Bag of Marbles"},{"floor":26,"key":"Bronze Scales"},{"floor":29,"key":"MawBank"}],"event_choices":[{"damage_healed":0.0,"max_hp_gain":0.0,"max_hp_loss":0.0,"gold_gain":0.0,"event_name":"Wheel of Change","player_choice":"Full Heal","floor":2.0,"gold_loss":0.0,"damage_taken":0.0},{"damage_healed":0.0,"max_hp_gain":0.0,"max_hp_loss":0.0,"gold_gain":0.0,"event_name":"Liars Game","player_choice":"Ignored","floor":5.0,"gold_loss":0.0,"damage_taken":0.0},{"damage_healed":0.0,"max_hp_gain":0.0,"max_hp_loss":0.0,"gold_gain":0.0,"event_name":"Accursed Blacksmith","player_choice":"Ignored","floor":10.0,"gold_loss":0.0,"damage_taken":0.0},{"damage_healed":0.0,"max_hp_gain":5.0,"max_hp_loss":0.0,"gold_gain":0.0,"event_name":"Forgotten Altar","player_choice":"Shed Blood","floor":19.0,"gold_loss":0.0,"damage_taken":18.0},{"damage_healed":0.0,"max_hp_gain":0.0,"max_hp_loss":0.0,"gold_gain":0.0,"event_name":"N\u0027loth","player_choice":"Traded Relic","floor":21.0,"relics_lost":["Shovel"],"gold_loss":0.0,"damage_taken":0.0,"relics_obtained":["Nloth\u0027s Gift"]},{"cards_removed":["Strike_G"],"damage_healed":0,"gold_gain":0,"player_choice":"Offered Basic","damage_taken":0,"max_hp_gain":0,"max_hp_loss":0,"event_name":"Bonfire Elementals","floor":27,"gold_loss":0}],"is_beta":false,"boss_relics":[{"not_picked":["Snecko Eye","Runic Dome"],"picked":"Lizard Tail"}],"items_purged_floors":[],"is_endless":false,"potions_floor_spawned":[1,4,24,25],"killed_by":"Automaton","ascension_level":3}