{"gold_per_floor":[115,38,57,132,151,182,182,209,209,209,227,192,192,209,209,304,304,322,57,57,57,156,156],"floor_reached":23,"playtime":1147,"items_purged":["Strike_R"],"score":312,"play_id":"9fc153b8-2b27-4516-a386-8ce96b9eba08","local_time":"20181201115359","is_ascension_mode":true,"campfire_choices":[{"data":"Pommel Strike","floor":7,"key":"SMITH"},{"data":"Armaments","floor":10,"key":"SMITH"},{"data":"Pommel Strike","floor":13,"key":"SMITH"},{"floor":15,"key":"REST"}],"neow_cost":"TEN_PERCENT_HP_LOSS","seed_source_timestamp":0,"circlet_count":0,"master_deck":["Strike_R+1","Strike_R+1","Strike_R+1","Strike_R+1","Defend_R+1","Defend_R+1","Defend_R+1","Defend_R+1","Bash","Twin Strike","Pommel Strike+1","Armaments+1","Headbutt","Pommel Strike+1","Iron Wave","Pommel Strike","Feed","True Grit","Evolve"],"special_seed":0,"relics":["Burning Blood","Gambling Chip","Ancient Tea Set","Shovel","Bottled Lightning","Mark of Pain","Bag of Preparation"],"potions_floor_usage":[6,8,16,23],"damage_taken":[{"damage":1,"enemies":"Cultist","floor":1,"turns":3},{"damage":0,"enemies":"Small Slimes","floor":3,"turns":3},{"damage":6,"enemies":"Jaw Worm","floor":5,"turns":2},{"damage":31,"enemies":"Lagavulin","floor":6,"turns":6},{"damage":26,"enemies":"3 Sentries","floor":8,"turns":6},{"damage":0,"enemies":"Large Slime","floor":11,"turns":3},{"damage":0,"enemies":"Blue Slaver","floor":14,"turns":2},{"damage":23,"enemies":"The Guardian","floor":16,"turns":14},{"damage":17,"enemies":"3 Byrds","floor":18,"turns":7},{"damage":68,"enemies":"Gremlin Leader","floor":23,"turns":8}],"seed_played":"-9046451481450282585","potions_obtained":[{"floor":1,"key":"Strength Potion"},{"floor":5,"key":"SkillPotion"},{"floor":8,"key":"EssenceOfSteel"},{"floor":16,"key":"Swift Potion"}],"is_trial":false,"path_per_floor":["M","$","M","?","M","E","R","E","T","R","M","?","R","M","R","B",null,"M","$","?","?","?","E"],"character_chosen":"IRONCLAD","items_purchased":["Pommel Strike","Armaments","Evolve","Bag of Preparation"],"campfire_rested":1,"item_purchase_floors":[2,2,19,19],"current_hp_per_floor":[72,72,72,61,61,36,36,16,16,16,22,40,40,46,67,50,72,65,65,65,65,65,0],"gold":156,"neow_bonus":"ONE_RARE_RELIC","is_prod":false,"is_daily":false,"chose_seed":false,"campfire_upgraded":3,"win_rate":0,"timestamp":1543683239,"path_taken":["M","?","M","?","M","E","R","E","T","R","M","?","R","?","R","BOSS","M","$","?","?","?","E"],"build_version":"2018-11-15","purchased_purges":1,"victory":false,"max_hp_per_floor":[72,72,72,72,72,72,72,72,72,72,72,72,72,72,72,72,72,76,76,76,76,76,76],"card_choices":[{"not_picked":["Inflame","Dropkick"],"picked":"Twin Strike","floor":1},{"not_picked":["Twin Strike","Sever Soul"],"picked":"Headbutt","floor":3},{"not_picked":["Body Slam","Clothesline"],"picked":"Pommel Strike","floor":5},{"not_picked":["Anger","Heavy Blade","Clash"],"picked":"SKIP","floor":6},{"not_picked":["Warcry","Evolve"],"picked":"Iron Wave","floor":8},{"not_picked":["Seeing Red","Heavy Blade"],"picked":"Pommel Strike","floor":11},{"not_picked":["Limit Break","Infernal Blade","Havoc"],"picked":"SKIP","floor":14},{"not_picked":["Fiend Fire","Berserk"],"picked":"Feed","floor":16},{"not_picked":["Headbutt","Flex"],"picked":"True Grit","floor":18}],"player_experience":257220,"relics_obtained":[{"floor":6,"key":"Ancient Tea Set"},{"floor":8,"key":"Shovel"},{"floor":9,"key":"Bottled Lightning"}],"event_choices":[{"damage_healed":0,"gold_gain":75,"player_choice":"Gather Gold","damage_taken":11,"max_hp_gain":0,"max_hp_loss":0,"event_name":"World of Goop","floor":4,"gold_loss":0},{"damage_healed":18,"gold_gain":0,"player_choice":"Healed","damage_taken":0,"max_hp_gain":0,"max_hp_loss":0,"event_name":"The Cleric","floor":12,"gold_loss":35},{"damage_healed":0,"gold_gain":0,"player_choice":"Ignored","damage_taken":0,"max_hp_gain":0,"max_hp_loss":0,"event_name":"Ghosts","floor":20,"gold_loss":0},{"damage_healed":0,"gold_gain":0,"player_choice":"Simplicity","damage_taken":0,"max_hp_gain":0,"max_hp_loss":0,"event_name":"Back to Basics","floor":21,"gold_loss":0,"cards_upgraded":["Strike_R","Strike_R","Strike_R","Strike_R","Defend_R","Defend_R","Defend_R","Defend_R"]},{"damage_healed":0,"gold_gain":99,"player_choice":"Stole From Cult","damage_taken":0,"max_hp_gain":0,"max_hp_loss":0,"event_name":"Nest","floor":22,"gold_loss":0}],"is_beta":false,"boss_relics":[{"not_picked":["Runic Pyramid","Lizard Tail"],"picked":"Mark of Pain"}],"items_purged_floors":[19],"is_endless":false,"potions_floor_spawned":[1,5,8,16],"killed_by":"Gremlin Leader","ascension_level":1}