{"gold_per_floor":[13,33,33,33,33,33,45,45,70,70,70,87,102,119,119,119],"floor_reached":16,"playtime":746,"items_purged":[],"score":184,"play_id":"e29f4d24-c0b2-4b01-90e5-88e10e8fb08e","local_time":"20190428015115","is_ascension_mode":true,"campfire_choices":[{"data":"Madness","floor":6.0,"key":"SMITH"},{"floor":10.0,"key":"REST"},{"floor":15,"key":"REST"}],"neow_cost":"NO_GOLD","seed_source_timestamp":1485050755436649,"circlet_count":0,"master_deck":["AscendersBane","Strike_B","Strike_B","Strike_B","Strike_B","Defend_B","Defend_B","Defend_B","Defend_B","Zap","Dualcast","Madness","Madness+1","Ball Lightning","Tempest","Go for the Eyes","Storm","Genetic Algorithm"],"special_seed":0,"relics":["Cracked Core","Lantern"],"potions_floor_usage":[16,16],"damage_taken":[{"damage":7.0,"enemies":"Small Slimes","floor":1.0,"turns":3.0},{"damage":7.0,"enemies":"Jaw Worm","floor":2.0,"turns":2.0},{"damage":1.0,"enemies":"Cultist","floor":7.0,"turns":3.0},{"damage":6,"enemies":"Looter","floor":12,"turns":3},{"damage":8,"enemies":"Red Slaver","floor":13,"turns":3},{"damage":11,"enemies":"2 Fungi Beasts","floor":14,"turns":3},{"damage":74,"enemies":"Slime Boss","floor":16,"turns":8}],"seed_played":"-1961769478804634055","potions_obtained":[{"floor":1.0,"key":"PowerPotion"},{"floor":2.0,"key":"Fire Potion"}],"is_trial":false,"path_per_floor":["M","M","?","$","?","R","M","$","T","R","?","M","M","M","R","B"],"character_chosen":"DEFECT","items_purchased":[],"campfire_rested":2,"item_purchase_floors":[],"current_hp_per_floor":[57,50,55,55,55,55,54,54,54,76,76,70,62,51,73,0],"gold":119,"neow_bonus":"RANDOM_COLORLESS_2","is_prod":false,"is_daily":false,"chose_seed":false,"campfire_upgraded":1,"win_rate":0,"timestamp":1556405475,"path_taken":["M","M","?","$","?","R","M","$","T","R","?","M","M","M","R","BOSS"],"build_version":"2019-01-23","purchased_purges":0,"victory":false,"max_hp_per_floor":[71,71,76,76,76,76,76,76,76,76,76,76,76,76,76,76],"card_choices":[{"not_picked":["Fusion","Coolheaded"],"picked":"Ball Lightning","floor":1.0},{"not_picked":["Rebound","Go for the Eyes"],"picked":"Tempest","floor":2.0},{"not_picked":["Redo","Recycle"],"picked":"Go for the Eyes","floor":7.0},{"not_picked":["Coolheaded","Compile Driver"],"picked":"Storm","floor":12},{"not_picked":["Compile Driver","Coolheaded","Barrage"],"picked":"SKIP","floor":13},{"not_picked":["Ball Lightning","White Noise"],"picked":"Genetic Algorithm","floor":14}],"player_experience":856124,"relics_obtained":[{"floor":9.0,"key":"Lantern"}],"event_choices":[{"damage_healed":0.0,"max_hp_gain":5.0,"max_hp_loss":0.0,"gold_gain":0.0,"event_name":"Big Fish","player_choice":"Donut","floor":3.0,"gold_loss":0.0,"damage_taken":0.0},{"damage_healed":0.0,"max_hp_gain":0.0,"max_hp_loss":0.0,"gold_gain":0.0,"event_name":"Golden Idol","player_choice":"Ignored","floor":5.0,"gold_loss":0.0,"damage_taken":0.0},{"damage_healed":0,"gold_gain":0,"player_choice":"Fled","damage_taken":0,"max_hp_gain":0,"max_hp_loss":0,"event_name":"Scrap Ooze","floor":11,"gold_loss":0}],"is_beta":false,"boss_relics":[],"items_purged_floors":[],"is_endless":false,"potions_floor_spawned":[1,2,13],"killed_by":"Slime Boss","ascension_level":20}