{"gold_per_floor":[118,68,85,10,10,10,54,84,149,161,195,207,253,275,287,404,416,440,0,12,44,70,82,94,6,62,27,47,47,47,65,65,168,168,181,198,216,216,230,230,330,330,330,344,344,355,54,65,65,65],"floor_reached":50,"playtime":4357,"items_purged":["Strike_B","Writhe","Strike_B"],"score":636,"play_id":"c5091e3c-3371-4b57-b872-6b05ea445ff2","local_time":"20190219134120","is_ascension_mode":true,"campfire_choices":[{"floor":6.0,"key":"DIG"},{"floor":10.0,"key":"REST"},{"floor":15.0,"key":"REST"},{"floor":23.0,"key":"REST"},{"floor":29.0,"key":"DIG"},{"floor":32.0,"key":"REST"},{"data":"Fission","floor":40.0,"key":"SMITH"},{"data":"White Noise","floor":42.0,"key":"SMITH"},{"data":"Thunder Strike","floor":49.0,"key":"SMITH"}],"neow_cost":"TEN_PERCENT_HP_LOSS","seed_source_timestamp":399240582953617,"circlet_count":0,"master_deck":["Strike_B","Defend_B","Defend_B","Defend_B","Defend_B+1","Zap","Dualcast","Ball Lightning+1","Melter","BootSequence","Genetic Algorithm","Multi-Cast","Thunder Strike+1","Undo","Buffer+1","Ball Lightning","Genetic Algorithm","Self Repair","Defragment","Leap","Stack","Fission+1","Conserve Battery","Conserve Battery","White Noise+1","The Bomb+1","Storm+1"],"special_seed":0,"relics":["Cracked Core","Shovel","MawBank","Mummified Hand","DataDisk","Thread and Needle","Lizard Tail","Regal Pillow","Tiny Chest","Dodecahedron","Sozu","Oddly Smooth Stone","Blue Candle","Toxic Egg 2"],"potions_floor_usage":[],"damage_taken":[{"damage":1.0,"enemies":"Cultist","floor":1.0,"turns":3.0},{"damage":2.0,"enemies":"Jaw Worm","floor":3.0,"turns":3.0},{"damage":40.0,"enemies":"3 Sentries","floor":7.0,"turns":7.0},{"damage":0.0,"enemies":"2 Louse","floor":8.0,"turns":2.0},{"damage":0.0,"enemies":"Blue Slaver","floor":11.0,"turns":3.0},{"damage":19.0,"enemies":"Lagavulin","floor":13.0,"turns":5.0},{"damage":0.0,"enemies":"2 Fungi Beasts","floor":14.0,"turns":3.0},{"damage":33.0,"enemies":"The Guardian","floor":16.0,"turns":10.0},{"damage":0.0,"enemies":"Chosen","floor":18.0,"turns":6.0},{"damage":0.0,"enemies":"Shell Parasite","floor":21.0,"turns":6.0},{"damage":10.0,"enemies":"Chosen and Byrds","floor":22.0,"turns":8.0},{"damage":8.0,"enemies":"Shelled Parasite and Fungi","floor":28.0,"turns":6.0},{"damage":40.0,"enemies":"Cultist and Chosen","floor":31.0,"turns":7.0},{"damage":35.0,"enemies":"Automaton","floor":33.0,"turns":12.0},{"damage":0.0,"enemies":"3 Shapes","floor":35.0,"turns":6.0},{"damage":13.0,"enemies":"3 Darklings","floor":36.0,"turns":8.0},{"damage":2.0,"enemies":"Sphere and 2 Shapes","floor":37.0,"turns":6.0},{"damage":0.0,"enemies":"Maw","floor":39.0,"turns":8.0},{"damage":0.0,"enemies":"Transient","floor":44.0,"turns":5.0},{"damage":0.0,"enemies":"Sphere and 2 Shapes","floor":46.0,"turns":5.0},{"damage":0.0,"enemies":"Jaw Worm Horde","floor":48.0,"turns":4.0},{"damage":117,"enemies":"Awakened One","floor":50,"turns":14}],"seed_played":"-129377122808812810","potions_obtained":[{"floor":7.0,"key":"Regen Potion"},{"floor":8.0,"key":"Block Potion"},{"floor":11.0,"key":"Fruit Juice"},{"floor":13.0,"key":"Energy Potion"},{"floor":21.0,"key":"Energy Potion"},{"floor":31.0,"key":"Poison Potion"}],"is_trial":false,"path_per_floor":["M","?","M","$","?","R","E","M","T","R","M","?","E","M","R","B",null,"M","?","?","M","M","R","?","$","T","$","M","R","?","M","R","B",null,"M","M","M","T","M","R","?","R","T","M","T","M","$","M","R","B"],"character_chosen":"DEFECT","items_purchased":["Defragment","The Bomb+1"],"campfire_rested":4,"item_purchase_floors":[27,47],"current_hp_per_floor":[67,67,65,65,65,65,25,25,25,45,45,31,31,31,52,19,60,60,60,60,60,57,73,73,73,73,73,72,72,72,39,73,38,64,71,65,70,70,73,73,73,73,73,73,73,73,73,73,73,0],"gold":65,"neow_bonus":"ONE_RARE_RELIC","is_prod":false,"is_daily":false,"chose_seed":false,"campfire_upgraded":3,"win_rate":0,"timestamp":1550576480,"path_taken":["M","?","M","$","?","R","E","M","T","R","M","?","E","M","R","BOSS","M","?","?","?","M","R","?","$","T","$","M","R","?","M","R","BOSS","M","?","M","?","M","R","?","R","T","?","?","M","$","M","R","BOSS"],"build_version":"2019-01-23","purchased_purges":3,"victory":false,"max_hp_per_floor":[68,68,68,68,68,68,68,68,68,68,68,68,73,73,73,73,73,73,73,73,73,73,73,73,73,73,73,73,73,73,73,73,73,73,73,73,73,73,73,73,73,73,73,73,73,73,73,73,73,73],"card_choices":[{"not_picked":["Go for the Eyes","Compile Driver"],"picked":"Ball Lightning","floor":1.0},{"not_picked":["Turbo","Darkness"],"picked":"Melter","floor":3.0},{"not_picked":["Lockon","Rip and Tear"],"picked":"BootSequence","floor":7.0},{"not_picked":["Leap","Barrage"],"picked":"Genetic Algorithm","floor":8.0},{"not_picked":["Doom and Gloom","Hologram"],"picked":"Multi-Cast","floor":11.0},{"not_picked":["Aggregate","Sweeping Beam"],"picked":"Thunder Strike","floor":13.0},{"not_picked":["Doom and Gloom","Beam Cell"],"picked":"Undo","floor":14.0},{"not_picked":["Seek","Reboot"],"picked":"Buffer","floor":16.0},{"not_picked":["Streamline+1","Compile Driver"],"picked":"Ball Lightning","floor":18.0},{"not_picked":["Barrage","Undo"],"picked":"Self Repair","floor":21.0},{"not_picked":["Turbo","Gash","Go for the Eyes"],"picked":"SKIP","floor":22.0},{"not_picked":["Melter","Chaos"],"picked":"Leap","floor":28.0},{"not_picked":["Hologram+1","Gash"],"picked":"Stack","floor":31.0},{"not_picked":["Buffer","Thunder Strike"],"picked":"Fission","floor":33.0},{"not_picked":["Steam","Hologram"],"picked":"Conserve Battery","floor":35.0},{"not_picked":["Skim+1","Streamline+1"],"picked":"Conserve Battery","floor":36.0},{"not_picked":["Beam Cell","Consume+1"],"picked":"White Noise","floor":37.0},{"not_picked":["Force Field+1","Steam+1","Rebound"],"picked":"SKIP","floor":39.0},{"not_picked":["Recycle+1","Coolheaded+1","Go for the Eyes+1"],"picked":"SKIP","floor":44.0},{"not_picked":["Cold Snap+1","Rebound","Stack+1"],"picked":"SKIP","floor":46.0},{"not_picked":["Leap+1","Stack+1"],"picked":"Storm+1","floor":48.0}],"player_experience":649840,"relics_obtained":[{"floor":6.0,"key":"MawBank"},{"floor":7.0,"key":"Mummified Hand"},{"floor":9.0,"key":"DataDisk"},{"floor":13.0,"key":"Thread and Needle"},{"floor":26.0,"key":"Tiny Chest"},{"floor":29.0,"key":"Dodecahedron"},{"floor":38.0,"key":"Oddly Smooth Stone"},{"floor":43.0,"key":"Blue Candle"},{"floor":45.0,"key":"Toxic Egg 2"}],"event_choices":[{"cards_removed":["Strike_B"],"damage_healed":0.0,"max_hp_gain":0.0,"max_hp_loss":0.0,"gold_gain":0.0,"event_name":"The Cleric","player_choice":"Card Removal","floor":2.0,"gold_loss":50.0,"damage_taken":0.0},{"damage_healed":0.0,"max_hp_gain":0.0,"max_hp_loss":0.0,"gold_gain":0.0,"event_name":"Golden Idol","player_choice":"Ignored","floor":5.0,"gold_loss":0.0,"damage_taken":0.0},{"damage_healed":0.0,"max_hp_gain":0.0,"max_hp_loss":0.0,"gold_gain":0.0,"event_name":"Shining Light","player_choice":"Entered Light","floor":12.0,"gold_loss":0.0,"damage_taken":14.0,"cards_upgraded":["Defend_B","Ball Lightning"]},{"damage_healed":0.0,"max_hp_gain":0.0,"max_hp_loss":0.0,"gold_gain":0.0,"event_name":"Masked Bandits","player_choice":"Paid Fearfully","floor":19.0,"gold_loss":452.0,"damage_taken":0.0},{"damage_healed":0.0,"max_hp_gain":0.0,"max_hp_loss":0.0,"gold_gain":0.0,"event_name":"Duplicator","player_choice":"Copied","floor":20.0,"gold_loss":0.0,"damage_taken":0.0,"cards_obtained":["Genetic Algorithm"]},{"damage_healed":0.0,"max_hp_gain":0.0,"max_hp_loss":0.0,"gold_gain":0.0,"event_name":"The Mausoleum","player_choice":"Opened","floor":24.0,"gold_loss":0.0,"damage_taken":0.0,"relics_obtained":["Regal Pillow"],"cards_obtained":["Writhe"]},{"damage_healed":0.0,"max_hp_gain":0.0,"max_hp_loss":0.0,"gold_gain":0.0,"event_name":"Accursed Blacksmith","player_choice":"Forge","floor":30.0,"gold_loss":0.0,"damage_taken":0.0,"cards_upgraded":["Buffer"]},{"damage_healed":0.0,"max_hp_gain":0.0,"max_hp_loss":0.0,"gold_gain":100.0,"event_name":"Golden Shrine","player_choice":"Pray","floor":41.0,"gold_loss":0.0,"damage_taken":0.0}],"is_beta":false,"boss_relics":[{"not_picked":["FrozenCore","White Beast Statue"],"picked":"Lizard Tail"},{"not_picked":["Black Star","Eternal Feather"],"picked":"Sozu"}],"items_purged_floors":[4,25,47],"is_endless":false,"potions_floor_spawned":[7,8,11,13,21,31,35,39,44,48],"killed_by":"Awakened One","ascension_level":8}