{"gold_per_floor":[116,116,134,10,22,22,22,22,46,46,46,64,64,96,96,96],"floor_reached":16,"playtime":606,"items_purged":["Clash"],"score":157,"play_id":"8822c0ca-8cfd-4416-b11e-fc81a46b4c09","local_time":"20190127013309","is_ascension_mode":true,"campfire_choices":[{"floor":6,"key":"REST"},{"data":"Berserk","floor":11,"key":"SMITH"},{"data":"Rage","floor":13,"key":"SMITH"},{"floor":15,"key":"REST"}],"neow_cost":"NONE","seed_source_timestamp":1322936759938239,"circlet_count":0,"master_deck":["AscendersBane","Bash","Pummel","Thunderclap","Berserk+1","Anger","Heavy Blade","Sword Boomerang","Entrench","Rage+1","True Grit+1","Anger","Armaments","Armaments","Whirlwind"],"special_seed":0,"relics":["Pandora\u0027s Box","Mummified Hand","Bottled Flame"],"potions_floor_usage":[],"damage_taken":[{"damage":0.0,"enemies":"Small Slimes","floor":1.0,"turns":2.0},{"damage":12,"enemies":"Jaw Worm","floor":3,"turns":3},{"damage":0,"enemies":"2 Louse","floor":5,"turns":2},{"damage":14,"enemies":"Red Slaver","floor":12,"turns":2},{"damage":33,"enemies":"Lagavulin","floor":14,"turns":6},{"damage":72,"enemies":"Slime Boss","floor":16,"turns":5}],"seed_played":"-2137045640881312687","potions_obtained":[],"is_trial":false,"path_per_floor":["M","?","M","$","M","R","?","$","T","T","R","M","R","E","R","B"],"character_chosen":"IRONCLAD","items_purchased":["Armaments"],"campfire_rested":2,"item_purchase_floors":[4],"current_hp_per_floor":[72,77,65,65,65,85,85,85,85,85,85,71,71,38,63,0],"gold":96,"neow_bonus":"BOSS_RELIC","is_prod":false,"is_daily":false,"chose_seed":false,"campfire_upgraded":2,"win_rate":0,"timestamp":1548545589,"path_taken":["M","?","M","$","M","R","?","$","T","?","R","M","R","E","R","BOSS"],"build_version":"2019-01-23","purchased_purges":1,"victory":false,"max_hp_per_floor":[80,85,85,85,85,85,85,85,85,85,85,85,85,85,85,85],"card_choices":[{"not_picked":["Wild Strike","Rupture"],"picked":"True Grit","floor":1.0},{"not_picked":["Heavy Blade","Twin Strike"],"picked":"Anger","floor":3},{"not_picked":["Berserk","Wild Strike"],"picked":"Armaments","floor":5},{"not_picked":["Heavy Blade","Sword Boomerang"],"picked":"Whirlwind","floor":12},{"not_picked":["Searing Blow","Burning Pact","Headbutt"],"picked":"SKIP","floor":14}],"player_experience":397728,"relics_obtained":[{"floor":10,"key":"Mummified Hand"},{"floor":14,"key":"Bottled Flame"}],"event_choices":[{"damage_healed":0,"gold_gain":0,"player_choice":"Donut","damage_taken":0,"max_hp_gain":5,"max_hp_loss":0,"event_name":"Big Fish","floor":2,"gold_loss":0},{"damage_healed":0,"gold_gain":0,"player_choice":"Grow","damage_taken":0,"max_hp_gain":0,"max_hp_loss":0,"event_name":"Living Wall","floor":7,"gold_loss":0,"cards_upgraded":["True Grit"]}],"is_beta":false,"boss_relics":[],"items_purged_floors":[4],"is_endless":false,"potions_floor_spawned":[],"killed_by":"Slime Boss","ascension_level":12}