{"gold_per_floor":[114,124,143,161,174,207,207,207,257,283,296,148,163,163,163,263,263,279,289,303,316,334,362,362,362,362,377,403,1,12,27,27,27],"floor_reached":33,"playtime":5378,"items_purged":["Strike_G","Strike_G"],"score":295,"play_id":"6f0ee309-637d-45d1-8dc3-accfcd4df05e","local_time":"20180719220930","is_ascension_mode":false,"campfire_choices":[{"data":"A Thousand Cuts","floor":7,"key":"SMITH"},{"floor":15,"key":"REST"},{"floor":24,"key":"REST"},{"floor":32,"key":"REST"}],"neow_cost":"NONE","seed_source_timestamp":461915426498946,"circlet_count":0,"master_deck":["Defend_G","Defend_G","Defend_G","Defend_G","Defend_G","Strike_G","Strike_G","Survivor","Neutralize+1","Blade Dance","Slice","Backstab+1","Flying Knee","Acrobatics","A Thousand Cuts+1","Outmaneuver","Quick Slash","Footwork","Die Die Die","Envenom","Endless Agony+1","Acrobatics","Infinite Blades","Predator","Acrobatics+1","Noxious Fumes"],"relics":["Ring of the Snake","Centennial Puzzle","Oddly Smooth Stone","Odd Mushroom","Busted Crown","Bottled Flame","Vajra","Blood Vial","Pen Nib","Whetstone"],"potions_floor_usage":[10,10,16,18,20,21,21,27,33],"damage_taken":[{"damage":1,"enemies":"Cultist","floor":1,"turns":6},{"damage":0,"enemies":"Small Slimes","floor":2,"turns":4},{"damage":0,"enemies":"Jaw Worm","floor":3,"turns":3},{"damage":0,"enemies":"Blue Slaver","floor":4,"turns":4},{"damage":9,"enemies":"Exordium Thugs","floor":5,"turns":7},{"damage":23,"enemies":"Gremlin Nob","floor":6,"turns":4},{"damage":13,"floor":10,"turns":6},{"damage":4,"enemies":"Looter","floor":11,"turns":3},{"damage":0,"enemies":"3 Louse","floor":13,"turns":3},{"damage":16,"enemies":"Slime Boss","floor":16,"turns":9},{"damage":0,"enemies":"Chosen","floor":18,"turns":6},{"damage":2,"enemies":"Spheric Guardian","floor":19,"turns":3},{"damage":2,"enemies":"3 Cultists","floor":20,"turns":5},{"damage":2,"enemies":"Snecko","floor":21,"turns":5},{"damage":13,"enemies":"Snake Plant","floor":22,"turns":5},{"damage":50,"enemies":"Book of Stabbing","floor":23,"turns":6},{"damage":0,"enemies":"Cultist and Chosen","floor":27,"turns":5},{"damage":27,"enemies":"Gremlin Leader","floor":28,"turns":6},{"damage":2,"enemies":"Centurion and Healer","floor":30,"turns":4},{"damage":0,"enemies":"Sentry and Sphere","floor":31,"turns":3},{"damage":36,"enemies":"Collector","floor":33,"turns":5}],"seed_played":"43187499302454763","potions_obtained":[{"floor":4,"key":"FearPotion"},{"floor":6,"key":"SpeedPotion"},{"floor":8,"key":"Regen Potion"},{"floor":8,"key":"Fire Potion"},{"floor":11,"key":"PowerPotion"},{"floor":13,"key":"SneckoOil"},{"floor":18,"key":"SkillPotion"},{"floor":19,"key":"Swift Potion"},{"floor":23,"key":"EssenceOfSteel"},{"floor":30,"key":"AttackPotion"}],"is_trial":false,"path_per_floor":["M","M","M","M","M","E","R","?","T","?","M","$","M","?","R","B",null,"M","M","M","M","M","E","R","?","T","M","E","$","M","M","R"],"character_chosen":"THE_SILENT","items_purchased":["Footwork","Pen Nib","Whetstone"],"campfire_rested":3,"item_purchase_floors":[12,29,29],"current_hp_per_floor":[76,76,76,76,67,44,44,44,44,46,42,42,42,42,65,49,77,77,75,73,71,58,8,31,31,31,31,4,4,4,6,29,0],"gold":27,"neow_bonus":"TEN_PERCENT_HP_BONUS","is_prod":false,"is_daily":false,"chose_seed":false,"campfire_upgraded":1,"win_rate":0.0,"timestamp":1532052570,"path_taken":["M","M","M","M","M","E","R","?","T","?","?","$","M","?","R","BOSS","M","M","M","M","M","E","R","?","T","?","E","$","?","?","R","BOSS"],"build_version":"2018-07-12","purchased_purges":2,"victory":false,"max_hp_per_floor":[77,77,77,77,77,77,77,77,77,77,77,77,77,77,77,77,77,77,77,77,77,77,77,77,77,77,77,77,77,77,77,77,77],"card_choices":[{"not_picked":["Underhanded Strike","Sucker Punch"],"picked":"Blade Dance","floor":1},{"not_picked":["Choke","Deadly Poison"],"picked":"Slice","floor":2},{"not_picked":["Outmaneuver","Poisoned Stab"],"picked":"Backstab","floor":3},{"not_picked":["Dagger Throw","Dodge and Roll"],"picked":"Flying Knee","floor":4},{"not_picked":["Malaise","Deadly Poison"],"picked":"Acrobatics","floor":5},{"not_picked":["Dodge and Roll","Sucker Punch"],"picked":"A Thousand Cuts","floor":6},{"not_picked":["Dagger Spray","Sucker Punch"],"picked":"Outmaneuver","floor":10},{"not_picked":["Skewer","Terror"],"picked":"Quick Slash","floor":11},{"not_picked":["Poisoned Stab","Flechettes"],"picked":"Die Die Die","floor":13},{"not_picked":["Glass Knife","Adrenaline"],"picked":"Envenom","floor":16},{"not_picked":[],"picked":"Endless Agony+1","floor":18},{"not_picked":[],"picked":"Acrobatics","floor":19},{"not_picked":[],"picked":"Infinite Blades","floor":20},{"not_picked":["Dagger Spray"],"picked":"SKIP","floor":21},{"not_picked":[],"picked":"Predator","floor":22},{"not_picked":[],"picked":"Acrobatics+1","floor":23},{"not_picked":[],"picked":"Noxious Fumes","floor":27},{"not_picked":["Distraction"],"picked":"SKIP","floor":28},{"not_picked":["PiercingWail"],"picked":"SKIP","floor":30},{"not_picked":["Bane"],"picked":"SKIP","floor":31}],"player_experience":75462,"relics_obtained":[{"floor":6,"key":"Centennial Puzzle"},{"floor":9,"key":"Oddly Smooth Stone"},{"floor":10,"key":"Odd Mushroom"},{"floor":23,"key":"Bottled Flame"},{"floor":26,"key":"Vajra"},{"floor":28,"key":"Blood Vial"}],"event_choices":[{"event_name":"The Lab","player_choice":"Got Potions","floor":8,"damage_taken":0},{"event_name":"Mushrooms","player_choice":"Fought Mushrooms","floor":10,"damage_taken":0},{"event_name":"Golden Idol","player_choice":"Ignored","floor":14,"damage_taken":0},{"event_name":"Bonfire Elementals","player_choice":"BASIC","floor":25,"damage_taken":0}],"boss_relics":[{"not_picked":["Astrolabe","Snecko Eye"],"picked":"Busted Crown"}],"items_purged_floors":[12,29],"is_endless":false,"potions_floor_spawned":[4,6,11,13,18,19,23,30],"killed_by":"Collector","ascension_level":0}