{"gold_per_floor":[118,43,43,56,56,56,56,84,84,94,128,128,157,175,175,279,279,296,308,324,324,324,324,389,389,457,487,502,577,591,609,609,609],"floor_reached":33,"playtime":3341,"items_purged":["Strike_R"],"score":506,"play_id":"ff7b674e-29a3-42ff-b599-e04ab1fd4669","local_time":"20190108002717","is_ascension_mode":true,"campfire_choices":[{"data":"Anger","floor":6,"key":"SMITH"},{"floor":12,"key":"RECALL"},{"floor":15,"key":"REST"},{"floor":23,"key":"REST"},{"data":"Offering","floor":25,"key":"SMITH"},{"floor":32,"key":"REST"}],"neow_cost":"NONE","seed_source_timestamp":454316191203544,"circlet_count":0,"master_deck":["Strike_R","Strike_R","Strike_R","Defend_R","Defend_R","Defend_R","Bash+1","Cleave","Anger+1","Wild Strike","Dropkick","Twin Strike","Rage","Anger","Offering+1","Infernal Blade","Ghostly Armor","Sever Soul","Dark Embrace","Fire Breathing"],"relics":["Burning Blood","NeowsBlessing","Dead Branch","Pantograph","Bag of Preparation","Sozu","Smiling Mask","Tiny Chest","Meat on the Bone","Singing Bowl","Blue Candle"],"potions_floor_usage":[11,13,16],"damage_taken":[{"damage":0,"enemies":"Jaw Worm","floor":1,"turns":1},{"damage":0,"enemies":"2 Louse","floor":4,"turns":1},{"damage":0,"enemies":"Lagavulin","floor":8,"turns":1},{"damage":6,"enemies":"Cultist","floor":10,"turns":3},{"damage":0,"enemies":"Gremlin Nob","floor":11,"turns":2},{"damage":35,"enemies":"3 Sentries","floor":13,"turns":6},{"damage":10,"enemies":"Lots of Slimes","floor":14,"turns":2},{"damage":52,"enemies":"Hexaghost","floor":16,"turns":8},{"damage":13,"enemies":"Shell Parasite","floor":18,"turns":2},{"damage":6,"enemies":"2 Thieves","floor":19,"turns":2},{"damage":2,"enemies":"Centurion and Healer","floor":20,"turns":3},{"damage":10,"enemies":"Book of Stabbing","floor":24,"turns":3},{"damage":12,"enemies":"Gremlin Leader","floor":27,"turns":5},{"damage":13,"enemies":"Cultist and Chosen","floor":28,"turns":4},{"damage":9,"enemies":"Snecko","floor":30,"turns":3},{"damage":8,"enemies":"Sentry and Sphere","floor":31,"turns":4},{"damage":108,"enemies":"Collector","floor":33,"turns":6}],"seed_played":"-1727929396032010218","potions_obtained":[{"floor":4,"key":"Fire Potion"},{"floor":8,"key":"SneckoOil"},{"floor":13,"key":"Swift Potion"}],"is_trial":false,"path_per_floor":["M","$","?","M","?","R","?","E","T","M","E","R","E","M","R","B",null,"M","M","M","?","?","R","E","R","T","E","M","T","M","M","R","B"],"character_chosen":"IRONCLAD","items_purchased":[],"campfire_rested":3,"item_purchase_floors":[],"current_hp_per_floor":[80,80,80,80,73,73,73,79,79,79,80,80,51,47,71,34,69,62,62,66,66,51,76,72,72,72,66,61,61,60,58,84,0],"gold":609,"neow_bonus":"THREE_ENEMY_KILL","is_prod":false,"is_daily":false,"chose_seed":false,"campfire_upgraded":2,"win_rate":0,"timestamp":1546900037,"path_taken":["M","$","?","M","?","R","?","E","T","?","E","R","E","M","R","BOSS","M","?","M","?","?","R","E","R","T","E","M","?","M","M","R","BOSS"],"build_version":"2019-01-03v4","purchased_purges":1,"victory":false,"max_hp_per_floor":[80,80,80,80,80,80,80,80,80,80,80,80,80,80,80,80,80,80,80,80,80,85,85,85,85,85,85,87,87,89,89,89,89],"card_choices":[{"not_picked":["Evolve","Thunderclap"],"picked":"Cleave","floor":1},{"not_picked":["Hemokinesis","Thunderclap"],"picked":"Anger","floor":4},{"not_picked":["Second Wind","Havoc"],"picked":"Wild Strike","floor":8},{"not_picked":["Armaments","Perfected Strike"],"picked":"Dropkick","floor":10},{"not_picked":["Warcry","Perfected Strike"],"picked":"Twin Strike","floor":11},{"not_picked":["Intimidate","Armaments"],"picked":"Rage","floor":13},{"not_picked":["Rage","Feel No Pain"],"picked":"Anger","floor":14},{"not_picked":["Exhume","Brutality"],"picked":"Offering","floor":16},{"not_picked":["Clash","Inflame"],"picked":"Infernal Blade","floor":18},{"not_picked":["True Grit","Intimidate","Flex"],"picked":"SKIP","floor":19},{"not_picked":["Reckless Charge","Intimidate+1"],"picked":"Ghostly Armor","floor":20},{"not_picked":["Searing Blow","Shrug It Off"],"picked":"Sever Soul","floor":24},{"not_picked":["Intimidate","Evolve+1"],"picked":"Dark Embrace","floor":27},{"not_picked":["Armaments","Thunderclap","Carnage+1"],"picked":"Singing Bowl","floor":28},{"not_picked":["Clash","Wild Strike","Clothesline"],"picked":"Singing Bowl","floor":30},{"not_picked":["Clash","Flex"],"picked":"Fire Breathing","floor":31}],"player_experience":128465,"relics_obtained":[{"floor":8,"key":"Dead Branch"},{"floor":11,"key":"Pantograph"},{"floor":13,"key":"Bag of Preparation"},{"floor":24,"key":"Tiny Chest"},{"floor":26,"key":"Meat on the Bone"},{"floor":27,"key":"Singing Bowl"},{"floor":29,"key":"Blue Candle"}],"event_choices":[{"damage_healed":0,"gold_gain":0,"player_choice":"Grow","damage_taken":0,"max_hp_gain":0,"max_hp_loss":0,"event_name":"Living Wall","floor":3,"gold_loss":0,"cards_upgraded":["Bash"]},{"cards_removed":["Defend_R"],"damage_healed":0,"gold_gain":0,"player_choice":"Card Removal","damage_taken":7,"max_hp_gain":0,"max_hp_loss":0,"event_name":"Golden Wing","floor":5,"gold_loss":0},{"cards_removed":["Strike_R"],"damage_healed":0,"gold_gain":0,"player_choice":"Purged","damage_taken":0,"max_hp_gain":0,"max_hp_loss":0,"event_name":"Purifier","floor":7,"gold_loss":0},{"damage_healed":0,"gold_gain":0,"player_choice":"Opened","damage_taken":0,"relics_obtained":["Smiling Mask"],"max_hp_gain":0,"max_hp_loss":0,"event_name":"The Mausoleum","floor":21,"gold_loss":0},{"damage_healed":0,"gold_gain":0,"player_choice":"Shed Blood","damage_taken":20,"max_hp_gain":5,"max_hp_loss":0,"event_name":"Forgotten Altar","floor":22,"gold_loss":0}],"is_beta":false,"boss_relics":[{"not_picked":["Snecko Eye","Tiny House"],"picked":"Sozu"}],"items_purged_floors":[2],"is_endless":false,"potions_floor_spawned":[4,8,13,18,20,24,28],"killed_by":"Collector","ascension_level":5}