{"gold_per_floor":[114,130,145,159,4,36,36,111,111,123,139,158,171,271,271,367,367,384,401,19,118,168,168,196,196,271,291,251,251,311,331,331,331],"floor_reached":33,"playtime":1440,"items_purged":[],"score":303,"play_id":"adb793a2-5636-4bb3-8d42-40761dbd3d3a","local_time":"20181201124534","is_ascension_mode":true,"campfire_choices":[{"data":"Bash","floor":7,"key":"SMITH"},{"data":"Searing Blow+1","floor":15,"key":"SMITH"},{"data":"Searing Blow+2","floor":23,"key":"SMITH"},{"data":"Searing Blow+3","floor":25,"key":"SMITH"},{"floor":29,"key":"REST"},{"floor":32,"key":"REST"}],"neow_cost":"NONE","seed_source_timestamp":147628902039608,"circlet_count":0,"master_deck":["Strike_R","Strike_R","Strike_R","Strike_R","Strike_R","Defend_R","Defend_R","Defend_R","Defend_R","Bash+1","Headbutt","Thunderclap","Headbutt","Ghostly Armor","Cleave","Pommel Strike+1","Searing Blow+5","Iron Wave+1","Iron Wave+1","Uppercut+1","Armaments","Corruption","Warcry","Dark Embrace","Pommel Strike+1","Armaments","Sentinel","Battle Trance","Armaments","Headbutt+1","Exhume","Immolate+1","Evolve","Seeing Red+1"],"relics":["Burning Blood","Lantern","Molten Egg 2","Prayer Wheel","Philosopher\u0027s Stone","Mango","Bird Faced Urn","Gremlin Horn","Tiny Chest"],"potions_floor_usage":[16,16,16,24,30,33],"damage_taken":[{"damage":1,"enemies":"Cultist","floor":1,"turns":3},{"damage":2,"enemies":"Small Slimes","floor":2,"turns":4},{"damage":11,"enemies":"Jaw Worm","floor":3,"turns":2},{"damage":6,"enemies":"Red Slaver","floor":4,"turns":5},{"damage":25,"enemies":"3 Sentries","floor":6,"turns":8},{"damage":4,"enemies":"Exordium Wildlife","floor":10,"turns":3},{"damage":10,"enemies":"Exordium Thugs","floor":11,"turns":4},{"damage":0,"enemies":"Looter","floor":12,"turns":2},{"damage":0,"enemies":"2 Fungi Beasts","floor":13,"turns":3},{"damage":42,"enemies":"Hexaghost","floor":16,"turns":10},{"damage":27,"enemies":"3 Byrds","floor":18,"turns":5},{"damage":11,"enemies":"Spheric Guardian","floor":19,"turns":3},{"damage":42,"enemies":"Slavers","floor":24,"turns":7},{"damage":21,"enemies":"Centurion and Healer","floor":27,"turns":4},{"damage":26,"enemies":"Book of Stabbing","floor":30,"turns":4},{"damage":0,"enemies":"3 Cultists","floor":31,"turns":2},{"damage":71,"enemies":"Champ","floor":33,"turns":11}],"seed_played":"-1586332425116557999","potions_obtained":[{"floor":2,"key":"Energy Potion"},{"floor":6,"key":"Fire Potion"},{"floor":11,"key":"Swift Potion"},{"floor":27,"key":"LiquidBronze"},{"floor":31,"key":"EssenceOfSteel"}],"is_trial":false,"path_per_floor":["M","M","M","M","$","E","R","?","T","M","M","M","M","?","R","B",null,"M","M","$","?","?","R","E","R","T","M","?","R","E","M","R","B"],"character_chosen":"IRONCLAD","items_purchased":["Lantern","Mango","Armaments","Dexterity Potion"],"campfire_rested":2,"item_purchase_floors":[5,20,20,20],"current_hp_per_floor":[80,80,75,75,75,56,56,45,45,47,43,49,55,55,55,19,80,59,54,68,68,68,68,32,32,32,21,21,49,31,37,65,0],"gold":331,"neow_bonus":"THREE_CARDS","is_prod":false,"is_daily":false,"chose_seed":false,"campfire_upgraded":4,"win_rate":0,"timestamp":1543686334,"path_taken":["M","M","M","M","$","E","R","?","T","M","M","M","M","?","R","BOSS","M","M","$","?","?","R","E","R","T","?","?","R","E","M","R","BOSS"],"build_version":"2018-11-15","purchased_purges":0,"victory":false,"max_hp_per_floor":[80,80,80,80,80,80,80,80,80,80,80,80,80,80,80,80,80,80,80,94,94,94,94,94,94,94,94,94,94,94,94,94,94],"card_choices":[{"not_picked":["Shrug It Off","Wild Strike"],"picked":"Headbutt","floor":0},{"not_picked":["Inflame","Iron Wave"],"picked":"Thunderclap","floor":1},{"not_picked":["Power Through","Armaments"],"picked":"Headbutt","floor":2},{"not_picked":["Iron Wave","Body Slam"],"picked":"Ghostly Armor","floor":3},{"not_picked":["Flame Barrier","Sword Boomerang"],"picked":"Cleave","floor":4},{"not_picked":["Flex","Bloodletting"],"picked":"Pommel Strike","floor":6},{"not_picked":["Body Slam+1","Perfected Strike+1"],"picked":"Searing Blow+1","floor":10},{"not_picked":["Berserk","Clothesline+1"],"picked":"Iron Wave+1","floor":10},{"not_picked":["Body Slam+1","Sever Soul+1"],"picked":"Iron Wave+1","floor":11},{"not_picked":["Perfected Strike+1","Brutality","Iron Wave+1"],"picked":"SKIP","floor":11},{"not_picked":["Armaments","Iron Wave+1"],"picked":"Uppercut+1","floor":12},{"not_picked":["Twin Strike+1","Corruption"],"picked":"Armaments","floor":12},{"not_picked":["Reckless Charge+1","Hemokinesis+1"],"picked":"Corruption","floor":13},{"not_picked":["Havoc","Hemokinesis+1"],"picked":"Warcry","floor":13},{"not_picked":["Reaper+1","Barricade"],"picked":"Dark Embrace","floor":16},{"not_picked":["Perfected Strike+1","Seeing Red+1"],"picked":"Pommel Strike+1","floor":18},{"not_picked":["Heavy Blade+1","Perfected Strike+1"],"picked":"Armaments","floor":18},{"not_picked":["Sword Boomerang+1","Iron Wave+1"],"picked":"Sentinel","floor":19},{"not_picked":["True Grit","Warcry"],"picked":"Battle Trance","floor":19},{"not_picked":["Sword Boomerang+1","Warcry"],"picked":"Headbutt+1","floor":24},{"not_picked":["Thunderclap+1","Fire Breathing"],"picked":"Exhume","floor":27},{"not_picked":["Thunderclap+1","Body Slam+1","Heavy Blade+1"],"picked":"SKIP","floor":27},{"not_picked":["Iron Wave+1","Body Slam+1"],"picked":"Immolate+1","floor":30},{"not_picked":["Perfected Strike+1","Heavy Blade+1"],"picked":"Evolve","floor":31},{"not_picked":["Power Through+1","Clothesline+1"],"picked":"Seeing Red+1","floor":31}],"player_experience":260001,"relics_obtained":[{"floor":6,"key":"Molten Egg 2"},{"floor":9,"key":"Prayer Wheel"},{"floor":24,"key":"Bird Faced Urn"},{"floor":26,"key":"Gremlin Horn"},{"floor":30,"key":"Tiny Chest"}],"event_choices":[{"damage_healed":0,"gold_gain":75,"player_choice":"Gather Gold","damage_taken":11,"max_hp_gain":0,"max_hp_loss":0,"event_name":"World of Goop","floor":8,"gold_loss":0},{"damage_healed":0,"gold_gain":100,"player_choice":"Pray","damage_taken":0,"max_hp_gain":0,"max_hp_loss":0,"event_name":"Golden Shrine","floor":14,"gold_loss":0},{"damage_healed":0,"gold_gain":99,"player_choice":"Stole From Cult","damage_taken":0,"max_hp_gain":0,"max_hp_loss":0,"event_name":"Nest","floor":21,"gold_loss":0},{"damage_healed":0,"gold_gain":100,"player_choice":"Bet on Murderer","damage_taken":0,"max_hp_gain":0,"max_hp_loss":0,"event_name":"The Joust","floor":22,"gold_loss":50},{"damage_healed":0,"gold_gain":0,"player_choice":"Upgrade","damage_taken":0,"max_hp_gain":0,"max_hp_loss":0,"event_name":"Designer","floor":28,"gold_loss":40,"cards_upgraded":["Searing Blow"]}],"is_beta":false,"boss_relics":[{"not_picked":["Black Star","Velvet Choker"],"picked":"Philosopher\u0027s Stone"}],"items_purged_floors":[],"is_endless":false,"potions_floor_spawned":[2,6,11,13,27,31],"killed_by":"Champ","ascension_level":1}