{"gold_per_floor":[119,137,153,153,168,198,198,229,229,229,249,71,83,35,35,138,138,150,200,214,47,60,60,93,106,106,106,138,157,4,69,69,69],"floor_reached":33,"playtime":4358,"items_purged":["Defend_R","Strike_R"],"score":396,"play_id":"5008aa17-1cde-462b-89ae-1125742e35b4","local_time":"20190109002845","is_ascension_mode":true,"campfire_choices":[{"floor":7.0,"key":"REST"},{"data":"Bash","floor":10.0,"key":"SMITH"},{"floor":15.0,"key":"REST"},{"floor":23.0,"key":"REST"},{"floor":27.0,"key":"REST"},{"floor":32,"key":"REST"}],"neow_cost":"NONE","seed_source_timestamp":0,"circlet_count":0,"master_deck":["Strike_R","Strike_R","Defend_R","Defend_R","Bash+1","Spot Weakness","Armaments","Iron Wave+1","Heavy Blade","Warcry","Anger","Cleave+1","Power Through","Inflame","Shrug It Off","Impervious","Impervious+1","Warcry+1","Sword Boomerang+1","Infernal Blade+1","Clothesline+1","Body Slam","Shrug It Off","Reaper","Anger","Anger+1","Warcry+1","Anger+1"],"special_seed":0,"relics":["Burning Blood","NeowsBlessing","SsserpentHead","Shuriken","Centennial Puzzle","Nloth\u0027s Gift","Whetstone","Mercury Hourglass","Darkstone Periapt","Champion Belt"],"potions_floor_usage":[33,33,33],"damage_taken":[{"damage":0.0,"enemies":"2 Louse","floor":1.0,"turns":1.0},{"damage":0.0,"enemies":"Cultist","floor":2.0,"turns":1.0},{"damage":0.0,"enemies":"Small Slimes","floor":3.0,"turns":1.0},{"damage":6.0,"enemies":"Blue Slaver","floor":5.0,"turns":5.0},{"damage":40.0,"enemies":"Lagavulin","floor":6.0,"turns":8.0},{"damage":11.0,"enemies":"3 Sentries","floor":8.0,"turns":7.0},{"damage":19.0,"enemies":"Lots of Slimes","floor":11.0,"turns":5.0},{"damage":33.0,"enemies":"Slime Boss","floor":16.0,"turns":10.0},{"damage":10.0,"enemies":"Spheric Guardian","floor":18.0,"turns":6.0},{"damage":13.0,"enemies":"Chosen","floor":20.0,"turns":6.0},{"damage":46.0,"enemies":"Sentry and Sphere","floor":22.0,"turns":8.0},{"damage":38.0,"enemies":"Slavers","floor":24.0,"turns":8.0},{"damage":0.0,"enemies":"Cultist and Chosen","floor":25.0,"turns":4.0},{"damage":34.0,"enemies":"Book of Stabbing","floor":28.0,"turns":6.0},{"damage":0,"enemies":"Chosen and Byrds","floor":29,"turns":6},{"damage":15,"enemies":"Shelled Parasite and Fungi","floor":31,"turns":3},{"damage":76,"enemies":"Automaton","floor":33,"turns":8}],"seed_played":"8205437703331567424","potions_obtained":[{"floor":1.0,"key":"Explosive Potion"},{"floor":6.0,"key":"EssenceOfSteel"},{"floor":8.0,"key":"GamblersBrew"},{"floor":16.0,"key":"PowerPotion"},{"floor":20.0,"key":"BloodPotion"},{"floor":24.0,"key":"EssenceOfSteel"},{"floor":25.0,"key":"LiquidBronze"}],"is_trial":false,"path_per_floor":["M","M","M","?","M","E","R","E","T","R","M","$","?","$","R","B",null,"M","?","M","$","M","R","E","M","T","R","E","M","$","M","R","B"],"character_chosen":"IRONCLAD","items_purchased":["Cleave","Power Through","Inflame","Shrug It Off","Body Slam","Whetstone","Block Potion","Block Potion"],"campfire_rested":5,"item_purchase_floors":[12,12,12,14,21,21,30,30],"current_hp_per_floor":[80,80,80,80,80,46,70,65,65,65,52,52,52,52,76,49,72,68,68,61,61,29,53,21,27,27,51,31,47,47,38,62,0],"gold":69,"neow_bonus":"THREE_ENEMY_KILL","is_prod":false,"is_daily":false,"chose_seed":false,"campfire_upgraded":1,"win_rate":0,"timestamp":1546986525,"path_taken":["M","M","M","?","M","E","R","E","T","R","M","?","?","$","R","BOSS","M","?","M","$","M","R","E","M","T","R","E","M","?","?","R","BOSS"],"build_version":"2019-01-03v4","purchased_purges":2,"victory":false,"max_hp_per_floor":[80,80,80,80,80,80,80,80,80,80,80,80,80,80,80,80,80,80,80,80,80,80,80,80,80,80,80,80,80,80,80,80,80],"card_choices":[{"not_picked":["Rage","Clothesline"],"picked":"Spot Weakness","floor":1.0},{"not_picked":["Havoc","Headbutt"],"picked":"Armaments","floor":2.0},{"not_picked":["Armaments","Thunderclap"],"picked":"Iron Wave","floor":3.0},{"not_picked":["Sever Soul","Shrug It Off"],"picked":"Heavy Blade","floor":5.0},{"not_picked":["Clash","Havoc"],"picked":"Warcry","floor":6.0},{"not_picked":["Bloodletting","Dropkick","Juggernaut"],"picked":"SKIP","floor":8.0},{"not_picked":["Headbutt","Evolve"],"picked":"Anger","floor":11.0},{"not_picked":["Bludgeon","Demon Form"],"picked":"Impervious","floor":16.0},{"not_picked":["Iron Wave","Searing Blow"],"picked":"Infernal Blade+1","floor":18.0},{"not_picked":["Havoc","Twin Strike"],"picked":"Clothesline+1","floor":20.0},{"not_picked":["Heavy Blade","Dark Embrace"],"picked":"Shrug It Off","floor":22.0},{"not_picked":["Limit Break","Anger"],"picked":"Reaper","floor":24.0},{"not_picked":["Twin Strike","Burning Pact+1"],"picked":"Anger","floor":25.0},{"not_picked":["Fiend Fire","Feed"],"picked":"Anger+1","floor":28},{"not_picked":["Rage","Clothesline"],"picked":"Warcry+1","floor":29},{"not_picked":["Dropkick+1","Warcry"],"picked":"Anger+1","floor":31}],"player_experience":144086,"relics_obtained":[{"floor":6.0,"key":"Shuriken"},{"floor":8.0,"key":"Centennial Puzzle"},{"floor":24.0,"key":"Mercury Hourglass"},{"floor":26.0,"key":"Darkstone Periapt"},{"floor":28,"key":"Champion Belt"}],"event_choices":[{"damage_healed":0.0,"max_hp_gain":0.0,"max_hp_loss":0.0,"gold_gain":0.0,"event_name":"FaceTrader","player_choice":"Trade","floor":4.0,"gold_loss":0.0,"damage_taken":0.0,"relics_obtained":["SsserpentHead"]},{"damage_healed":0.0,"max_hp_gain":0.0,"max_hp_loss":0.0,"gold_gain":0.0,"event_name":"World of Goop","player_choice":"Left Gold","floor":13.0,"gold_loss":38.0,"damage_taken":0.0},{"damage_healed":0.0,"max_hp_gain":0.0,"max_hp_loss":0.0,"gold_gain":0.0,"event_name":"N\u0027loth","player_choice":"Traded Relic","floor":19.0,"relics_lost":["Astrolabe"],"gold_loss":0.0,"damage_taken":0.0,"relics_obtained":["Nloth\u0027s Gift"]}],"is_beta":false,"boss_relics":[{"not_picked":["Black Blood","Lizard Tail"],"picked":"Astrolabe"}],"items_purged_floors":[12,30],"is_endless":false,"potions_floor_spawned":[1,6,8,16,20,24,25],"killed_by":"Automaton","ascension_level":5}