{"gold_per_floor":[117,117,117,132,144,144,176,176,176,176,189,139,139,156,156,252,252,263,263,263,276,48,48,65,65,121,121,121,139,166,179,179,281,281,291,309,325,325,340,340,340,40,40,57,74,74,109,120,120,120],"floor_reached":50,"playtime":1562,"items_purged":["Strike_B","Defend_B"],"score":494,"play_id":"666ce3e8-8a4b-450b-8f9f-8fcbca36bcf9","local_time":"20190519132748","is_ascension_mode":false,"campfire_choices":[{"data":"Dualcast","floor":6.0,"key":"SMITH"},{"data":"Barrage","floor":8.0,"key":"SMITH"},{"data":"Sweeping Beam","floor":10.0,"key":"SMITH"},{"floor":13.0,"key":"REST"},{"data":"Sweeping Beam","floor":15.0,"key":"SMITH"},{"data":"Steam Power","floor":23.0,"key":"SMITH"},{"data":"Defragment","floor":27.0,"key":"SMITH"},{"data":"White Noise","floor":32.0,"key":"SMITH"},{"data":"Madness","floor":40.0,"key":"SMITH"},{"data":"Madness","floor":49,"key":"SMITH"}],"neow_cost":"NONE","seed_source_timestamp":305664166520794,"circlet_count":0,"master_deck":["Strike_B","Defend_B","Defend_B","Defend_B","Zap+1","Dualcast+1","Steam Power+1","Sweeping Beam+1","Barrage+1","Conserve Battery","Rebound","Core Surge","Defragment+1","Defragment+1","FTL+1","Beam Cell+1","White Noise+1","Electrodynamics","Conserve Battery+1","Lockon+1","Madness+1","Madness+1","Ball Lightning+1","Consume+1","Defragment","Compile Driver+1"],"special_seed":0,"relics":["FrozenCore","NeowsBlessing","Matryoshka","Art of War","Letter Opener","Sozu","Enchiridion","Pear","Anchor","Omamori","Symbiotic Virus","Tiny Chest","Bag of Preparation","Medical Kit","Bird Faced Urn","Gremlin Horn"],"potions_floor_usage":[],"damage_taken":[{"damage":0.0,"enemies":"2 Louse","floor":1.0,"turns":1.0},{"damage":0.0,"enemies":"Jaw Worm","floor":4.0,"turns":1.0},{"damage":0.0,"enemies":"Small Slimes","floor":5.0,"turns":1.0},{"damage":36.0,"enemies":"Lagavulin","floor":7.0,"turns":5.0},{"damage":7.0,"enemies":"Exordium Wildlife","floor":11.0,"turns":2.0},{"damage":2.0,"enemies":"Blue Slaver","floor":14.0,"turns":2.0},{"damage":19.0,"enemies":"Slime Boss","floor":16.0,"turns":7.0},{"damage":7.0,"enemies":"Shell Parasite","floor":18.0,"turns":3.0},{"damage":0.0,"enemies":"Chosen","floor":21.0,"turns":2.0},{"damage":1.0,"enemies":"Snake Plant","floor":24.0,"turns":3.0},{"damage":5.0,"enemies":"3 Cultists","floor":29.0,"turns":3.0},{"damage":8.0,"enemies":"Book of Stabbing","floor":30.0,"turns":3.0},{"damage":0.0,"enemies":"Centurion and Healer","floor":31.0,"turns":3.0},{"damage":20.0,"enemies":"Automaton","floor":33.0,"turns":6.0},{"damage":0.0,"enemies":"Orb Walker","floor":35.0,"turns":2.0},{"damage":2.0,"enemies":"3 Darklings","floor":36.0,"turns":3.0},{"damage":27.0,"enemies":"Writhing Mass","floor":37.0,"turns":4.0},{"damage":0.0,"enemies":"Transient","floor":39.0,"turns":5.0},{"damage":0.0,"enemies":"Jaw Worm Horde","floor":44.0,"turns":2.0},{"damage":1.0,"enemies":"3 Darklings","floor":45.0,"turns":9.0},{"damage":31.0,"enemies":"Giant Head","floor":47.0,"turns":8.0},{"damage":0,"enemies":"Sphere and 2 Shapes","floor":48,"turns":4},{"damage":60,"enemies":"Time Eater","floor":50,"turns":6}],"seed_played":"-4493380390044069470","potions_obtained":[{"floor":1.0,"key":"Swift Potion"},{"floor":14.0,"key":"LiquidBronze"}],"is_trial":false,"path_per_floor":["M","?","?","M","M","R","E","R","T","R","M","?","R","M","R","B",null,"M","?","T","M","$","R","M","?","T","R","?","M","E","M","R","B",null,"M","M","M","?","M","R","?","$","T","M","M","?","E","M","R","B"],"character_chosen":"DEFECT","items_purchased":["Omamori","Medical Kit"],"campfire_rested":1,"item_purchase_floors":[22,42],"current_hp_per_floor":[75,68,68,68,68,68,32,32,32,32,25,25,47,45,45,26,75,68,52,62,62,62,62,61,61,61,61,61,56,48,48,48,28,85,85,83,56,45,45,45,45,45,45,53,76,76,54,60,60,12],"gold":120,"neow_bonus":"THREE_ENEMY_KILL","is_prod":false,"is_daily":false,"chose_seed":false,"campfire_upgraded":9,"win_rate":0,"timestamp":1558240068,"path_taken":["M","?","?","M","?","R","E","R","T","R","M","?","R","M","R","BOSS","M","?","?","M","?","R","M","?","T","R","?","M","E","?","R","BOSS","M","M","M","?","M","R","?","$","T","?","M","?","E","M","R","BOSS"],"build_version":"2019-01-23","purchased_purges":2,"victory":false,"max_hp_per_floor":[75,75,75,75,75,75,75,75,75,75,75,75,75,75,75,75,75,75,75,85,85,85,85,85,85,85,85,85,85,85,85,85,85,85,85,85,85,85,85,85,85,85,85,85,85,85,85,85,85,85],"card_choices":[{"not_picked":["Redo","Turbo"],"picked":"Steam Power","floor":1.0},{"not_picked":["Chill","Hologram"],"picked":"Sweeping Beam","floor":4.0},{"not_picked":["Steam Power","Coolheaded"],"picked":"Barrage","floor":5.0},{"not_picked":["Turbo","Force Field"],"picked":"Sweeping Beam","floor":7.0},{"not_picked":["Streamline","Sweeping Beam"],"picked":"Conserve Battery","floor":11.0},{"not_picked":["Genetic Algorithm","Buffer"],"picked":"Rebound","floor":14.0},{"not_picked":["Multi-Cast","Echo Form"],"picked":"Core Surge","floor":16.0},{"not_picked":["Sweeping Beam","Steam+1"],"picked":"Defragment+1","floor":18.0},{"not_picked":["Recycle","Rebound+1","Barrage"],"picked":"SKIP","floor":21.0},{"not_picked":["FTL","Sweeping Beam"],"picked":"Defragment","floor":24.0},{"not_picked":["Go for the Eyes","Doom and Gloom"],"picked":"FTL","floor":29.0},{"not_picked":["Streamline","Double Energy"],"picked":"Beam Cell+1","floor":30.0},{"not_picked":["Reprogram","Rebound"],"picked":"White Noise","floor":31.0},{"not_picked":["Echo Form","Core Surge"],"picked":"Electrodynamics","floor":33.0},{"not_picked":["Stack+1","Coolheaded","Sweeping Beam+1"],"picked":"SKIP","floor":35.0},{"not_picked":["Turbo+1","Hello World"],"picked":"Conserve Battery+1","floor":36.0},{"not_picked":["Double Energy","Leap"],"picked":"Lockon+1","floor":37.0},{"not_picked":["Steam Power+1","Hologram"],"picked":"Ball Lightning+1","floor":39.0},{"not_picked":["Hologram","Go for the Eyes+1"],"picked":"Consume+1","floor":44.0},{"not_picked":["Gash","Conserve Battery","All For One"],"picked":"SKIP","floor":45.0},{"not_picked":["Gash+1","Hello World"],"picked":"Defragment","floor":47.0},{"not_picked":["Streamline","Self Repair"],"picked":"Compile Driver+1","floor":48}],"player_experience":390678,"relics_obtained":[{"floor":7.0,"key":"Matryoshka"},{"floor":9.0,"key":"Art of War"},{"floor":9.0,"key":"Letter Opener"},{"floor":19.0,"key":"Enchiridion"},{"floor":20.0,"key":"Pear"},{"floor":20.0,"key":"Anchor"},{"floor":26.0,"key":"Tiny Chest"},{"floor":30.0,"key":"Bag of Preparation"},{"floor":43.0,"key":"Bird Faced Urn"},{"floor":47.0,"key":"Gremlin Horn"}],"event_choices":[{"cards_removed":["Strike_B"],"damage_healed":0.0,"max_hp_gain":0.0,"max_hp_loss":0.0,"gold_gain":0.0,"event_name":"Golden Wing","player_choice":"Card Removal","floor":2.0,"gold_loss":0.0,"damage_taken":7.0},{"damage_healed":0.0,"max_hp_gain":0.0,"max_hp_loss":0.0,"gold_gain":0.0,"event_name":"Living Wall","player_choice":"Grow","floor":3.0,"gold_loss":0.0,"damage_taken":0.0,"cards_upgraded":["Zap"]},{"cards_removed":["Strike_B"],"damage_healed":0.0,"max_hp_gain":0.0,"max_hp_loss":0.0,"gold_gain":0.0,"event_name":"The Cleric","player_choice":"Card Removal","floor":12.0,"gold_loss":50.0,"damage_taken":0.0},{"damage_healed":0.0,"max_hp_gain":0.0,"max_hp_loss":0.0,"gold_gain":0.0,"event_name":"Cursed Tome","player_choice":"Obtained Book","floor":19.0,"gold_loss":0.0,"damage_taken":16.0},{"damage_healed":0.0,"max_hp_gain":0.0,"max_hp_loss":0.0,"gold_gain":0.0,"event_name":"The Mausoleum","player_choice":"Opened","floor":25.0,"gold_loss":0.0,"damage_taken":0.0,"relics_obtained":["Symbiotic Virus"]},{"damage_healed":0.0,"max_hp_gain":0.0,"max_hp_loss":0.0,"gold_gain":0.0,"event_name":"NoteForYourself","player_choice":"Ignored","floor":28.0,"gold_loss":0.0,"damage_taken":0.0},{"damage_healed":0.0,"max_hp_gain":0.0,"max_hp_loss":0.0,"gold_gain":0.0,"event_name":"Winding Halls","player_choice":"Embrace Madness","floor":38.0,"gold_loss":0.0,"damage_taken":11.0,"cards_obtained":["Madness","Madness"]},{"damage_healed":0.0,"max_hp_gain":0.0,"max_hp_loss":0.0,"gold_gain":0.0,"event_name":"Upgrade Shrine","player_choice":"Upgraded","floor":41.0,"gold_loss":0.0,"damage_taken":0.0,"cards_upgraded":["FTL"]},{"cards_removed":["Sweeping Beam"],"damage_healed":0.0,"max_hp_gain":0.0,"max_hp_loss":0.0,"gold_gain":0.0,"event_name":"Falling","player_choice":"Removed Attack","floor":46.0,"gold_loss":0.0,"damage_taken":0.0}],"is_beta":false,"boss_relics":[{"not_picked":["Astrolabe","Runic Dome"],"picked":"Sozu"},{"not_picked":["Fusion Hammer","Eternal Feather"],"picked":"FrozenCore"}],"items_purged_floors":[22,42],"is_endless":false,"potions_floor_spawned":[1,14,24,30,33,36,39,44,47,48],"killed_by":"Time Eater","ascension_level":0}