{"gold_per_floor":[118,43,62,27,42,42,61,61,61,84,95,95,127,146,146,222,222,238,163,213,191,191,191,191],"floor_reached":24,"playtime":1882,"items_purged":["Strike_R"],"score":363,"play_id":"9969d57b-ca9e-477c-91aa-22c16413cd1b","local_time":"20190210215257","is_ascension_mode":true,"campfire_choices":[{"data":"Clothesline","floor":6,"key":"SMITH"},{"data":"Shrug It Off","floor":8,"key":"SMITH"},{"data":"True Grit","floor":12,"key":"SMITH"},{"floor":15,"key":"REST"},{"floor":23,"key":"REST"}],"neow_cost":"PERCENT_DAMAGE","seed_source_timestamp":337623062362861,"circlet_count":0,"master_deck":["AscendersBane","Strike_R","Defend_R","Defend_R","Defend_R","Bash","Clothesline+1","Flex","Warcry","Shrug It Off+1","True Grit+1","Cleave","Shrug It Off","Reaper","Juggernaut+1","Juggernaut+1","Pummel+1","Havoc+1","Pommel Strike+1","Bash","Spot Weakness"],"relics":["Burning Blood","Incense Burner","PreservedInsect","Gambling Chip","Astrolabe"],"potions_floor_usage":[3,13,14,16],"damage_taken":[{"damage":7,"enemies":"Cultist","floor":1,"turns":4},{"damage":4,"enemies":"Jaw Worm","floor":3,"turns":5},{"damage":1,"enemies":"Small Slimes","floor":5,"turns":3},{"damage":19,"enemies":"Exordium Wildlife","floor":7,"turns":5},{"damage":4,"enemies":"Looter","floor":11,"turns":4},{"damage":22,"enemies":"3 Sentries","floor":13,"turns":15},{"damage":5,"enemies":"Gremlin Gang","floor":14,"turns":5},{"damage":57,"enemies":"The Guardian","floor":16,"turns":19},{"damage":19,"enemies":"Spheric Guardian","floor":18,"turns":7},{"damage":25,"enemies":"2 Thieves","floor":21,"turns":4},{"damage":102,"enemies":"Gremlin Leader","floor":24,"turns":8}],"seed_played":"5103427409414732504","potions_obtained":[{"floor":1,"key":"Regen Potion"},{"floor":5,"key":"Poison Potion"},{"floor":13,"key":"SteroidPotion"},{"floor":14,"key":"AttackPotion"},{"floor":21,"key":"FearPotion"}],"is_trial":false,"path_per_floor":["M","$","M","?","M","R","M","R","T","T","M","R","E","M","R","B",null,"M","?","?","M","?","R","E"],"character_chosen":"IRONCLAD","items_purchased":[],"campfire_rested":2,"item_purchase_floors":[],"current_hp_per_floor":[63,63,77,89,89,89,76,76,76,76,78,78,62,63,89,38,76,63,63,63,44,44,70,0],"gold":191,"neow_bonus":"TWENTY_PERCENT_HP_BONUS","is_prod":false,"is_daily":false,"chose_seed":false,"campfire_upgraded":3,"win_rate":0,"timestamp":1549828377,"path_taken":["M","$","?","?","M","R","M","R","T","?","?","R","E","?","R","BOSS","M","?","?","M","?","R","E"],"build_version":"2019-01-23","purchased_purges":1,"victory":false,"max_hp_per_floor":[89,89,89,89,89,89,89,89,89,89,89,89,89,89,89,89,89,89,89,89,89,89,89,89],"card_choices":[{"not_picked":["Seeing Red","Clash"],"picked":"Clothesline","floor":1},{"not_picked":["Corruption","Anger"],"picked":"Flex","floor":3},{"not_picked":["Clothesline","Flex"],"picked":"Warcry","floor":5},{"not_picked":["Heavy Blade","Pommel Strike"],"picked":"Shrug It Off","floor":7},{"not_picked":["Havoc","Intimidate"],"picked":"True Grit","floor":11},{"not_picked":["Entrench","Body Slam"],"picked":"Cleave","floor":13},{"not_picked":["Pommel Strike","Sword Boomerang"],"picked":"Shrug It Off","floor":14},{"not_picked":["Impervious","Offering"],"picked":"Reaper","floor":16},{"not_picked":["Dual Wield","Intimidate"],"picked":"Havoc+1","floor":18},{"not_picked":["Perfected Strike","Hemokinesis"],"picked":"Pommel Strike+1","floor":21}],"player_experience":572942,"relics_obtained":[{"floor":9,"key":"Incense Burner"},{"floor":10,"key":"PreservedInsect"},{"floor":13,"key":"Gambling Chip"}],"event_choices":[{"damage_healed":22,"gold_gain":0,"player_choice":"Healed","damage_taken":0,"max_hp_gain":0,"max_hp_loss":0,"event_name":"The Cleric","floor":4,"gold_loss":35},{"cards_removed":["Strike_R"],"damage_healed":0,"gold_gain":0,"player_choice":"Gave Gold","damage_taken":0,"max_hp_gain":0,"max_hp_loss":0,"event_name":"Beggar","floor":19,"gold_loss":75},{"damage_healed":0,"gold_gain":50,"player_choice":"Stole From Cult","damage_taken":0,"max_hp_gain":0,"max_hp_loss":0,"event_name":"Nest","floor":20,"gold_loss":0},{"damage_healed":0,"gold_gain":0,"player_choice":"2 cards matched","damage_taken":0,"max_hp_gain":0,"max_hp_loss":0,"event_name":"Match and Keep!","floor":22,"gold_loss":0,"cards_obtained":["Bash","Spot Weakness"]}],"is_beta":false,"boss_relics":[{"not_picked":["Calling Bell","Cursed Key"],"picked":"Astrolabe"}],"items_purged_floors":[2],"is_endless":false,"potions_floor_spawned":[1,5,13,14,21],"killed_by":"Gremlin Leader","ascension_level":17}