{"gold_per_floor":[109,109,24,35,45,45,77,77,131,131,157,157,171,236,236,236],"floor_reached":16,"playtime":1529,"items_purged":[],"score":194,"play_id":"722a1b35-5fc7-4eda-850b-5bd94ef8fcff","local_time":"20190310095257","is_ascension_mode":true,"campfire_choices":[{"floor":6.0,"key":"REST"},{"floor":8.0,"key":"REST"},{"data":"Buffer","floor":10.0,"key":"SMITH"},{"data":"Reinforced Body","floor":15,"key":"SMITH"}],"neow_cost":"TEN_PERCENT_HP_LOSS","seed_source_timestamp":721007294120452,"circlet_count":0,"master_deck":["AscendersBane","Strike_B+1","Strike_B","Defend_B","Defend_B","Defend_B","Defend_B","Zap","Dualcast","Echo Form+1","Hologram","Chill","Glacier","Reinforced Body+1","Buffer+1","Ball Lightning"],"special_seed":0,"relics":["Cracked Core","Blood Vial","Dream Catcher","Potion Belt","Tiny Chest"],"potions_floor_usage":[16],"damage_taken":[{"damage":5.0,"enemies":"Jaw Worm","floor":1.0,"turns":4.0},{"damage":6.0,"enemies":"Small Slimes","floor":4.0,"turns":4.0},{"damage":0.0,"enemies":"2 Louse","floor":5.0,"turns":3.0},{"damage":17.0,"enemies":"Lagavulin","floor":7.0,"turns":8.0},{"damage":0,"enemies":"Large Slime","floor":13,"turns":8},{"damage":4,"enemies":"3 Sentries","floor":14,"turns":10},{"damage":57,"enemies":"Hexaghost","floor":16,"turns":17}],"seed_played":"-6645570029343934888","potions_obtained":[{"floor":1.0,"key":"Strength Potion"},{"floor":5.0,"key":"Swift Potion"}],"is_trial":false,"path_per_floor":["M","?","$","M","M","R","E","R","T","R","T","?","M","E","R","B"],"character_chosen":"DEFECT","items_purchased":["Glacier"],"campfire_rested":2,"item_purchase_floors":[3],"current_hp_per_floor":[59,40,40,34,34,53,36,55,55,55,55,55,57,55,55,0],"gold":236,"neow_bonus":"TRANSFORM_TWO_CARDS","is_prod":false,"is_daily":false,"chose_seed":false,"campfire_upgraded":2,"win_rate":0,"timestamp":1552204377,"path_taken":["M","?","$","M","M","R","E","R","T","R","?","?","M","E","R","BOSS"],"build_version":"2019-01-23","purchased_purges":0,"victory":false,"max_hp_per_floor":[64,64,64,64,64,64,64,64,64,64,64,64,64,64,64,64],"card_choices":[{"not_picked":["Sweeping Beam","Turbo"],"picked":"Chill","floor":1.0},{"not_picked":["Compile Driver","Recycle","Coolheaded"],"picked":"SKIP","floor":4.0},{"not_picked":["Cold Snap","Thunder Strike"],"picked":"Reinforced Body","floor":5.0},{"not_picked":["Go for the Eyes","Sweeping Beam"],"picked":"Buffer","floor":7.0},{"not_picked":["Rebound","Barrage","Hologram"],"picked":"SKIP","floor":13},{"not_picked":["Chaos","Hello World"],"picked":"Ball Lightning","floor":14}],"player_experience":740494,"relics_obtained":[{"floor":7.0,"key":"Blood Vial"},{"floor":9.0,"key":"Dream Catcher"},{"floor":11.0,"key":"Potion Belt"},{"floor":14,"key":"Tiny Chest"}],"event_choices":[{"damage_healed":0.0,"max_hp_gain":0.0,"max_hp_loss":0.0,"gold_gain":0.0,"event_name":"Shining Light","player_choice":"Entered Light","floor":2.0,"gold_loss":0.0,"damage_taken":19.0,"cards_upgraded":["Strike_B","Echo Form"]},{"damage_healed":0,"gold_gain":0,"player_choice":"Fled","damage_taken":0,"max_hp_gain":0,"max_hp_loss":0,"event_name":"Scrap Ooze","floor":12,"gold_loss":0}],"is_beta":false,"boss_relics":[],"items_purged_floors":[],"is_endless":false,"potions_floor_spawned":[1,5],"killed_by":"Hexaghost","ascension_level":16}