{"gold_per_floor":[111,129,129,129,129,129,173,189,242,18,42,42,42,75,75,194,194,218,241,241,266,286,324,324,67,67,67,67,88,88,104,104,104],"floor_reached":33,"playtime":3380,"items_purged":["Defend_R","Defend_R"],"score":400,"play_id":"e6613750-ba1f-4926-9f45-f82ca890be81","local_time":"20190108173229","is_ascension_mode":true,"campfire_choices":[{"data":"Bash","floor":6,"key":"SMITH"},{"floor":13,"key":"REST"},{"floor":15,"key":"REST"},{"data":"Demon Form","floor":24,"key":"SMITH"},{"data":"Double Tap","floor":27,"key":"SMITH"},{"data":"Shockwave","floor":30,"key":"SMITH"},{"data":"Pommel Strike","floor":32,"key":"SMITH"}],"neow_cost":"NONE","seed_source_timestamp":515793154218696,"circlet_count":0,"master_deck":["Defend_R","Bash+1","Double Tap+1","Shrug It Off+1","Shockwave+1","Wild Strike","Pommel Strike+1","Cleave+1","Pommel Strike+1","Demon Form+1","Cleave+1","Bite+1","Bite","Bite","Bite","Bite","Anger+1","Shame","Pommel Strike+1"],"relics":["Burning Blood","Golden Idol","Bag of Preparation","PreservedInsect","Self Forming Clay","Busted Crown","Pen Nib","Whetstone","Singing Bowl","Vajra"],"potions_floor_usage":[8,14,14,18,22,33],"damage_taken":[{"damage":0,"enemies":"Small Slimes","floor":1,"turns":4},{"damage":6,"enemies":"2 Louse","floor":2,"turns":3},{"damage":29,"enemies":"Gremlin Nob","floor":7,"turns":4},{"damage":1,"enemies":"Jaw Worm","floor":8,"turns":3},{"damage":3,"enemies":"Gremlin Gang","floor":11,"turns":5},{"damage":0,"enemies":"3 Sentries","floor":14,"turns":2},{"damage":43,"enemies":"The Guardian","floor":16,"turns":12},{"damage":11,"enemies":"2 Thieves","floor":18,"turns":2},{"damage":0,"enemies":"3 Byrds","floor":19,"turns":3},{"damage":7,"enemies":"3 Cultists","floor":21,"turns":4},{"damage":19,"enemies":"Snake Plant","floor":22,"turns":3},{"damage":15,"enemies":"Gremlin Leader","floor":23,"turns":5},{"damage":3,"enemies":"Sentry and Sphere","floor":29,"turns":3},{"damage":13,"enemies":"Snecko","floor":31,"turns":3},{"damage":83,"enemies":"Automaton","floor":33,"turns":6}],"seed_played":"3563731108559296492","potions_obtained":[{"floor":1,"key":"Swift Potion"},{"floor":7,"key":"SkillPotion"},{"floor":8,"key":"Swift Potion"},{"floor":16,"key":"SteroidPotion"},{"floor":19,"key":"Poison Potion"},{"floor":23,"key":"BloodPotion"}],"is_trial":false,"path_per_floor":["M","M","?","?","?","R","E","M","T","$","M","?","R","E","R","B",null,"M","M","?","M","M","E","R","$","T","R","?","M","R","M","R","B"],"character_chosen":"IRONCLAD","items_purchased":["PreservedInsect","Whetstone"],"campfire_rested":2,"item_purchase_floors":[10,25],"current_hp_per_floor":[80,80,80,60,53,53,30,35,35,35,38,22,46,52,76,39,70,65,71,56,56,47,52,52,52,52,52,52,58,58,53,53,0],"gold":104,"neow_bonus":"ONE_RANDOM_RARE_CARD","is_prod":false,"is_daily":false,"chose_seed":false,"campfire_upgraded":5,"win_rate":0,"timestamp":1546961549,"path_taken":["M","M","?","?","?","R","E","M","T","?","?","?","R","E","R","BOSS","M","M","?","M","M","E","R","$","T","R","?","M","R","M","R","BOSS"],"build_version":"2019-01-03v4","purchased_purges":2,"victory":false,"max_hp_per_floor":[80,80,80,80,80,80,80,80,80,80,80,80,80,80,80,80,80,80,80,56,56,56,56,56,56,56,56,56,58,58,58,58,58],"card_choices":[{"not_picked":["Battle Trance","Pummel"],"picked":"Shrug It Off","floor":1},{"not_picked":["Heavy Blade","Metallicize"],"picked":"Shockwave","floor":2},{"not_picked":["Power Through","Evolve"],"picked":"Pommel Strike","floor":7},{"not_picked":["Twin Strike","Corruption","Warcry"],"picked":"SKIP","floor":8},{"not_picked":["Armaments","True Grit"],"picked":"Cleave","floor":11},{"not_picked":["Bloodletting","Shockwave"],"picked":"Pommel Strike","floor":14},{"not_picked":["Dark Embrace","Exhume"],"picked":"Demon Form","floor":16},{"not_picked":[],"picked":"Cleave+1","floor":18},{"not_picked":["Warcry"],"picked":"SKIP","floor":19},{"not_picked":["Perfected Strike"],"picked":"SKIP","floor":21},{"not_picked":[],"picked":"Anger+1","floor":22},{"not_picked":["Shrug It Off"],"picked":"SKIP","floor":23},{"not_picked":["Burning Pact"],"picked":"Singing Bowl","floor":29},{"not_picked":[],"picked":"Pommel Strike+1","floor":31}],"player_experience":138537,"relics_obtained":[{"floor":7,"key":"Bag of Preparation"},{"floor":14,"key":"Self Forming Clay"},{"floor":23,"key":"Pen Nib"},{"floor":26,"key":"Singing Bowl"}],"event_choices":[{"damage_healed":0,"gold_gain":0,"cards_transformed":["Defend_R"],"player_choice":"Change","damage_taken":0,"max_hp_gain":0,"max_hp_loss":0,"event_name":"Living Wall","floor":3,"gold_loss":0,"cards_obtained":["Wild Strike"]},{"damage_healed":0,"gold_gain":0,"player_choice":"Take Damage","damage_taken":20,"relics_obtained":["Golden Idol"],"max_hp_gain":0,"max_hp_loss":0,"event_name":"Golden Idol","floor":4,"gold_loss":0},{"cards_removed":["Strike_R"],"damage_healed":0,"gold_gain":0,"player_choice":"Card Removal","damage_taken":7,"max_hp_gain":0,"max_hp_loss":0,"event_name":"Golden Wing","floor":5,"gold_loss":0},{"damage_healed":0,"gold_gain":0,"player_choice":"Entered Light","damage_taken":16,"max_hp_gain":0,"max_hp_loss":0,"event_name":"Shining Light","floor":12,"gold_loss":0,"cards_upgraded":["Cleave","Shrug It Off"]},{"damage_healed":0,"gold_gain":0,"player_choice":"Became a vampire","damage_taken":0,"max_hp_gain":0,"max_hp_loss":24,"event_name":"Vampires","floor":20,"gold_loss":0,"cards_obtained":["Bite","Bite","Bite","Bite","Bite"]},{"damage_healed":0,"gold_gain":0,"player_choice":"Stole Relic","damage_taken":0,"relics_obtained":["Vajra"],"max_hp_gain":0,"max_hp_loss":0,"event_name":"Addict","floor":28,"gold_loss":0,"cards_obtained":["Shame"]}],"is_beta":false,"boss_relics":[{"not_picked":["Coffee Dripper","White Beast Statue"],"picked":"Busted Crown"}],"items_purged_floors":[10,25],"is_endless":false,"potions_floor_spawned":[1,7,8,16,19,23],"killed_by":"Automaton","ascension_level":5}