{"gold_per_floor":[13,23,23,23,23,23,43,143,166,182,193,193,268,128,128,231,231,251,153,170,170,170],"floor_reached":22,"playtime":551,"items_purged":["Defend_R","Defend_R"],"score":174,"play_id":"1a9988ff-df2f-41d2-a741-d743775aadf5","local_time":"20190310225436","is_ascension_mode":false,"campfire_choices":[{"data":"Bash","floor":6,"key":"SMITH"},{"data":"Clash","floor":12,"key":"SMITH"},{"data":"Strike_R","floor":15,"key":"SMITH"}],"neow_cost":"NO_GOLD","seed_source_timestamp":717980187852994,"circlet_count":0,"master_deck":["Strike_R","Strike_R","Strike_R","Strike_R+1","Defend_R","Bash+1","Clash+1","True Grit"],"relics":["Burning Blood","The Courier","Orichalcum","Runic Pyramid"],"potions_floor_usage":[15,16],"damage_taken":[{"damage":0,"enemies":"Small Slimes","floor":1,"turns":3},{"damage":8,"enemies":"Jaw Worm","floor":2,"turns":4},{"damage":1,"enemies":"Cultist","floor":7,"turns":3},{"damage":9,"enemies":"Blue Slaver","floor":10,"turns":3},{"damage":8,"enemies":"Red Slaver","floor":11,"turns":3},{"damage":10,"enemies":"Slime Boss","floor":16,"turns":8},{"damage":20,"enemies":"3 Byrds","floor":18,"turns":7},{"damage":18,"enemies":"2 Thieves","floor":20,"turns":3},{"damage":31,"enemies":"Centurion and Healer","floor":22,"turns":13}],"seed_played":"-6328491889958910945","potions_obtained":[{"floor":2,"key":"Fire Potion"},{"floor":10,"key":"AttackPotion"}],"is_trial":false,"path_per_floor":["M","M","?","?","$","R","M","?","T","M","M","R","?","$","R","B",null,"M","$","M","?","M"],"character_chosen":"IRONCLAD","items_purchased":["Fruit Juice","True Grit"],"campfire_rested":0,"item_purchase_floors":[14,19],"current_hp_per_floor":[80,78,83,76,76,76,81,81,81,78,76,76,65,65,70,66,90,76,76,64,55,24],"gold":170,"neow_bonus":"REMOVE_TWO","is_prod":false,"is_daily":false,"chose_seed":false,"campfire_upgraded":3,"win_rate":0,"timestamp":1552272876,"path_taken":["M","M","?","?","?","R","?","?","T","?","M","R","?","$","R","BOSS","M","$","M","?","?"],"build_version":"2019-01-23","purchased_purges":2,"victory":false,"max_hp_per_floor":[80,80,85,85,85,85,85,85,85,85,85,85,85,85,90,90,90,90,90,90,90,90],"card_choices":[{"not_picked":["Warcry","Seeing Red","Dual Wield"],"picked":"SKIP","floor":1},{"not_picked":["Heavy Blade","Combust"],"picked":"Clash","floor":2},{"not_picked":["Body Slam","Thunderclap","Entrench"],"picked":"SKIP","floor":7},{"not_picked":["Hemokinesis","Havoc","Clothesline"],"picked":"SKIP","floor":10},{"not_picked":["Cleave","Twin Strike","Headbutt"],"picked":"SKIP","floor":11},{"not_picked":["Clothesline","Inflame","Flex"],"picked":"SKIP","floor":18},{"not_picked":["Infernal Blade","Body Slam+1","Searing Blow"],"picked":"SKIP","floor":20}],"player_experience":469644,"relics_obtained":[{"floor":9,"key":"Orichalcum"}],"event_choices":[{"damage_healed":0,"gold_gain":0,"player_choice":"Donut","damage_taken":0,"max_hp_gain":5,"max_hp_loss":0,"event_name":"Big Fish","floor":3,"gold_loss":0},{"damage_healed":0,"gold_gain":0,"player_choice":"Success","damage_taken":7,"relics_obtained":["The Courier"],"max_hp_gain":0,"max_hp_loss":0,"event_name":"Scrap Ooze","floor":4,"gold_loss":0},{"damage_healed":0,"gold_gain":100,"player_choice":"Pray","damage_taken":0,"max_hp_gain":0,"max_hp_loss":0,"event_name":"Golden Shrine","floor":8,"gold_loss":0},{"damage_healed":0,"gold_gain":75,"player_choice":"Gather Gold","damage_taken":11,"max_hp_gain":0,"max_hp_loss":0,"event_name":"World of Goop","floor":13,"gold_loss":0},{"damage_healed":0,"gold_gain":0,"player_choice":"Damaged","damage_taken":9,"max_hp_gain":0,"max_hp_loss":0,"event_name":"Wheel of Change","floor":21,"gold_loss":0}],"is_beta":false,"boss_relics":[{"not_picked":["Orrery","Calling Bell"],"picked":"Runic Pyramid"}],"items_purged_floors":[14,19],"is_endless":false,"potions_floor_spawned":[2,10],"killed_by":"Centurion and Healer","ascension_level":0}