{"gold_per_floor":[116,131,131,151,151,182,195,195,195,195,212,228,245,9,9,107,107,122,142,73,87,186,186,186,186,263,288,298,312,326,360,360,455,455,474,574,574,307,307,307,307,323,323,358,375,375,407,422,422,422],"floor_reached":51,"playtime":5921,"items_purged":["Defend_B","Aggregate"],"score":774,"play_id":"d440654c-8a22-44f4-9ed0-2d2b2a555241","local_time":"20190519144050","is_ascension_mode":false,"campfire_choices":[{"floor":10.0,"key":"REST"},{"floor":15.0,"key":"REST"},{"data":"Buffer","floor":23,"key":"SMITH"},{"data":"Sunder","floor":25,"key":"SMITH"},{"floor":32,"key":"REST"},{"data":"Metamorphosis","floor":41,"key":"SMITH"},{"data":"Loop","floor":46,"key":"SMITH"},{"floor":49,"key":"REST"}],"neow_cost":"NONE","seed_source_timestamp":0,"circlet_count":0,"master_deck":["Zap","Dualcast","Coolheaded+1","Heatsinks","Amplify","Doom and Gloom","Glacier","Buffer+1","Meteor Strike","Fusion","Reprogram","Recycle+1","Glacier","Capacitor","Capacitor","Sunder+1","Loop+1","Echo Form","Coolheaded+1","Metamorphosis+1","Echo Form","Self Repair+1"],"special_seed":0,"relics":["Snecko Eye","Oddly Smooth Stone","Bottled Tornado","Pandora\u0027s Box","Meat on the Bone","Cables","Boot","Busted Crown","Dead Branch","War Paint","Pen Nib","Bag of Marbles"],"potions_floor_usage":[30,31,33,47,50],"damage_taken":[{"damage":10.0,"enemies":"Cultist","floor":1.0,"turns":4.0},{"damage":1.0,"enemies":"2 Louse","floor":2.0,"turns":2.0},{"damage":3.0,"enemies":"Small Slimes","floor":4.0,"turns":5.0},{"damage":37.0,"enemies":"3 Sentries","floor":6.0,"turns":10.0},{"damage":18.0,"enemies":"Red Slaver","floor":7.0,"turns":6.0},{"damage":18.0,"enemies":"2 Fungi Beasts","floor":11.0,"turns":7.0},{"damage":4.0,"enemies":"Looter","floor":12.0,"turns":2.0},{"damage":0.0,"enemies":"Exordium Thugs","floor":13.0,"turns":4.0},{"damage":0.0,"enemies":"Hexaghost","floor":16.0,"turns":15.0},{"damage":3.0,"enemies":"3 Byrds","floor":18.0,"turns":4.0},{"damage":20.0,"enemies":"2 Thieves","floor":19.0,"turns":5.0},{"damage":3,"enemies":"Centurion and Healer","floor":21,"turns":5},{"damage":15,"enemies":"Gremlin Leader","floor":27,"turns":8},{"damage":0,"enemies":"Chosen and Byrds","floor":28,"turns":3},{"damage":0,"enemies":"Sentry and Sphere","floor":29,"turns":3},{"damage":0,"enemies":"Cultist and Chosen","floor":30,"turns":6},{"damage":28,"enemies":"Slavers","floor":31,"turns":6},{"damage":25,"enemies":"Collector","floor":33,"turns":9},{"damage":2,"enemies":"3 Shapes","floor":35,"turns":3},{"damage":0,"enemies":"Mind Bloom Boss Battle","floor":36,"turns":7},{"damage":15,"enemies":"Orb Walker","floor":42,"turns":3},{"damage":0,"enemies":"Nemesis","floor":44,"turns":5},{"damage":1,"enemies":"4 Shapes","floor":45,"turns":3},{"damage":42,"enemies":"Reptomancer","floor":47,"turns":4},{"damage":0,"enemies":"Sphere and 2 Shapes","floor":48,"turns":4},{"damage":59,"enemies":"Time Eater","floor":50,"turns":9}],"seed_played":"6398468706345582028","potions_obtained":[{"floor":1.0,"key":"Poison Potion"},{"floor":6.0,"key":"FocusPotion"},{"floor":7.0,"key":"FocusPotion"},{"floor":11.0,"key":"SteroidPotion"},{"floor":12.0,"key":"Fire Potion"},{"floor":13.0,"key":"FearPotion"},{"floor":18.0,"key":"Weak Potion"},{"floor":21,"key":"SpeedPotion"},{"floor":27,"key":"FocusPotion"},{"floor":30,"key":"Strength Potion"},{"floor":31,"key":"SpeedPotion"},{"floor":33,"key":"Dexterity Potion"},{"floor":36,"key":"PowerPotion"},{"floor":48,"key":"Explosive Potion"}],"is_trial":false,"path_per_floor":["M","M","?","M","?","E","M","?","T","R","M","M","M","$","R","B",null,"M","M","$","M","?","R","?","R","T","E","M","M","M","E","R","B",null,"M","?","?","$","?","?","R","M","T","E","M","R","E","M","R","B",null],"character_chosen":"DEFECT","items_purchased":["Buffer","Sunder","Metamorphosis"],"campfire_rested":4,"item_purchase_floors":[14,20,38],"current_hp_per_floor":[65,64,69,66,66,29,11,11,11,35,17,13,13,13,37,37,80,77,57,57,54,54,54,80,80,80,65,65,65,65,49,73,48,80,78,78,78,78,76,76,76,61,61,71,76,76,56,66,76,29],"gold":422,"neow_bonus":"BOSS_RELIC","is_prod":false,"is_daily":false,"chose_seed":false,"campfire_upgraded":4,"win_rate":0.0,"timestamp":1558291250,"path_taken":["M","M","?","M","?","E","M","?","T","R","M","?","M","$","R","BOSS","M","M","$","M","?","R","?","R","T","E","M","M","M","E","R","BOSS","M","?","?","$","?","?","R","M","T","E","?","R","E","M","R","BOSS"],"build_version":"2019-01-23","purchased_purges":2,"victory":true,"max_hp_per_floor":[75,75,80,80,80,80,80,80,80,80,80,80,80,80,80,80,80,80,80,80,80,80,80,80,80,80,80,80,80,80,80,80,80,80,80,80,80,80,76,76,76,76,76,76,76,76,76,76,76,76],"card_choices":[{"not_picked":["Blizzard","Hologram"],"picked":"Coolheaded","floor":1.0},{"not_picked":["Reprogram","Hologram","Barrage"],"picked":"SKIP","floor":2.0},{"not_picked":["Defragment","Leap"],"picked":"Heatsinks","floor":4.0},{"not_picked":["Aggregate","Melter","Reinforced Body"],"picked":"SKIP","floor":6.0},{"not_picked":["Hologram","Blizzard"],"picked":"Amplify","floor":7.0},{"not_picked":["Force Field","Chill"],"picked":"Doom and Gloom","floor":11.0},{"not_picked":["Hologram","Steam"],"picked":"Glacier","floor":12.0},{"not_picked":["Gash","Sweeping Beam","Double Energy"],"picked":"SKIP","floor":13.0},{"not_picked":["Multi-Cast","Machine Learning"],"picked":"Meteor Strike","floor":16.0},{"not_picked":["Turbo","Leap"],"picked":"Capacitor","floor":18.0},{"not_picked":["Compile Driver","Static Discharge"],"picked":"Capacitor","floor":19},{"not_picked":["Ball Lightning","Redo"],"picked":"Loop","floor":21},{"not_picked":["Scrape","Leap+1","Cold Snap"],"picked":"SKIP","floor":27},{"not_picked":["Compile Driver","FTL","Hologram+1"],"picked":"SKIP","floor":28},{"not_picked":["Force Field","Redo","Go for the Eyes"],"picked":"SKIP","floor":29},{"not_picked":["Melter","Lockon","Thunder Strike"],"picked":"SKIP","floor":30},{"not_picked":["Static Discharge","Streamline+1","Gash"],"picked":"SKIP","floor":31},{"not_picked":["Core Surge","Reboot"],"picked":"Echo Form","floor":33},{"not_picked":["FTL+1"],"picked":"SKIP","floor":35},{"not_picked":[],"picked":"Coolheaded+1","floor":36},{"not_picked":[],"picked":"Self Repair+1","floor":42},{"not_picked":["Barrage"],"picked":"SKIP","floor":44},{"not_picked":["Go for the Eyes"],"picked":"SKIP","floor":45},{"not_picked":["Barrage+1"],"picked":"SKIP","floor":47},{"not_picked":["Undo+1"],"picked":"SKIP","floor":48}],"player_experience":264606,"relics_obtained":[{"floor":6.0,"key":"Oddly Smooth Stone"},{"floor":9.0,"key":"Bottled Tornado"},{"floor":26,"key":"Meat on the Bone"},{"floor":27,"key":"Cables"},{"floor":31,"key":"Boot"},{"floor":36,"key":"Dead Branch"},{"floor":43,"key":"War Paint"},{"floor":44,"key":"Pen Nib"},{"floor":47,"key":"Bag of Marbles"}],"event_choices":[{"damage_healed":0.0,"max_hp_gain":5.0,"max_hp_loss":0.0,"gold_gain":0.0,"event_name":"Big Fish","player_choice":"Donut","floor":3.0,"gold_loss":0.0,"damage_taken":0.0},{"damage_healed":0.0,"max_hp_gain":0.0,"max_hp_loss":0.0,"gold_gain":0.0,"event_name":"Shining Light","player_choice":"Ignored","floor":5.0,"gold_loss":0.0,"damage_taken":0.0},{"cards_removed":["Strike_B"],"damage_healed":0.0,"max_hp_gain":0.0,"max_hp_loss":0.0,"gold_gain":0.0,"event_name":"Wheel of Change","player_choice":"Card Removal","floor":8.0,"gold_loss":0.0,"damage_taken":0.0},{"damage_healed":0,"gold_gain":99,"player_choice":"Stole From Cult","damage_taken":0,"max_hp_gain":0,"max_hp_loss":0,"event_name":"Nest","floor":22,"gold_loss":0},{"damage_healed":26,"gold_gain":0,"player_choice":"Heal","damage_taken":0,"max_hp_gain":0,"max_hp_loss":0,"event_name":"The Library","floor":24,"gold_loss":0},{"damage_healed":0,"gold_gain":0,"player_choice":"Fight","damage_taken":0,"max_hp_gain":0,"max_hp_loss":0,"event_name":"MindBloom","floor":36,"gold_loss":0},{"cards_removed":["Stack"],"damage_healed":0,"gold_gain":0,"player_choice":"Removed Skill","damage_taken":0,"max_hp_gain":0,"max_hp_loss":0,"event_name":"Falling","floor":37,"gold_loss":0},{"damage_healed":0,"gold_gain":0,"player_choice":"Max HP","damage_taken":0,"max_hp_gain":0,"max_hp_loss":4,"event_name":"Winding Halls","floor":39,"gold_loss":0},{"damage_healed":0,"gold_gain":0,"player_choice":"Copied","damage_taken":0,"max_hp_gain":0,"max_hp_loss":0,"event_name":"Duplicator","floor":40,"gold_loss":0,"cards_obtained":["Echo Form"]}],"is_beta":false,"boss_relics":[{"not_picked":["Sozu","Runic Pyramid"],"picked":"Pandora\u0027s Box"},{"not_picked":["Eternal Feather","Velvet Choker"],"picked":"Busted Crown"}],"items_purged_floors":[14,38],"is_endless":false,"potions_floor_spawned":[1,6,7,11,12,13,18,21,27,30,31,33,36,42,48],"ascension_level":0}