{"gold_per_floor":[111,261,361,375,211,246,148,148,173,173,22,36,69,86,86,162,162,180,14,34,34,50,50,64,64,64,75,75],"floor_reached":28,"playtime":1038,"items_purged":["Doubt","Strike_R"],"score":433,"play_id":"5866ba99-a89a-4be4-809b-d779dd813c6e","local_time":"20190227175006","is_ascension_mode":true,"campfire_choices":[{"data":"Bash","floor":8,"key":"SMITH"},{"data":"Uppercut","floor":10,"key":"SMITH"},{"data":"Inflame","floor":15,"key":"SMITH"},{"floor":23,"key":"REST"},{"floor":25,"key":"REST"}],"neow_cost":"NONE","seed_source_timestamp":110320455997699,"circlet_count":0,"master_deck":["AscendersBane","Strike_R","Strike_R","Strike_R","Strike_R","Defend_R","Defend_R","Defend_R","Defend_R","Bash+1","Carnage","Uppercut+1","Feel No Pain","Inflame+1","Shrug It Off","True Grit","Dark Embrace","Limit Break","Shockwave","True Grit"],"relics":["Burning Blood","Bronze Scales","Juzu Bracelet","Sundial","Philosopher\u0027s Stone","Regal Pillow","Vajra"],"potions_floor_usage":[6,16],"damage_taken":[{"damage":1,"enemies":"Small Slimes","floor":1,"turns":4},{"damage":6,"enemies":"2 Louse","floor":4,"turns":2},{"damage":21,"enemies":"3 Sentries","floor":6,"turns":9},{"damage":1,"enemies":"Cultist","floor":12,"turns":3},{"damage":24,"enemies":"Gremlin Nob","floor":13,"turns":3},{"damage":18,"enemies":"Lots of Slimes","floor":14,"turns":5},{"damage":27,"enemies":"Slime Boss","floor":16,"turns":9},{"damage":26,"enemies":"Spheric Guardian","floor":18,"turns":5},{"damage":15,"enemies":"Chosen","floor":20,"turns":6},{"damage":29,"enemies":"Sentry and Sphere","floor":22,"turns":5},{"damage":36,"enemies":"Snake Plant","floor":24,"turns":4},{"damage":42,"enemies":"Shelled Parasite and Fungi","floor":27,"turns":6},{"damage":17,"enemies":"Slavers","floor":28,"turns":1}],"seed_played":"-4065160352530430567","potions_obtained":[{"floor":0,"key":"PowerPotion"},{"floor":0,"key":"BloodPotion"},{"floor":13,"key":"Dexterity Potion"}],"is_trial":false,"path_per_floor":["M","?","?","M","$","E","$","R","T","R","$","M","E","M","R","B",null,"M","$","M","?","M","R","M","R","T","M","E"],"character_chosen":"IRONCLAD","items_purchased":["Feel No Pain","Inflame","Shrug It Off","True Grit","Regal Pillow"],"campfire_rested":2,"item_purchase_floors":[5,7,7,11,19],"current_hp_per_floor":[73,73,73,73,73,65,65,65,65,65,65,70,52,40,40,19,61,41,41,32,32,9,46,16,53,53,17,0],"gold":75,"neow_bonus":"THREE_SMALL_POTIONS","is_prod":false,"is_daily":false,"chose_seed":false,"campfire_upgraded":3,"win_rate":0,"timestamp":1551307806,"path_taken":["M","?","?","?","$","E","?","R","T","R","$","M","E","M","R","BOSS","M","$","M","?","M","R","M","R","T","M","E"],"build_version":"2019-01-23","purchased_purges":2,"victory":false,"max_hp_per_floor":[75,75,75,75,75,75,75,75,75,75,75,75,75,75,75,75,75,75,75,75,75,75,75,75,75,75,75,75],"card_choices":[{"not_picked":["Flex","Iron Wave"],"picked":"Carnage","floor":1},{"not_picked":["Anger","Infernal Blade"],"picked":"Uppercut","floor":4},{"not_picked":["Rage","Seeing Red","Iron Wave"],"picked":"SKIP","floor":6},{"not_picked":["Entrench","Anger","Perfected Strike"],"picked":"SKIP","floor":12},{"not_picked":["Twin Strike","Metallicize"],"picked":"Dark Embrace","floor":13},{"not_picked":["Pummel","Wild Strike","Flex"],"picked":"SKIP","floor":14},{"not_picked":["Feed","Reaper"],"picked":"Limit Break","floor":16},{"not_picked":["Havoc","Hemokinesis","Wild Strike"],"picked":"SKIP","floor":18},{"not_picked":["Evolve","Clothesline"],"picked":"Shockwave","floor":20},{"not_picked":["Pommel Strike+1","Fire Breathing","Wild Strike"],"picked":"SKIP","floor":22},{"not_picked":["Iron Wave+1","Headbutt"],"picked":"True Grit","floor":24},{"not_picked":["Headbutt","Burning Pact","Blood for Blood"],"picked":"SKIP","floor":27}],"player_experience":439277,"relics_obtained":[{"floor":6,"key":"Bronze Scales"},{"floor":9,"key":"Juzu Bracelet"},{"floor":13,"key":"Sundial"},{"floor":26,"key":"Vajra"}],"event_choices":[{"damage_healed":0,"gold_gain":150,"player_choice":"AGREE","damage_taken":0,"max_hp_gain":0,"max_hp_loss":0,"event_name":"Liars Game","floor":2,"gold_loss":0,"cards_obtained":["Doubt"]},{"damage_healed":0,"gold_gain":100,"player_choice":"Gold","damage_taken":0,"max_hp_gain":0,"max_hp_loss":0,"event_name":"Wheel of Change","floor":3,"gold_loss":0},{"damage_healed":0,"gold_gain":0,"player_choice":"Ignored","damage_taken":0,"max_hp_gain":0,"max_hp_loss":0,"event_name":"The Mausoleum","floor":21,"gold_loss":0}],"is_beta":false,"boss_relics":[{"not_picked":["Black Star","Lizard Tail"],"picked":"Philosopher\u0027s Stone"}],"items_purged_floors":[5,11],"is_endless":false,"potions_floor_spawned":[4,13,14],"killed_by":"Slavers","ascension_level":18}