{"gold_per_floor":[114,94,114,114,125,158,172,172,172,172,172,14,25,39,39,116,116,127,138,38,58,58,58,71,71,71,71,71,71,71,71,71,148,148,162,162,172,172,172,172,183,196,196,221,221,236,249,116,116,116],"floor_reached":51,"playtime":5219,"items_purged":["Decay","Strike_R"],"score":1129,"play_id":"014d1251-c6db-40e1-9549-591455d2c50d","local_time":"20190207194523","is_ascension_mode":true,"campfire_choices":[{"floor":8.0,"key":"REST"},{"data":"Clothesline","floor":11.0,"key":"SMITH"},{"data":"Rampage","floor":15.0,"key":"SMITH"},{"floor":23.0,"key":"REST"},{"floor":25.0,"key":"REST"},{"floor":28.0,"key":"REST"},{"floor":32.0,"key":"REST"},{"floor":40.0,"key":"REST"},{"floor":45,"key":"REST"},{"floor":49,"key":"REST"}],"neow_cost":"NONE","seed_source_timestamp":66963910453699,"circlet_count":0,"master_deck":["AscendersBane","Strike_R+1","Strike_R+1","Strike_R+1","Defend_R+1","Defend_R+1","Defend_R+1","Defend_R+1","Bash","Rage+1","Rampage+1","Clothesline+1","Ghostly Armor","Ghostly Armor","Inflame","Headbutt","Headbutt","Impervious","Warcry","Limit Break","Pommel Strike","Body Slam+1","Necronomicurse","Flame Barrier","Bludgeon","Battle Trance+1","Impervious","Flame Barrier","Flame Barrier"],"special_seed":0,"relics":["Cursed Key","Prayer Wheel","Turnip","Fusion Hammer","Necronomicon","Lizard Tail","Champion Belt","Orichalcum"],"potions_floor_usage":[44,46,50],"damage_taken":[{"damage":7.0,"enemies":"Jaw Worm","floor":1.0,"turns":3.0},{"damage":1.0,"enemies":"Cultist","floor":3.0,"turns":3.0},{"damage":0.0,"enemies":"2 Louse","floor":5.0,"turns":3.0},{"damage":13.0,"enemies":"Gremlin Nob","floor":6.0,"turns":4.0},{"damage":16.0,"enemies":"Gremlin Gang","floor":7.0,"turns":4.0},{"damage":15.0,"enemies":"Exordium Wildlife","floor":13.0,"turns":4.0},{"damage":0.0,"enemies":"Large Slime","floor":14.0,"turns":5.0},{"damage":26.0,"enemies":"Slime Boss","floor":16.0,"turns":8.0},{"damage":10.0,"enemies":"Shell Parasite","floor":18.0,"turns":5.0},{"damage":5.0,"enemies":"Chosen","floor":19.0,"turns":6.0},{"damage":34.0,"enemies":"Shelled Parasite and Fungi","floor":21.0,"turns":4.0},{"damage":7.0,"enemies":"Centurion and Healer","floor":24.0,"turns":7.0},{"damage":5.0,"enemies":"Colosseum Slavers","floor":27.0,"turns":5.0},{"damage":43.0,"enemies":"Automaton","floor":33.0,"turns":11.0},{"damage":9.0,"enemies":"3 Darklings","floor":35.0,"turns":5.0},{"damage":14.0,"enemies":"3 Shapes","floor":37.0,"turns":3.0},{"damage":28.0,"enemies":"3 Darklings","floor":41.0,"turns":6.0},{"damage":1.0,"enemies":"Jaw Worm Horde","floor":42.0,"turns":3.0},{"damage":28,"enemies":"Giant Head","floor":44,"turns":9},{"damage":4,"enemies":"4 Shapes","floor":46,"turns":6},{"damage":9,"enemies":"Writhing Mass","floor":47,"turns":4},{"damage":35,"enemies":"Time Eater","floor":50,"turns":13}],"seed_played":"-4221425301416422230","potions_obtained":[{"floor":1.0,"key":"BloodPotion"},{"floor":2.0,"key":"Dexterity Potion"},{"floor":14.0,"key":"Fruit Juice"},{"floor":16.0,"key":"SpeedPotion"},{"floor":19.0,"key":"SteroidPotion"},{"floor":24.0,"key":"Ancient Potion"},{"floor":41.0,"key":"Block Potion"},{"floor":42.0,"key":"Dexterity Potion"},{"floor":44,"key":"AttackPotion"}],"is_trial":false,"path_per_floor":["M","?","M","?","M","E","M","R","T","?","R","$","M","M","R","B",null,"M","M","$","M","$","R","M","R","T","?","R","?","?","?","R","B",null,"M","?","M","$","T","R","M","M","T","E","R","M","M","?","R","B",null],"character_chosen":"IRONCLAD","items_purchased":["Inflame"],"campfire_rested":8,"item_purchase_floors":[12],"current_hp_per_floor":[61,61,60,60,60,47,38,60,60,75,75,75,60,60,60,39,70,60,55,55,21,21,45,38,62,62,57,80,59,59,59,80,37,69,60,60,46,46,46,70,42,41,41,13,37,33,24,24,48,13],"gold":116,"neow_bonus":"BOSS_RELIC","is_prod":false,"is_daily":false,"chose_seed":false,"campfire_upgraded":2,"win_rate":0,"timestamp":1549561523,"path_taken":["M","?","?","?","M","E","?","R","T","?","R","$","M","M","R","BOSS","M","M","$","?","$","R","M","R","T","?","R","?","?","?","R","BOSS","M","?","M","?","?","R","M","M","T","E","R","M","M","?","R","BOSS"],"build_version":"2019-01-23","purchased_purges":2,"victory":true,"max_hp_per_floor":[75,75,75,75,75,75,75,75,75,75,75,75,75,75,75,80,80,80,80,80,80,80,80,80,80,80,80,80,80,80,80,80,80,80,80,80,80,80,80,80,80,80,80,80,80,80,80,80,80,80],"card_choices":[{"not_picked":["Perfected Strike","Hemokinesis"],"picked":"Rage","floor":1.0},{"not_picked":["Clash","Blood for Blood"],"picked":"Rampage","floor":3.0},{"not_picked":["Bloodletting","Headbutt"],"picked":"Clothesline","floor":5.0},{"not_picked":["Dual Wield","Anger","Infernal Blade"],"picked":"SKIP","floor":6.0},{"not_picked":["Dropkick","Shrug It Off"],"picked":"Ghostly Armor","floor":7.0},{"not_picked":["Flex","Sever Soul"],"picked":"Ghostly Armor","floor":7.0},{"not_picked":["Shockwave","Anger"],"picked":"Headbutt","floor":13.0},{"not_picked":["Flex","Entrench"],"picked":"Headbutt","floor":13.0},{"not_picked":["Clash","True Grit","Metallicize"],"picked":"SKIP","floor":14.0},{"not_picked":["Sever Soul","Heavy Blade","Clothesline"],"picked":"SKIP","floor":14.0},{"not_picked":["Fiend Fire","Offering"],"picked":"Impervious","floor":16.0},{"not_picked":["Evolve","Rage"],"picked":"Warcry","floor":18.0},{"not_picked":["Headbutt","Intimidate","Body Slam"],"picked":"SKIP","floor":18.0},{"not_picked":["Body Slam","Sword Boomerang","Cleave"],"picked":"SKIP","floor":19.0},{"not_picked":["Iron Wave","Rupture","Clash"],"picked":"SKIP","floor":19.0},{"not_picked":["Hemokinesis","Rampage"],"picked":"Limit Break","floor":21.0},{"not_picked":["Disarm","Heavy Blade"],"picked":"Pommel Strike","floor":21.0},{"not_picked":["Clothesline","Twin Strike"],"picked":"Body Slam+1","floor":24.0},{"not_picked":["Clothesline","Thunderclap","Double Tap"],"picked":"SKIP","floor":24.0},{"not_picked":["Juggernaut","Impervious"],"picked":"Bludgeon","floor":33.0},{"not_picked":["Bloodletting","Ghostly Armor+1"],"picked":"Battle Trance+1","floor":35.0},{"not_picked":["Armaments","Thunderclap","Cleave"],"picked":"SKIP","floor":35.0},{"not_picked":["Burning Pact","Uppercut","Perfected Strike+1"],"picked":"SKIP","floor":37.0},{"not_picked":["Sword Boomerang","Whirlwind","Feel No Pain+1"],"picked":"SKIP","floor":37.0},{"not_picked":["Clothesline","Combust","Bloodletting"],"picked":"SKIP","floor":41.0},{"not_picked":["Warcry","Uppercut","Pommel Strike"],"picked":"SKIP","floor":41.0},{"not_picked":["Headbutt","Sword Boomerang"],"picked":"Impervious","floor":42.0},{"not_picked":["Cleave","Disarm","Wild Strike"],"picked":"SKIP","floor":42.0},{"not_picked":["Pommel Strike","Perfected Strike","Iron Wave"],"picked":"SKIP","floor":44},{"not_picked":["Headbutt","Whirlwind+1"],"picked":"Flame Barrier","floor":46},{"not_picked":["Carnage","Clash+1","Rupture"],"picked":"SKIP","floor":46},{"not_picked":["Clash","Flex"],"picked":"Flame Barrier","floor":47},{"not_picked":["Pommel Strike","Iron Wave+1","Seeing Red"],"picked":"SKIP","floor":47}],"player_experience":559465,"relics_obtained":[{"floor":6.0,"key":"Prayer Wheel"},{"floor":9.0,"key":"Turnip"},{"floor":29.0,"key":"Necronomicon"},{"floor":44,"key":"Champion Belt"}],"event_choices":[{"damage_healed":0.0,"max_hp_gain":0.0,"max_hp_loss":0.0,"gold_gain":0.0,"event_name":"The Woman in Blue","player_choice":"Bought 1 Potion","floor":2.0,"gold_loss":0.0,"damage_taken":0.0},{"damage_healed":0.0,"max_hp_gain":0.0,"max_hp_loss":0.0,"gold_gain":0.0,"event_name":"Upgrade Shrine","player_choice":"Upgraded","floor":4.0,"gold_loss":0.0,"damage_taken":0.0,"cards_upgraded":["Rage"]},{"damage_healed":15.0,"max_hp_gain":0.0,"max_hp_loss":0.0,"gold_gain":0.0,"event_name":"Wheel of Change","player_choice":"Full Heal","floor":10.0,"gold_loss":0.0,"damage_taken":0.0},{"damage_healed":0.0,"max_hp_gain":0.0,"max_hp_loss":0.0,"gold_gain":0.0,"event_name":"Colosseum","player_choice":"Fight","floor":27.0,"gold_loss":0.0,"damage_taken":0.0},{"damage_healed":0.0,"max_hp_gain":0.0,"max_hp_loss":0.0,"gold_gain":0.0,"event_name":"Colosseum","player_choice":"Fled From Nobs","floor":27.0,"gold_loss":0.0,"damage_taken":0.0},{"damage_healed":0.0,"max_hp_gain":0.0,"max_hp_loss":0.0,"gold_gain":0.0,"event_name":"Cursed Tome","player_choice":"Obtained Book","floor":29.0,"gold_loss":0.0,"damage_taken":21.0},{"damage_healed":0.0,"max_hp_gain":0.0,"max_hp_loss":0.0,"gold_gain":0.0,"event_name":"Back to Basics","player_choice":"Simplicity","floor":30.0,"gold_loss":0.0,"damage_taken":0.0,"cards_upgraded":["Strike_R","Strike_R","Strike_R","Strike_R","Defend_R","Defend_R","Defend_R","Defend_R"]},{"damage_healed":0.0,"max_hp_gain":0.0,"max_hp_loss":0.0,"gold_gain":0.0,"event_name":"The Library","player_choice":"Read","floor":31.0,"gold_loss":0.0,"damage_taken":0.0,"cards_obtained":["Flame Barrier"]},{"cards_removed":["Strike_R"],"damage_healed":0.0,"max_hp_gain":0.0,"max_hp_loss":0.0,"gold_gain":0.0,"event_name":"Purifier","player_choice":"Purged","floor":36.0,"gold_loss":0.0,"damage_taken":0.0},{"damage_healed":0,"gold_gain":0,"player_choice":"Paid Gold","damage_taken":0,"relics_obtained":["Orichalcum"],"max_hp_gain":0,"max_hp_loss":0,"event_name":"WeMeetAgain","floor":48,"gold_loss":133}],"is_beta":false,"boss_relics":[{"not_picked":["Runic Dome","Calling Bell"],"picked":"Fusion Hammer"},{"not_picked":["Snecko Eye","Empty Cage"],"picked":"Lizard Tail"}],"items_purged_floors":[12,20],"is_endless":false,"potions_floor_spawned":[1,14,16,19,24,41,42,44],"ascension_level":16}