{"gold_per_floor":[219,219,278,16,16,16,50,67,67,67,85,85,85,104,104,203,203,173,173,173,88,88,88,88,88,88,88,88,88],"floor_reached":29,"playtime":530,"items_purged":[],"score":246,"play_id":"2e4db2d9-0bfb-4bad-92e2-c7ded974246f","local_time":"20190506214911","is_ascension_mode":false,"campfire_choices":[{"data":"Uppercut","floor":6.0,"key":"SMITH"},{"data":"Perfected Strike","floor":13.0,"key":"SMITH"},{"data":"Spot Weakness","floor":15.0,"key":"SMITH"},{"data":"Armaments","floor":23.0,"key":"SMITH"},{"data":"Ghostly","floor":25.0,"key":"SMITH"},{"data":"Double Tap","floor":28.0,"key":"SMITH"}],"neow_cost":"NONE","seed_source_timestamp":0,"circlet_count":0,"master_deck":["Strike_R","Strike_R","Strike_R","Strike_R","Strike_R","Defend_R","Defend_R","Defend_R","Defend_R","Bash","Uppercut+1","Regret","Pommel Strike","Clash","Perfected Strike+1","Spot Weakness+1","Berserk","Dropkick+1","Armaments+1","Twin Strike","Ghostly","Ghostly","Ghostly","Ghostly+1","Ghostly","Double Tap+1"],"special_seed":0,"relics":["Burning Blood","Matryoshka","Gremlin Horn","Pantograph","Strawberry","Dream Catcher","Paper Frog","Bottled Lightning","Ectoplasm","PreservedInsect","Unceasing Top","Shuriken","Vajra"],"potions_floor_usage":[],"damage_taken":[{"damage":5.0,"enemies":"Small Slimes","floor":1.0,"turns":4.0},{"damage":28.0,"enemies":"Gremlin Nob","floor":7.0,"turns":4.0},{"damage":11.0,"enemies":"Jaw Worm","floor":8.0,"turns":2.0},{"damage":2.0,"enemies":"2 Louse","floor":11.0,"turns":2.0},{"damage":10.0,"enemies":"Exordium Wildlife","floor":14.0,"turns":3.0},{"damage":47.0,"enemies":"Hexaghost","floor":16.0,"turns":7.0},{"damage":27.0,"enemies":"2 Thieves","floor":18.0,"turns":3.0},{"damage":12.0,"enemies":"Spheric Guardian","floor":20.0,"turns":3.0},{"damage":20.0,"enemies":"Colosseum Slavers","floor":22.0,"turns":3.0},{"damage":9.0,"enemies":"Colosseum Nobs","floor":22.0,"turns":2.0},{"damage":0.0,"enemies":"3 Cultists","floor":27.0,"turns":4.0},{"damage":1.0,"enemies":"Snecko","floor":29.0,"turns":3.0}],"seed_played":"-5528444309360027057","potions_obtained":[{"floor":1.0,"key":"Regen Potion"},{"floor":8.0,"key":"Weak Potion"},{"floor":11.0,"key":"PowerPotion"},{"floor":14.0,"key":"Swift Potion"},{"floor":18.0,"key":"LiquidBronze"},{"floor":22.0,"key":"AttackPotion"}],"is_trial":false,"path_per_floor":["M","?","?","$","?","R","E","M","T","T","M","$","R","M","R","B",null,"M","$","M","?","?","R","?","R","T","M","R","M"],"character_chosen":"IRONCLAD","items_purchased":["Matryoshka"],"campfire_rested":0,"item_purchase_floors":[4],"current_hp_per_floor":[80,80,80,80,80,80,58,53,60,60,64,64,64,60,60,59,87,66,66,60,60,43,43,43,43,43,43,43,43],"gold":88,"neow_bonus":"HUNDRED_GOLD","is_prod":false,"is_daily":false,"chose_seed":false,"campfire_upgraded":6,"win_rate":0,"timestamp":1557168551,"path_taken":["M","?","?","$","?","R","E","M","T","?","?","$","R","M","R","BOSS","M","$","?","?","?","R","?","R","T","M","R","M"],"build_version":"2019-01-23","purchased_purges":0,"victory":false,"max_hp_per_floor":[80,80,80,80,80,80,80,80,87,87,87,87,87,87,87,87,87,87,87,87,87,87,87,43,43,43,43,43,43],"card_choices":[{"not_picked":["Dropkick","Sword Boomerang"],"picked":"Uppercut","floor":1.0},{"not_picked":["Thunderclap","Metallicize"],"picked":"Pommel Strike","floor":7.0},{"not_picked":["Thunderclap","Limit Break"],"picked":"Clash","floor":8.0},{"not_picked":["Clash","Armaments"],"picked":"Perfected Strike","floor":11.0},{"not_picked":["Shrug It Off","Dual Wield"],"picked":"Spot Weakness","floor":14.0},{"not_picked":["Fiend Fire","Dark Embrace"],"picked":"Berserk","floor":16.0},{"not_picked":["Clothesline","Sword Boomerang"],"picked":"Dropkick+1","floor":18.0},{"not_picked":["Sword Boomerang","Evolve"],"picked":"Armaments","floor":20.0},{"not_picked":["Disarm","Cleave"],"picked":"Twin Strike","floor":22.0},{"not_picked":["Heavy Blade","Thunderclap"],"picked":"Double Tap","floor":27.0}],"player_experience":286768,"relics_obtained":[{"floor":7.0,"key":"Pantograph"},{"floor":9.0,"key":"Strawberry"},{"floor":9.0,"key":"Dream Catcher"},{"floor":10.0,"key":"Paper Frog"},{"floor":10.0,"key":"Bottled Lightning"},{"floor":22.0,"key":"Unceasing Top"},{"floor":22.0,"key":"Shuriken"},{"floor":26.0,"key":"Vajra"}],"event_choices":[{"damage_healed":0.0,"max_hp_gain":0.0,"max_hp_loss":0.0,"gold_gain":0.0,"event_name":"The Cleric","player_choice":"Leave","floor":2.0,"gold_loss":0.0,"damage_taken":0.0},{"damage_healed":0.0,"max_hp_gain":0.0,"max_hp_loss":0.0,"gold_gain":59.0,"event_name":"Golden Wing","player_choice":"Gained Gold","floor":3.0,"gold_loss":0.0,"damage_taken":0.0},{"damage_healed":0.0,"max_hp_gain":0.0,"max_hp_loss":0.0,"gold_gain":0.0,"event_name":"Big Fish","player_choice":"Box","floor":5.0,"gold_loss":0.0,"damage_taken":0.0,"relics_obtained":["Gremlin Horn"],"cards_obtained":["Regret"]},{"damage_healed":0.0,"max_hp_gain":0.0,"max_hp_loss":0.0,"gold_gain":0.0,"event_name":"Addict","player_choice":"Obtained Relic","floor":21.0,"gold_loss":85.0,"damage_taken":0.0,"relics_obtained":["PreservedInsect"]},{"damage_healed":0.0,"max_hp_gain":0.0,"max_hp_loss":0.0,"gold_gain":0.0,"event_name":"Colosseum","player_choice":"Fight","floor":22.0,"gold_loss":0.0,"damage_taken":0.0},{"damage_healed":0.0,"max_hp_gain":0.0,"max_hp_loss":0.0,"gold_gain":0.0,"event_name":"Colosseum","player_choice":"Fought Nobs","floor":22.0,"gold_loss":0.0,"damage_taken":0.0},{"damage_healed":0.0,"max_hp_gain":0.0,"max_hp_loss":44.0,"gold_gain":0.0,"event_name":"Ghosts","player_choice":"Became a Ghost","floor":24.0,"gold_loss":0.0,"damage_taken":0.0,"cards_obtained":["Ghostly","Ghostly","Ghostly","Ghostly","Ghostly"]}],"is_beta":false,"boss_relics":[{"not_picked":["White Beast Statue","Velvet Choker"],"picked":"Ectoplasm"}],"items_purged_floors":[],"is_endless":false,"potions_floor_spawned":[1,8,11,14,18,22,22],"killed_by":"Snecko","ascension_level":0}