{"gold_per_floor":[117,16,35,35,35,35,68,68,68,68,94,107,126,145,145,247,247,229,248,21,21,38,38,68,68,68,68,97,107,118,118,118,213,213,232,41,94,107,125,125,125,159,159,87,187,187,205,80,80,80,80,80,80,111,111],"floor_reached":55,"playtime":4944,"items_purged":["Strike_B","Defend_B","Defend_B"],"score":917,"play_id":"dae0b461-dcaa-4efe-9487-139604c63980","local_time":"20190131022851","is_ascension_mode":true,"campfire_choices":[{"data":"Coolheaded","floor":6,"key":"SMITH"},{"data":"Zap","floor":10,"key":"SMITH"},{"floor":15,"key":"REST"},{"floor":23,"key":"REST"},{"data":"Fission","floor":25,"key":"SMITH"},{"data":"Tempest","floor":27,"key":"SMITH"},{"floor":32,"key":"REST"},{"floor":40,"key":"RECALL"},{"floor":46,"key":"REST"},{"data":"Echo Form","floor":49,"key":"SMITH"},{"data":"Capacitor","floor":52,"key":"SMITH"}],"neow_cost":"NONE","seed_source_timestamp":1667545117599844,"circlet_count":0,"master_deck":["Defend_B","Zap+1","Loop","Ball Lightning+1","Coolheaded+1","Capacitor+1","Reinforced Body","Leap","Fission+1","Biased Cognition","Glacier+1","Chill+1","Seek+1","Consume","Static Discharge","Electrodynamics","Tempest+1","Conserve Battery+1","Echo Form+1","Biased Cognition","Bandage Up","Defragment+1","Gash+1","Tempest","Ball Lightning+1","Multi-Cast"],"special_seed":0,"relics":["Cracked Core","NeowsBlessing","Turnip","Meat on the Bone","Matryoshka","Astrolabe","DataDisk","Whetstone","Question Card","WingedGreaves","Calipers","Nloth\u0027s Gift","Sozu","Nunchaku","Bottled Flame","Potion Belt","FossilizedHelix","Dodecahedron"],"potions_floor_usage":[13,16,19,33,33,37],"damage_taken":[{"damage":0.0,"enemies":"2 Louse","floor":1.0,"turns":1.0},{"damage":0.0,"enemies":"Small Slimes","floor":3.0,"turns":1.0},{"damage":0,"enemies":"Lagavulin","floor":7,"turns":1},{"damage":30,"enemies":"Gremlin Nob","floor":11,"turns":4},{"damage":0,"enemies":"Jaw Worm","floor":12,"turns":4},{"damage":0,"enemies":"3 Louse","floor":13,"turns":1},{"damage":0,"enemies":"Red Slaver","floor":14,"turns":3},{"damage":19,"enemies":"Slime Boss","floor":16,"turns":11},{"damage":8,"enemies":"2 Thieves","floor":18,"turns":4},{"damage":0,"enemies":"Spheric Guardian","floor":19,"turns":6},{"damage":21,"enemies":"3 Cultists","floor":22,"turns":4},{"damage":4,"enemies":"Gremlin Leader","floor":24,"turns":5},{"damage":0,"enemies":"Slavers","floor":28,"turns":2},{"damage":13,"enemies":"Snecko","floor":29,"turns":3},{"damage":0,"enemies":"Chosen and Byrds","floor":30,"turns":5},{"damage":15,"enemies":"Champ","floor":33,"turns":8},{"damage":4,"enemies":"3 Shapes","floor":35,"turns":2},{"damage":17,"enemies":"2 Orb Walkers","floor":37,"turns":3},{"damage":5,"enemies":"Orb Walker","floor":38,"turns":3},{"damage":0,"enemies":"4 Shapes","floor":39,"turns":1},{"damage":8,"enemies":"Reptomancer","floor":42,"turns":7},{"damage":0,"enemies":"Mind Bloom Boss Battle","floor":45,"turns":3},{"damage":0,"enemies":"Transient","floor":47,"turns":5},{"damage":46,"enemies":"Time Eater","floor":50,"turns":11},{"damage":69,"enemies":"Shield and Spear","floor":54,"turns":4},{"damage":44,"enemies":"The Heart","floor":55,"turns":2}],"seed_played":"-3050751677576928433","potions_obtained":[{"floor":1.0,"key":"Ancient Potion"},{"floor":11,"key":"AttackPotion"},{"floor":16,"key":"Fruit Juice"},{"floor":22,"key":"FearPotion"},{"floor":24,"key":"FocusPotion"},{"floor":30,"key":"LiquidBronze"},{"floor":33,"key":"PowerPotion"}],"is_trial":false,"path_per_floor":["M","$","M","?","?","R","E","?","T","R","E","M","M","M","R","B",null,"M","M","$","?","M","R","E","R","T","R","E","M","M","?","R","B",null,"M","$","?","M","M","R","?","E","T","$","?","R","M","$","R","B",null,"R","$","E","B"],"character_chosen":"DEFECT","items_purchased":["Ball Lightning","Electrodynamics","DataDisk","Bandage Up","Tempest"],"campfire_rested":4,"item_purchase_floors":[2,20,20,36,44],"current_hp_per_floor":[75,75,75,80,72,72,72,65,65,65,47,47,47,47,74,55,90,82,87,87,87,66,94,90,90,90,90,90,77,77,77,95,80,95,91,91,78,73,73,73,73,69,69,69,69,95,95,95,95,53,95,95,95,42,0],"gold":111,"neow_bonus":"THREE_ENEMY_KILL","is_prod":false,"is_daily":false,"chose_seed":false,"campfire_upgraded":6,"win_rate":0,"timestamp":1548894531,"path_taken":["M","$","M","?","?","R","E","?","T","R","E","?","M","M","R","BOSS","M","M","$","?","?","R","E","R","T","R","E","M","?","?","R","BOSS","M","$","?","M","M","R","?","E","T","$","?","R","M","?","R","BOSS","R","$","E","BOSS"],"build_version":"2019-01-23","purchased_purges":3,"victory":false,"max_hp_per_floor":[75,75,75,80,90,90,90,90,90,90,90,90,90,90,90,90,90,90,95,95,95,95,95,95,95,95,95,95,95,95,95,95,95,95,95,95,95,95,95,95,95,95,95,95,95,95,95,95,95,95,95,95,95,95,95],"card_choices":[{"not_picked":["Rip and Tear","Beam Cell"],"picked":"Loop","floor":1.0},{"not_picked":["Leap","Barrage"],"picked":"Coolheaded","floor":3.0},{"not_picked":["Go for the Eyes","Rip and Tear"],"picked":"Capacitor","floor":7},{"not_picked":["Beam Cell","Recycle"],"picked":"Reinforced Body","floor":11},{"not_picked":["FTL","Stack"],"picked":"Rebound","floor":12},{"not_picked":["Coolheaded","Compile Driver"],"picked":"Leap","floor":13},{"not_picked":["Chaos","Melter"],"picked":"Fission","floor":14},{"not_picked":["Hyperbeam","Reboot"],"picked":"Biased Cognition","floor":16},{"not_picked":["Sweeping Beam+1","Go for the Eyes"],"picked":"Consume","floor":18},{"not_picked":["Conserve Battery","Beam Cell+1"],"picked":"Static Discharge","floor":19},{"not_picked":["Steam","Skim","Hologram"],"picked":"SKIP","floor":22},{"not_picked":["Conserve Battery+1","Ball Lightning"],"picked":"Tempest","floor":24},{"not_picked":["Meteor Strike","Loop","Rebound+1"],"picked":"Conserve Battery+1","floor":28},{"not_picked":["Streamline","Beam Cell","Turbo","Steam Power"],"picked":"SKIP","floor":29},{"not_picked":["Cold Snap","Hello World","Hologram+1"],"picked":"Echo Form","floor":30},{"not_picked":["Meteor Strike","Core Surge","Reboot"],"picked":"Biased Cognition","floor":33},{"not_picked":["Go for the Eyes+1","Beam Cell","Streamline+1","Reinforced Body"],"picked":"SKIP","floor":35},{"not_picked":["Lockon+1","Force Field","Hologram+1","Beam Cell+1"],"picked":"SKIP","floor":38},{"not_picked":["Force Field+1","Redo","Beam Cell+1"],"picked":"Defragment+1","floor":39},{"not_picked":["Hologram","All For One","Aggregate+1"],"picked":"Gash+1","floor":42},{"not_picked":["Melter+1","Loop+1","Conserve Battery+1"],"picked":"Ball Lightning+1","floor":45},{"not_picked":["Echo Form","Cold Snap","Doom and Gloom+1"],"picked":"Multi-Cast","floor":47},{"not_picked":["Multi-Cast","Seek","Beam Cell","Coolheaded+1"],"picked":"SKIP","floor":54}],"player_experience":474349,"relics_obtained":[{"floor":7,"key":"Turnip"},{"floor":9,"key":"Meat on the Bone"},{"floor":11,"key":"Matryoshka"},{"floor":24,"key":"Whetstone"},{"floor":26,"key":"Question Card"},{"floor":26,"key":"WingedGreaves"},{"floor":28,"key":"Calipers"},{"floor":37,"key":"Nunchaku"},{"floor":42,"key":"Bottled Flame"},{"floor":43,"key":"Potion Belt"},{"floor":45,"key":"FossilizedHelix"},{"floor":54,"key":"Dodecahedron"}],"event_choices":[{"damage_healed":0,"gold_gain":0,"player_choice":"Donut","damage_taken":0,"max_hp_gain":5,"max_hp_loss":0,"event_name":"Big Fish","floor":4,"gold_loss":0},{"damage_healed":0,"gold_gain":0,"player_choice":"Success","damage_taken":18,"relics_obtained":["Pear"],"max_hp_gain":0,"max_hp_loss":0,"event_name":"Scrap Ooze","floor":5,"gold_loss":0},{"cards_removed":["Strike_B"],"damage_healed":0,"gold_gain":0,"player_choice":"Card Removal","damage_taken":7,"max_hp_gain":0,"max_hp_loss":0,"event_name":"Golden Wing","floor":8,"gold_loss":0},{"cards_removed":["Dualcast"],"damage_healed":0,"gold_gain":0,"player_choice":"Purged","damage_taken":0,"max_hp_gain":0,"max_hp_loss":0,"event_name":"Purifier","floor":21,"gold_loss":0},{"damage_healed":0,"gold_gain":0,"player_choice":"Traded Relic","damage_taken":0,"relics_obtained":["Nloth\u0027s Gift"],"max_hp_gain":0,"max_hp_loss":0,"event_name":"N\u0027loth","floor":31,"relics_lost":["Pear"],"gold_loss":0},{"damage_healed":0,"gold_gain":0,"player_choice":"Fight","damage_taken":0,"max_hp_gain":0,"max_hp_loss":0,"event_name":"Mysterious Sphere","floor":37,"gold_loss":0},{"cards_removed":["Rebound"],"damage_healed":0,"gold_gain":0,"player_choice":"Removed Attack","damage_taken":0,"max_hp_gain":0,"max_hp_loss":0,"event_name":"Falling","floor":41,"gold_loss":0},{"damage_healed":0,"gold_gain":0,"player_choice":"Fight","damage_taken":0,"max_hp_gain":0,"max_hp_loss":0,"event_name":"MindBloom","floor":45,"gold_loss":0}],"is_beta":false,"boss_relics":[{"not_picked":["FrozenCore","White Beast Statue"],"picked":"Astrolabe"},{"not_picked":["Busted Crown","Pandora\u0027s Box"],"picked":"Sozu"}],"items_purged_floors":[2,36,48],"is_endless":false,"potions_floor_spawned":[1,11,16,22,24,30,33,35,42,47],"killed_by":"The Heart","ascension_level":4}