{"gold_per_floor":[112,212,232,250,175,175,75,94,119,119,136,155,30,48,48,48],"floor_reached":16,"playtime":355,"items_purged":["Strike_R","Strike_R","Defend_R"],"score":94,"play_id":"332e706c-9f18-49f7-b717-b81ec9efb3ed","local_time":"20190310224516","is_ascension_mode":false,"campfire_choices":[{"data":"Bash","floor":6,"key":"SMITH"},{"data":"Defend_R","floor":10,"key":"SMITH"},{"data":"Clash","floor":15,"key":"SMITH"}],"neow_cost":"NONE","seed_source_timestamp":717616872262512,"circlet_count":0,"master_deck":["Strike_R","Strike_R","Strike_R","Defend_R","Defend_R","Defend_R+1","Bash+1","Clash+1"],"relics":["Burning Blood","Pen Nib","Strawberry"],"potions_floor_usage":[4],"damage_taken":[{"damage":6,"enemies":"Jaw Worm","floor":1,"turns":4},{"damage":6,"enemies":"Cultist","floor":3,"turns":3},{"damage":1,"enemies":"2 Louse","floor":4,"turns":3},{"damage":5,"enemies":"Looter","floor":8,"turns":3},{"damage":23,"enemies":"Large Slime","floor":11,"turns":7},{"damage":8,"enemies":"Blue Slaver","floor":12,"turns":5},{"damage":0,"enemies":"Exordium Wildlife","floor":14,"turns":2},{"damage":82,"enemies":"Slime Boss","floor":16,"turns":10}],"seed_played":"3335545065422259104","potions_obtained":[{"floor":4,"key":"Fruit Juice"},{"floor":11,"key":"EssenceOfSteel"}],"is_trial":false,"path_per_floor":["M","?","M","M","$","R","$","M","T","R","M","M","$","M","R","B"],"character_chosen":"IRONCLAD","items_purchased":[],"campfire_rested":0,"item_purchase_floors":[],"current_hp_per_floor":[80,80,80,85,85,85,85,85,92,92,75,73,73,79,79,0],"gold":48,"neow_bonus":"RANDOM_COMMON_RELIC","is_prod":false,"is_daily":false,"chose_seed":false,"campfire_upgraded":3,"win_rate":0,"timestamp":1552272316,"path_taken":["M","?","M","M","$","R","?","M","T","R","M","?","$","M","R","BOSS"],"build_version":"2019-01-23","purchased_purges":3,"victory":false,"max_hp_per_floor":[80,80,80,85,85,85,85,85,92,92,92,92,92,92,92,92],"card_choices":[{"not_picked":["Cleave","Uppercut","Whirlwind"],"picked":"SKIP","floor":1},{"not_picked":["Flame Barrier","Pommel Strike","Hemokinesis"],"picked":"SKIP","floor":3},{"not_picked":["Metallicize","Wild Strike","Flame Barrier"],"picked":"SKIP","floor":4},{"not_picked":["Cleave","Shockwave","Anger"],"picked":"SKIP","floor":8},{"not_picked":["Cleave","Anger","Twin Strike"],"picked":"SKIP","floor":11},{"not_picked":["Inflame","Havoc","Entrench"],"picked":"SKIP","floor":12},{"not_picked":["Headbutt","Armaments"],"picked":"Clash","floor":14}],"player_experience":469289,"relics_obtained":[{"floor":9,"key":"Strawberry"}],"event_choices":[{"damage_healed":0,"gold_gain":100,"player_choice":"Pray","damage_taken":0,"max_hp_gain":0,"max_hp_loss":0,"event_name":"Golden Shrine","floor":2,"gold_loss":0}],"is_beta":false,"boss_relics":[],"items_purged_floors":[5,7,13],"is_endless":false,"potions_floor_spawned":[4,11],"killed_by":"Slime Boss","ascension_level":0}