{"gold_per_floor":[115,115,129,204,154,173,189,215,215,215],"floor_reached":10,"playtime":346,"items_purged":[],"score":68,"play_id":"7e7b77b3-daca-4db0-b509-00a5aa2e84bc","local_time":"20190509065438","is_ascension_mode":false,"campfire_choices":[],"neow_cost":"NONE","seed_source_timestamp":1406427068600,"circlet_count":0,"master_deck":["Defend_G","Defend_G","Defend_G","Defend_G","Strike_G","Strike_G","Strike_G","Strike_G","Survivor","Neutralize","Dagger Spray","Flying Knee","Infinite Blades","Dash","Leg Sweep"],"relics":["Ring of the Snake","NeowsBlessing","Frozen Egg 2","Sundial"],"potions_floor_usage":[8,8],"damage_taken":[{"damage":0,"enemies":"Small Slimes","floor":1,"turns":1},{"damage":0,"enemies":"Cultist","floor":3,"turns":1},{"damage":0,"enemies":"Jaw Worm","floor":6,"turns":1},{"damage":4,"enemies":"Large Slime","floor":7,"turns":6},{"damage":27,"enemies":"Lagavulin","floor":8,"turns":6},{"damage":27,"enemies":"3 Sentries","floor":10,"turns":4}],"seed_played":"-7123046555504664027","potions_obtained":[{"floor":3,"key":"Strength Potion"},{"floor":8,"key":"Fruit Juice"}],"is_trial":false,"path_per_floor":["M","?","M","?","?","M","M","E","T","E"],"character_chosen":"THE_SILENT","items_purchased":[],"campfire_rested":0,"item_purchase_floors":[],"current_hp_per_floor":[70,70,70,59,59,59,55,33,33,6],"gold":215,"neow_bonus":"THREE_ENEMY_KILL","is_prod":false,"is_daily":false,"chose_seed":false,"campfire_upgraded":0,"win_rate":0,"timestamp":1557374078,"path_taken":["M","?","?","?","?","M","M","E","T","E"],"build_version":"2019-01-23","purchased_purges":0,"victory":false,"max_hp_per_floor":[70,70,70,70,70,70,70,75,75,75],"card_choices":[{"not_picked":["Prepared","Blade Dance"],"picked":"Dagger Spray","floor":1},{"not_picked":["Sucker Punch","Dodge and Roll"],"picked":"Infinite Blades","floor":3},{"not_picked":["Bane","Flechettes","Deflect"],"picked":"SKIP","floor":6},{"not_picked":["Acrobatics","Flechettes"],"picked":"Dash","floor":7},{"not_picked":["Bullet Time","Prepared"],"picked":"Leg Sweep","floor":8}],"player_experience":307718,"relics_obtained":[{"floor":8,"key":"Frozen Egg 2"},{"floor":9,"key":"Sundial"}],"event_choices":[{"damage_healed":0,"gold_gain":0,"cards_transformed":["Strike_G"],"player_choice":"Transformed","damage_taken":0,"max_hp_gain":0,"max_hp_loss":0,"event_name":"Transmorgrifier","floor":2,"gold_loss":0,"cards_obtained":["Flying Knee"]},{"damage_healed":0,"gold_gain":75,"player_choice":"Gather Gold","damage_taken":11,"max_hp_gain":0,"max_hp_loss":0,"event_name":"World of Goop","floor":4,"gold_loss":0},{"cards_removed":["Defend_G"],"damage_healed":0,"gold_gain":0,"player_choice":"Card Removal","damage_taken":0,"max_hp_gain":0,"max_hp_loss":0,"event_name":"The Cleric","floor":5,"gold_loss":50}],"is_beta":false,"boss_relics":[],"items_purged_floors":[],"is_endless":false,"potions_floor_spawned":[3,8],"killed_by":"3 Sentries","ascension_level":0}