{"gold_per_floor":[117,117,134,59,69,69,69,85,85,96,106,122,87,101,101,172,172,182,197,122,138,138,138,0,0,25,25,44,44,17,28,28,101,101,115,115,215,235,45,45,55,81,135,154,172,182,182,182,182,182,182,182,10,41,41],"floor_reached":55,"playtime":4084,"items_purged":["Strike_G","Strike_G"],"score":1257,"play_id":"13900d8a-8a79-4e77-8300-70f4589553cd","local_time":"20190519010210","is_ascension_mode":true,"campfire_choices":[{"floor":6.0,"key":"REST"},{"floor":15.0,"key":"REST"},{"floor":23.0,"key":"REST"},{"floor":25.0,"key":"REST"},{"data":"Envenom","floor":27.0,"key":"SMITH"},{"data":"Catalyst","floor":29.0,"key":"SMITH"},{"data":"Footwork","floor":32.0,"key":"SMITH"},{"data":"Apotheosis","floor":40.0,"key":"SMITH"},{"floor":49.0,"key":"RECALL"},{"floor":52.0,"key":"REST"}],"neow_cost":"PERCENT_DAMAGE","seed_source_timestamp":0,"circlet_count":0,"master_deck":["AscendersBane","Defend_G","Defend_G+1","Strike_G+1","Survivor","Neutralize","PiercingWail","Catalyst","Bouncing Flask","Poisoned Stab","Blur","Backflip","Envenom+1","Crippling Poison+1","Catalyst+1","Flying Knee","Footwork+1","Burst","Quick Slash+1","Catalyst+1","Apotheosis+1","Flying Knee+1","Crippling Poison"],"special_seed":0,"relics":["Ring of the Snake","Gremlin Horn","Sozu","Anchor","Runic Pyramid","Bird Faced Urn","Singing Bowl","PreservedInsect","Lantern"],"potions_floor_usage":[],"damage_taken":[{"damage":0.0,"enemies":"Jaw Worm","floor":1.0,"turns":7.0},{"damage":0.0,"enemies":"2 Louse","floor":3.0,"turns":2.0},{"damage":13.0,"enemies":"Cultist","floor":5.0,"turns":6.0},{"damage":21.0,"enemies":"Large Slime","floor":8.0,"turns":10.0},{"damage":1.0,"enemies":"2 Fungi Beasts","floor":10.0,"turns":5.0},{"damage":0.0,"enemies":"3 Louse","floor":11.0,"turns":1.0},{"damage":7.0,"enemies":"Large Slime","floor":12.0,"turns":8.0},{"damage":5.0,"enemies":"Exordium Wildlife","floor":14.0,"turns":6.0},{"damage":34.0,"enemies":"The Guardian","floor":16.0,"turns":9.0},{"damage":8.0,"enemies":"Chosen","floor":18.0,"turns":5.0},{"damage":4.0,"enemies":"Spheric Guardian","floor":19.0,"turns":4.0},{"damage":14.0,"enemies":"Centurion and Healer","floor":21.0,"turns":7.0},{"damage":5.0,"enemies":"Snecko","floor":28.0,"turns":5.0},{"damage":4.0,"enemies":"Snake Plant","floor":31.0,"turns":3.0},{"damage":0.0,"enemies":"Champ","floor":33.0,"turns":7.0},{"damage":0.0,"enemies":"3 Shapes","floor":35.0,"turns":4.0},{"damage":0.0,"enemies":"Mind Bloom Boss Battle","floor":37.0,"turns":4.0},{"damage":0.0,"enemies":"Orb Walker","floor":38.0,"turns":3.0},{"damage":0.0,"enemies":"Maw","floor":41.0,"turns":4.0},{"damage":10.0,"enemies":"Reptomancer","floor":42.0,"turns":4.0},{"damage":4.0,"enemies":"3 Darklings","floor":44.0,"turns":5.0},{"damage":10.0,"enemies":"4 Shapes","floor":45.0,"turns":5.0},{"damage":0.0,"enemies":"Transient","floor":46.0,"turns":5.0},{"damage":41.0,"enemies":"Awakened One","floor":50.0,"turns":11.0},{"damage":32.0,"enemies":"Shield and Spear","floor":54.0,"turns":5.0},{"damage":54,"enemies":"The Heart","floor":55,"turns":3}],"seed_played":"6209451520593484505","potions_obtained":[{"floor":3.0,"key":"Fruit Juice"},{"floor":5.0,"key":"Ancient Potion"},{"floor":10.0,"key":"Explosive Potion"}],"is_trial":false,"path_per_floor":["M","?","M","$","M","R","?","M","T","M","M","M","?","M","R","B",null,"M","M","?","M","?","R","?","R","T","R","M","R","$","M","R","B",null,"M","?","?","M","$","R","M","E","T","M","M","M","T","?","R","B",null,"R","$","E","B"],"character_chosen":"THE_SILENT","items_purchased":["Flying Knee","Apotheosis","Crippling Poison"],"campfire_rested":5,"item_purchase_floors":[30,39,53],"current_hp_per_floor":[44,24,29,29,16,37,37,16,16,15,15,8,25,20,41,7,55,47,43,43,29,29,50,50,71,71,71,66,66,66,62,62,62,69,69,69,69,71,71,71,71,63,63,65,59,65,65,65,65,26,64,77,77,49,0],"gold":41,"neow_bonus":"REMOVE_TWO","is_prod":false,"is_daily":false,"chose_seed":false,"campfire_upgraded":4,"win_rate":0,"timestamp":1558216930,"path_taken":["M","?","M","$","M","R","?","M","T","M","?","M","?","M","R","BOSS","M","M","?","M","?","R","?","R","T","R","M","R","$","M","R","BOSS","M","?","?","M","?","R","M","E","T","M","M","M","?","?","R","BOSS","R","$","E","BOSS"],"build_version":"2019-01-23","purchased_purges":2,"victory":false,"max_hp_per_floor":[66,66,71,71,71,71,71,71,71,71,71,71,71,71,71,71,71,71,71,71,71,71,71,71,71,71,71,71,71,71,71,71,71,71,71,71,71,71,71,71,71,73,73,75,75,77,77,77,77,77,77,77,77,79,79],"card_choices":[{"not_picked":["Slice","Outmaneuver"],"picked":"PiercingWail","floor":1.0},{"not_picked":["Poisoned Stab","Choke"],"picked":"Catalyst","floor":3.0},{"not_picked":["Terror","Flechettes","Outmaneuver"],"picked":"SKIP","floor":5.0},{"not_picked":["Infinite Blades","Expertise"],"picked":"Bouncing Flask","floor":8.0},{"not_picked":["Quick Slash","Underhanded Strike","Sucker Punch"],"picked":"SKIP","floor":10.0},{"not_picked":["A Thousand Cuts","Backstab"],"picked":"Poisoned Stab","floor":11.0},{"not_picked":["Bane","Finisher"],"picked":"Blur","floor":12.0},{"not_picked":["Masterful Stab","Cloak And Dagger"],"picked":"Backflip","floor":14.0},{"not_picked":["Glass Knife","Storm of Steel"],"picked":"Envenom","floor":16.0},{"not_picked":["Poisoned Stab","Prepared"],"picked":"Crippling Poison+1","floor":18.0},{"not_picked":["Sucker Punch","Dodge and Roll"],"picked":"Catalyst","floor":19.0},{"not_picked":["Dagger Throw","Dodge and Roll","Flechettes"],"picked":"SKIP","floor":21.0},{"not_picked":["Calculated Gamble","Setup","Finisher"],"picked":"SKIP","floor":28.0},{"not_picked":["Bane","Sucker Punch+1"],"picked":"Footwork","floor":31.0},{"not_picked":["Tools of the Trade","Malaise"],"picked":"Burst","floor":33.0},{"not_picked":["All Out Attack+1","Dodge and Roll"],"picked":"Quick Slash+1","floor":35.0},{"not_picked":["Acrobatics","Backflip"],"picked":"Catalyst+1","floor":38.0},{"not_picked":["Skewer","Concentrate","Tactician"],"picked":"SKIP","floor":41.0},{"not_picked":["Prepared+1","Sucker Punch","Concentrate+1"],"picked":"Singing Bowl","floor":42.0},{"not_picked":["Acrobatics","Quick Slash","Poisoned Stab"],"picked":"Singing Bowl","floor":44.0},{"not_picked":["Sucker Punch","Caltrops+1"],"picked":"Flying Knee+1","floor":45.0},{"not_picked":["Skewer+1","Caltrops","Accuracy"],"picked":"Singing Bowl","floor":46.0},{"not_picked":["Masterful Stab","Crippling Poison","Accuracy"],"picked":"Singing Bowl","floor":54.0}],"player_experience":1019752,"relics_obtained":[{"floor":9.0,"key":"Gremlin Horn"},{"floor":26.0,"key":"Anchor"},{"floor":37.0,"key":"Bird Faced Urn"},{"floor":42.0,"key":"Singing Bowl"},{"floor":47.0,"key":"PreservedInsect"},{"floor":54.0,"key":"Lantern"}],"event_choices":[{"damage_healed":0.0,"max_hp_gain":0.0,"max_hp_loss":0.0,"gold_gain":0.0,"event_name":"Shining Light","player_choice":"Entered Light","floor":2.0,"gold_loss":0.0,"damage_taken":20.0,"cards_upgraded":["Strike_G","Defend_G"]},{"cards_removed":["Defend_G"],"damage_healed":0.0,"max_hp_gain":0.0,"max_hp_loss":0.0,"gold_gain":0.0,"event_name":"Bonfire Elementals","player_choice":"Offered Basic","floor":7.0,"gold_loss":0.0,"damage_taken":0.0},{"damage_healed":17.0,"max_hp_gain":0.0,"max_hp_loss":0.0,"gold_gain":0.0,"event_name":"The Cleric","player_choice":"Healed","floor":13.0,"gold_loss":35.0,"damage_taken":0.0},{"cards_removed":["Strike_G"],"damage_healed":0.0,"max_hp_gain":0.0,"max_hp_loss":0.0,"gold_gain":0.0,"event_name":"Beggar","player_choice":"Gave Gold","floor":20.0,"gold_loss":75.0,"damage_taken":0.0},{"damage_healed":0.0,"max_hp_gain":0.0,"max_hp_loss":0.0,"gold_gain":0.0,"event_name":"Cursed Tome","player_choice":"Ignored","floor":22.0,"gold_loss":0.0,"damage_taken":0.0},{"damage_healed":0.0,"max_hp_gain":0.0,"max_hp_loss":0.0,"gold_gain":0.0,"event_name":"Masked Bandits","player_choice":"Paid Fearfully","floor":24.0,"gold_loss":138.0,"damage_taken":0.0},{"cards_removed":["Defend_G"],"damage_healed":0.0,"max_hp_gain":0.0,"max_hp_loss":0.0,"gold_gain":0.0,"event_name":"Falling","player_choice":"Removed Skill","floor":36.0,"gold_loss":0.0,"damage_taken":0.0},{"damage_healed":0.0,"max_hp_gain":0.0,"max_hp_loss":0.0,"gold_gain":0.0,"event_name":"MindBloom","player_choice":"Fight","floor":37.0,"gold_loss":0.0,"damage_taken":0.0},{"damage_healed":0.0,"max_hp_gain":0.0,"max_hp_loss":0.0,"gold_gain":0.0,"event_name":"Mysterious Sphere","player_choice":"Ignored","floor":48.0,"gold_loss":0.0,"damage_taken":0.0}],"is_beta":false,"boss_relics":[{"not_picked":["Snecko Eye","WristBlade"],"picked":"Sozu"},{"not_picked":["HoveringKite","Lizard Tail"],"picked":"Runic Pyramid"}],"items_purged_floors":[4,53],"is_endless":false,"potions_floor_spawned":[3,5,10,19,28,35,42,46,54],"killed_by":"The Heart","ascension_level":15}