{"gold_per_floor":[109,109,109,119,132,132,164,164,164,86,86,111,133,144,144,216,216,188,138,152,170,170,170,201,116,140,140,150,167,217,243,243,243],"floor_reached":33,"playtime":1276,"items_purged":["Strike_R"],"score":611,"play_id":"f0726a05-ff50-40c0-bb51-91e6f360e445","local_time":"20190508144004","is_ascension_mode":true,"campfire_choices":[{"data":"Heavy Blade","floor":6,"key":"SMITH"},{"data":"Immolate","floor":8,"key":"SMITH"},{"data":"Disarm","floor":15,"key":"SMITH"},{"data":"Uppercut","floor":23,"key":"SMITH"},{"floor":27,"key":"REST"},{"floor":32,"key":"REST"}],"neow_cost":"NONE","seed_source_timestamp":177421582948789,"circlet_count":0,"master_deck":["AscendersBane","Defend_R","Defend_R+1","Defend_R","Defend_R","Bash+1","Heavy Blade+1","Anger+1","Immolate+1","Shrug It Off","Offering","Disarm+1","Uppercut+1","Limit Break","Metallicize","Bite+1","Bite","Bite","Bite+1","Bite","Demon Form","Metallicize"],"relics":["Black Blood","Matryoshka","Smiling Mask","Kunai","Art of War","Odd Mushroom","Peace Pipe","Happy Flower","Omamori","Whetstone","Strawberry"],"potions_floor_usage":[7,24,31,33],"damage_taken":[{"damage":1,"enemies":"Small Slimes","floor":1,"turns":4},{"damage":1,"enemies":"Cultist","floor":4,"turns":3},{"damage":0,"enemies":"2 Louse","floor":5,"turns":2},{"damage":8,"enemies":"Gremlin Nob","floor":7,"turns":3},{"damage":15,"enemies":"3 Sentries","floor":12,"turns":5},{"damage":0,"enemies":"The Mushroom Lair","floor":13,"turns":1},{"damage":16,"enemies":"Large Slime","floor":14,"turns":4},{"damage":34,"enemies":"Hexaghost","floor":16,"turns":8},{"damage":24,"enemies":"2 Thieves","floor":18,"turns":4},{"damage":6,"enemies":"Spheric Guardian","floor":20,"turns":3},{"damage":30,"enemies":"Snake Plant","floor":21,"turns":4},{"damage":45,"enemies":"Slavers","floor":24,"turns":5},{"damage":22,"enemies":"Centurion and Healer","floor":28,"turns":16},{"damage":25,"enemies":"Snecko","floor":29,"turns":5},{"damage":32,"enemies":"Gremlin Leader","floor":31,"turns":5},{"damage":78,"enemies":"Collector","floor":33,"turns":6}],"seed_played":"7762123535969343698","potions_obtained":[{"floor":5,"key":"Strength Potion"},{"floor":7,"key":"AttackPotion"},{"floor":12,"key":"FearPotion"},{"floor":20,"key":"LiquidBronze"},{"floor":29,"key":"Fire Potion"}],"is_trial":false,"path_per_floor":["M","?","?","M","M","R","E","R","T","$","?","E","?","M","R","B",null,"M","?","M","M","?","R","E","?","T","R","M","M","?","E","R","B"],"character_chosen":"IRONCLAD","items_purchased":["Shrug It Off"],"campfire_rested":2,"item_purchase_floors":[10],"current_hp_per_floor":[80,80,80,82,82,82,80,80,80,80,85,76,82,72,72,44,76,62,62,66,46,46,46,19,19,19,37,58,45,45,36,56,0],"gold":243,"neow_bonus":"TEN_PERCENT_HP_BONUS","is_prod":false,"is_daily":false,"chose_seed":false,"campfire_upgraded":4,"win_rate":0,"timestamp":1557340804,"path_taken":["M","?","?","?","M","R","E","R","T","$","?","E","?","M","R","BOSS","M","?","?","M","?","R","E","?","T","R","M","M","?","E","R","BOSS"],"build_version":"2019-01-23","purchased_purges":1,"victory":false,"max_hp_per_floor":[82,82,82,82,82,82,82,82,82,82,87,87,87,87,87,87,87,87,87,87,87,60,60,60,60,60,60,60,60,60,67,67,67],"card_choices":[{"not_picked":["Thunderclap","Pommel Strike"],"picked":"Heavy Blade","floor":1},{"not_picked":["Armaments","Infernal Blade"],"picked":"Anger","floor":4},{"not_picked":["Thunderclap","Clash","Blood for Blood"],"picked":"SKIP","floor":5},{"not_picked":["Carnage","Anger"],"picked":"Immolate","floor":7},{"not_picked":["Fiend Fire","Reckless Charge"],"picked":"Offering","floor":12},{"not_picked":["Inflame","Pummel"],"picked":"Disarm","floor":13},{"not_picked":["Pummel","Blood for Blood"],"picked":"Uppercut","floor":14},{"not_picked":["Brutality","Demon Form"],"picked":"Limit Break","floor":16},{"not_picked":["Blood for Blood","Warcry","Armaments"],"picked":"SKIP","floor":18},{"not_picked":["Flex+1","Clash","Havoc+1"],"picked":"SKIP","floor":20},{"not_picked":["Armaments","Flex"],"picked":"Metallicize","floor":21},{"not_picked":["Entrench","Thunderclap","Iron Wave"],"picked":"SKIP","floor":24},{"not_picked":["Evolve","Fire Breathing","Clothesline"],"picked":"SKIP","floor":28},{"not_picked":["Rampage","Shrug It Off+1"],"picked":"Demon Form","floor":29},{"not_picked":["Wild Strike","Double Tap"],"picked":"Metallicize","floor":31}],"player_experience":616118,"relics_obtained":[{"floor":3,"key":"Matryoshka"},{"floor":7,"key":"Smiling Mask"},{"floor":9,"key":"Kunai"},{"floor":12,"key":"Art of War"},{"floor":13,"key":"Odd Mushroom"},{"floor":24,"key":"Peace Pipe"},{"floor":26,"key":"Omamori"},{"floor":26,"key":"Whetstone"},{"floor":31,"key":"Strawberry"}],"event_choices":[{"damage_healed":0,"gold_gain":0,"player_choice":"Grow","damage_taken":0,"max_hp_gain":0,"max_hp_loss":0,"event_name":"Living Wall","floor":2,"gold_loss":0,"cards_upgraded":["Bash"]},{"damage_healed":0,"gold_gain":0,"player_choice":"Relic","damage_taken":0,"max_hp_gain":0,"max_hp_loss":0,"event_name":"Wheel of Change","floor":3,"gold_loss":0},{"damage_healed":0,"gold_gain":0,"player_choice":"Donut","damage_taken":0,"max_hp_gain":5,"max_hp_loss":0,"event_name":"Big Fish","floor":11,"gold_loss":0},{"damage_healed":0,"gold_gain":0,"player_choice":"Fought Mushrooms","damage_taken":0,"max_hp_gain":0,"max_hp_loss":0,"event_name":"Mushrooms","floor":13,"gold_loss":0},{"damage_healed":0,"gold_gain":0,"player_choice":"Upgraded Two","damage_taken":0,"max_hp_gain":0,"max_hp_loss":0,"event_name":"Designer","floor":19,"gold_loss":50,"cards_upgraded":["Anger","Defend_R"]},{"damage_healed":0,"gold_gain":0,"player_choice":"Became a vampire","damage_taken":0,"max_hp_gain":0,"max_hp_loss":27,"event_name":"Vampires","floor":22,"gold_loss":0,"cards_obtained":["Bite","Bite","Bite","Bite","Bite"]},{"damage_healed":0,"gold_gain":0,"player_choice":"Obtained Relic","damage_taken":0,"relics_obtained":["Happy Flower"],"max_hp_gain":0,"max_hp_loss":0,"event_name":"Addict","floor":25,"gold_loss":85},{"damage_healed":0,"gold_gain":50,"player_choice":"Pray","damage_taken":0,"max_hp_gain":0,"max_hp_loss":0,"event_name":"Golden Shrine","floor":30,"gold_loss":0}],"is_beta":false,"boss_relics":[{"not_picked":["Eternal Feather","Runic Cube"],"picked":"Black Blood"}],"items_purged_floors":[10],"is_endless":false,"potions_floor_spawned":[5,7,12,13,14,18,20,21,29],"killed_by":"Collector","ascension_level":20}