{"gold_per_floor":[13,13,24,24,40,40,68,78,102,116,131,131,131,150,150,225,225,238,254,254,85,99,99,99,99,99,99,117,145,156,156,156,229,229,249,149,149,149,162,162,162],"floor_reached":41,"playtime":3286,"items_purged":["Consume","Zap"],"score":805,"play_id":"07909501-149f-4def-ba2b-b54387f1b561","local_time":"20190409020806","is_ascension_mode":true,"campfire_choices":[{"data":"Streamline","floor":6.0,"key":"SMITH"},{"floor":13.0,"key":"REST"},{"data":"Fusion","floor":15.0,"key":"SMITH"},{"data":"Self Repair","floor":23.0,"key":"SMITH"},{"data":"Conserve Battery","floor":25.0,"key":"SMITH"},{"floor":27.0,"key":"REST"},{"data":"Reinforced Body","floor":32.0,"key":"SMITH"},{"floor":40,"key":"REST"}],"neow_cost":"NO_GOLD","seed_source_timestamp":196787085880611,"circlet_count":0,"master_deck":["AscendersBane","Auto Shields","Streamline+1","Conserve Battery+1","Fusion+1","Reinforced Body+1","Echo Form","Melter","Go for the Eyes","Self Repair","Leap","Self Repair+1","Reinforced Body","Ball Lightning","Seek","Reboot+1","Melter+1","All For One+1"],"special_seed":0,"relics":["Cracked Core","DataDisk","Centennial Puzzle","Potion Belt","Pandora\u0027s Box","Shuriken","Orichalcum","MutagenicStrength","Astrolabe"],"potions_floor_usage":[39,41],"damage_taken":[{"damage":2.0,"enemies":"Cultist","floor":1.0,"turns":4.0},{"damage":1.0,"enemies":"Jaw Worm","floor":3.0,"turns":3.0},{"damage":0.0,"enemies":"2 Louse","floor":5.0,"turns":2.0},{"damage":13.0,"enemies":"Lagavulin","floor":7.0,"turns":6.0},{"damage":0.0,"enemies":"Large Slime","floor":8.0,"turns":3.0},{"damage":14.0,"enemies":"Lots of Slimes","floor":10.0,"turns":4.0},{"damage":0.0,"enemies":"Exordium Wildlife","floor":11.0,"turns":3.0},{"damage":9.0,"enemies":"2 Fungi Beasts","floor":14.0,"turns":3.0},{"damage":28.0,"enemies":"The Guardian","floor":16.0,"turns":12.0},{"damage":0.0,"enemies":"Chosen","floor":18.0,"turns":5.0},{"damage":11.0,"enemies":"Shell Parasite","floor":19.0,"turns":5.0},{"damage":16.0,"enemies":"Centurion and Healer","floor":22.0,"turns":7.0},{"damage":17.0,"enemies":"Snecko","floor":28.0,"turns":6.0},{"damage":25.0,"enemies":"Book of Stabbing","floor":29.0,"turns":5.0},{"damage":17.0,"enemies":"Chosen and Byrds","floor":30.0,"turns":10.0},{"damage":53.0,"enemies":"Collector","floor":33.0,"turns":9.0},{"damage":48,"enemies":"3 Darklings","floor":35,"turns":8},{"damage":0,"enemies":"3 Shapes","floor":39,"turns":10},{"damage":80,"enemies":"Reptomancer","floor":41,"turns":3}],"seed_played":"1926947207510362042","potions_obtained":[{"floor":1.0,"key":"Regen Potion"},{"floor":5.0,"key":"EssenceOfSteel"},{"floor":10.0,"key":"GamblersBrew"},{"floor":18.0,"key":"Energy Potion"},{"floor":28.0,"key":"PowerPotion"},{"floor":30.0,"key":"PowerPotion"},{"floor":38,"key":"EssenceOfSteel"},{"floor":38,"key":"Weak Potion"}],"is_trial":false,"path_per_floor":["M","$","M","?","M","R","E","M","T","M","M","?","R","M","R","B",null,"M","M","?","$","M","R","?","R","T","R","M","E","M","?","R","B",null,"M","$","?","?","M","R","E"],"character_chosen":"DEFECT","items_purchased":["Self Repair","Leap"],"campfire_rested":3,"item_purchase_floors":[21,21],"current_hp_per_floor":[62,62,61,61,61,61,60,60,60,46,46,46,67,58,58,30,61,61,50,50,50,41,41,41,41,41,62,69,54,64,64,64,28,60,19,19,19,19,36,57,0],"gold":162,"neow_bonus":"REMOVE_TWO","is_prod":false,"is_daily":false,"chose_seed":false,"campfire_upgraded":5,"win_rate":0,"timestamp":1554764886,"path_taken":["M","$","?","?","M","R","E","M","T","?","M","?","R","M","R","BOSS","M","M","?","$","M","R","?","R","T","R","M","E","?","?","R","BOSS","M","$","?","?","M","R","E"],"build_version":"2019-01-23","purchased_purges":2,"victory":false,"max_hp_per_floor":[71,71,71,71,71,71,71,71,71,71,71,71,71,71,71,71,71,71,71,71,71,71,71,71,71,71,71,71,71,71,71,71,71,71,71,71,71,71,71,71,71],"card_choices":[{"not_picked":["Heatsinks","Go for the Eyes"],"picked":"Auto Shields","floor":1.0},{"not_picked":["Ball Lightning","BootSequence"],"picked":"Streamline","floor":3.0},{"not_picked":["Go for the Eyes","Coolheaded"],"picked":"Conserve Battery","floor":5.0},{"not_picked":["Rebound","Double Energy","Hello World"],"picked":"SKIP","floor":7.0},{"not_picked":["Rebound","Compile Driver"],"picked":"Fusion","floor":8.0},{"not_picked":["Conserve Battery","Turbo"],"picked":"Reinforced Body","floor":10.0},{"not_picked":["Fusion","Compile Driver","Stack"],"picked":"SKIP","floor":11.0},{"not_picked":["Go for the Eyes","Storm"],"picked":"Echo Form","floor":14.0},{"not_picked":["Turbo+1","Compile Driver","Double Energy"],"picked":"SKIP","floor":18.0},{"not_picked":["Stack","Loop","Barrage"],"picked":"SKIP","floor":19.0},{"not_picked":["Rip and Tear+1","Reprogram"],"picked":"Self Repair","floor":22.0},{"not_picked":["Go for the Eyes","Ball Lightning","Tempest"],"picked":"SKIP","floor":28.0},{"not_picked":["Chill","Go for the Eyes","Biased Cognition"],"picked":"SKIP","floor":29.0},{"not_picked":["Turbo","Steam"],"picked":"Ball Lightning","floor":30.0},{"not_picked":["Creative AI","Echo Form"],"picked":"Seek","floor":33.0},{"not_picked":["Capacitor","Storm","Heatsinks+1"],"picked":"SKIP","floor":35},{"not_picked":["Leap","Hello World","Compile Driver"],"picked":"SKIP","floor":39}],"player_experience":804061,"relics_obtained":[{"floor":7.0,"key":"DataDisk"},{"floor":9.0,"key":"Centennial Puzzle"},{"floor":26.0,"key":"Shuriken"},{"floor":29.0,"key":"Orichalcum"}],"event_choices":[{"cards_removed":["Strike_B"],"damage_healed":0.0,"max_hp_gain":0.0,"max_hp_loss":0.0,"gold_gain":0.0,"event_name":"Purifier","player_choice":"Purged","floor":4.0,"gold_loss":0.0,"damage_taken":0.0},{"damage_healed":0.0,"max_hp_gain":0.0,"max_hp_loss":0.0,"gold_gain":0.0,"event_name":"Dead Adventurer","player_choice":"Searched \u00271\u0027 times","floor":12.0,"gold_loss":0.0,"damage_taken":0.0,"relics_obtained":["Potion Belt"]},{"damage_healed":0.0,"max_hp_gain":0.0,"max_hp_loss":0.0,"gold_gain":0.0,"event_name":"Cursed Tome","player_choice":"Ignored","floor":20.0,"gold_loss":0.0,"damage_taken":0.0},{"damage_healed":0.0,"max_hp_gain":0.0,"max_hp_loss":0.0,"gold_gain":0.0,"event_name":"Duplicator","player_choice":"Copied","floor":24.0,"gold_loss":0.0,"damage_taken":0.0,"cards_obtained":["Reinforced Body"]},{"damage_healed":0.0,"max_hp_gain":0.0,"max_hp_loss":0.0,"gold_gain":0.0,"event_name":"Drug Dealer","player_choice":"Inject Mutagens","floor":31.0,"gold_loss":0.0,"damage_taken":0.0,"relics_obtained":["MutagenicStrength"]},{"damage_healed":0,"gold_gain":0,"player_choice":"Ignored","damage_taken":0,"max_hp_gain":0,"max_hp_loss":0,"event_name":"Tomb of Lord Red Mask","floor":37,"gold_loss":0},{"damage_healed":0,"gold_gain":0,"player_choice":"Got Potions","damage_taken":0,"max_hp_gain":0,"max_hp_loss":0,"event_name":"Lab","floor":38,"gold_loss":0}],"is_beta":false,"boss_relics":[{"not_picked":["Coffee Dripper","Calling Bell"],"picked":"Pandora\u0027s Box"},{"not_picked":["Black Star","Philosopher\u0027s Stone"],"picked":"Astrolabe"}],"items_purged_floors":[21,36],"is_endless":false,"potions_floor_spawned":[1,5,10,18,28,30],"killed_by":"Reptomancer","ascension_level":19}