{"gold_per_floor":[117,117,128,53,64,64,79,79,104,135,35,35,59,134,134,258,258,276,276,289,325,349,349,364,380,406,406,421,296,296,296,296,420,420,441,441,457,307,321,321,321],"floor_reached":41,"playtime":1139,"items_purged":["Defend_R","Defend_R","Defend_R","Strike_R"],"score":391,"play_id":"d0dca912-1d7f-40cd-9d66-701166d7e46a","local_time":"20181210170407","is_ascension_mode":false,"campfire_choices":[{"data":"Bash","floor":6,"key":"SMITH"},{"data":"Clash","floor":8,"key":"SMITH"},{"floor":15,"key":"REST"},{"floor":23,"key":"REST"},{"floor":32,"key":"REST"},{"floor":40,"key":"REST"}],"neow_cost":"NONE","seed_source_timestamp":287450202226627,"circlet_count":0,"master_deck":["Strike_R","Strike_R","Strike_R+1","Strike_R+1","Bash+1","Clash+1","Dropkick"],"relics":["Burning Blood","NeowsBlessing","Potion Belt","Whetstone","Golden Idol","Bag of Preparation","Busted Crown","Red Mask","Strawberry","MutagenicStrength","Black Star"],"potions_floor_usage":[16,21,21,28,33,33,41,41],"damage_taken":[{"damage":0,"enemies":"Jaw Worm","floor":1,"turns":1},{"damage":0,"enemies":"Cultist","floor":3,"turns":1},{"damage":0,"enemies":"Small Slimes","floor":5,"turns":1},{"damage":9,"enemies":"Blue Slaver","floor":7,"turns":3},{"damage":31,"enemies":"Lagavulin","floor":10,"turns":4},{"damage":11,"enemies":"Slime Boss","floor":16,"turns":7},{"damage":20,"enemies":"2 Thieves","floor":18,"turns":3},{"damage":12,"enemies":"3 Byrds","floor":20,"turns":4},{"damage":20,"enemies":"Masked Bandits","floor":21,"turns":4},{"damage":20,"enemies":"Centurion and Healer","floor":22,"turns":5},{"damage":16,"enemies":"3 Cultists","floor":24,"turns":4},{"damage":5,"enemies":"Snake Plant","floor":25,"turns":2},{"damage":16,"enemies":"Colosseum Slavers","floor":27,"turns":3},{"damage":19,"enemies":"Sentry and Sphere","floor":28,"turns":4},{"damage":73,"enemies":"Collector","floor":33,"turns":7},{"damage":38,"enemies":"3 Darklings","floor":35,"turns":8},{"damage":0,"enemies":"Orb Walker","floor":37,"turns":1},{"damage":44,"enemies":"Writhing Mass","floor":39,"turns":4},{"damage":58,"enemies":"Reptomancer","floor":41,"turns":4}],"seed_played":"312083054943178221","potions_obtained":[{"floor":3,"key":"Fire Potion"},{"floor":5,"key":"Energy Potion"},{"floor":7,"key":"GamblersBrew"},{"floor":16,"key":"Swift Potion"},{"floor":18,"key":"LiquidBronze"},{"floor":20,"key":"SkillPotion"},{"floor":24,"key":"Strength Potion"},{"floor":25,"key":"LiquidBronze"},{"floor":28,"key":"Explosive Potion"},{"floor":33,"key":"SkillPotion"},{"floor":37,"key":"BloodPotion"}],"is_trial":false,"path_per_floor":["M","?","M","$","M","R","M","R","T","E","$","?","T","?","R","B",null,"M","?","M","?","M","R","M","M","T","?","M","$","?","?","R","B",null,"M","?","M","$","M","R","E"],"character_chosen":"IRONCLAD","items_purchased":[],"campfire_rested":4,"item_purchase_floors":[],"current_hp_per_floor":[80,80,80,80,80,80,77,77,77,52,52,52,52,41,63,58,74,60,60,54,40,26,48,38,39,46,36,23,23,23,50,74,7,81,49,49,55,55,17,41,0],"gold":321,"neow_bonus":"THREE_ENEMY_KILL","is_prod":false,"is_daily":false,"chose_seed":false,"campfire_upgraded":2,"win_rate":0,"timestamp":1544479447,"path_taken":["M","?","?","$","M","R","M","R","T","E","$","?","?","?","R","BOSS","M","?","M","?","M","R","M","M","T","?","M","$","?","?","R","BOSS","M","?","M","$","M","R","E"],"build_version":"2018-12-06","purchased_purges":4,"victory":false,"max_hp_per_floor":[80,80,80,80,80,80,80,80,80,80,80,74,74,74,74,74,74,74,74,74,74,74,74,74,74,81,81,81,81,81,81,81,81,81,81,81,81,81,81,81,81],"card_choices":[{"not_picked":["Iron Wave","Battle Trance","Carnage"],"picked":"SKIP","floor":1},{"not_picked":["Armaments","Headbutt","Metallicize"],"picked":"SKIP","floor":3},{"not_picked":["Metallicize","Dropkick"],"picked":"Clash","floor":5},{"not_picked":["Second Wind","Fire Breathing"],"picked":"Dropkick","floor":7},{"not_picked":["Pummel","Spot Weakness","Cleave"],"picked":"SKIP","floor":10},{"not_picked":["Perfected Strike"],"picked":"SKIP","floor":18},{"not_picked":["Whirlwind+1"],"picked":"SKIP","floor":20},{"not_picked":["Warcry"],"picked":"SKIP","floor":22},{"not_picked":["Evolve+1"],"picked":"SKIP","floor":24},{"not_picked":["Wild Strike"],"picked":"SKIP","floor":25},{"not_picked":["Iron Wave"],"picked":"SKIP","floor":28},{"not_picked":["Cleave"],"picked":"SKIP","floor":35},{"not_picked":["Body Slam+1"],"picked":"SKIP","floor":37},{"not_picked":["Perfected Strike+1"],"picked":"SKIP","floor":39}],"player_experience":314511,"relics_obtained":[{"floor":9,"key":"Potion Belt"},{"floor":10,"key":"Whetstone"},{"floor":13,"key":"Bag of Preparation"},{"floor":21,"key":"Red Mask"},{"floor":26,"key":"Strawberry"}],"event_choices":[{"damage_healed":0,"gold_gain":0,"player_choice":"Ignored","damage_taken":0,"max_hp_gain":0,"max_hp_loss":0,"event_name":"NoteForYourself","floor":2,"gold_loss":0},{"damage_healed":0,"gold_gain":0,"player_choice":"Lose Max HP","damage_taken":0,"relics_obtained":["Golden Idol"],"max_hp_gain":0,"max_hp_loss":6,"event_name":"Golden Idol","floor":12,"gold_loss":0},{"damage_healed":0,"gold_gain":75,"player_choice":"Gather Gold","damage_taken":11,"max_hp_gain":0,"max_hp_loss":0,"event_name":"World of Goop","floor":14,"gold_loss":0},{"damage_healed":0,"gold_gain":0,"player_choice":"Fought Bandits","damage_taken":0,"max_hp_gain":0,"max_hp_loss":0,"event_name":"Masked Bandits","floor":21,"gold_loss":0},{"damage_healed":0,"gold_gain":0,"player_choice":"Fight","damage_taken":0,"max_hp_gain":0,"max_hp_loss":0,"event_name":"Colosseum","floor":27,"gold_loss":0},{"damage_healed":0,"gold_gain":0,"player_choice":"Fled From Nobs","damage_taken":0,"max_hp_gain":0,"max_hp_loss":0,"event_name":"Colosseum","floor":27,"gold_loss":0},{"damage_healed":0,"gold_gain":0,"player_choice":"Inject Mutagens","damage_taken":0,"relics_obtained":["MutagenicStrength"],"max_hp_gain":0,"max_hp_loss":0,"event_name":"Drug Dealer","floor":30,"gold_loss":0},{"damage_healed":27,"gold_gain":0,"player_choice":"Heal","damage_taken":0,"max_hp_gain":0,"max_hp_loss":0,"event_name":"The Library","floor":31,"gold_loss":0},{"cards_removed":["Defend_R"],"damage_healed":0,"gold_gain":0,"player_choice":"Removed Skill","damage_taken":0,"max_hp_gain":0,"max_hp_loss":0,"event_name":"Falling","floor":36,"gold_loss":0}],"is_beta":false,"boss_relics":[{"not_picked":["Tiny House","Astrolabe"],"picked":"Busted Crown"},{"not_picked":["Eternal Feather","Snecko Eye"],"picked":"Black Star"}],"items_purged_floors":[4,11,29,38],"is_endless":false,"potions_floor_spawned":[3,5,7,16,18,20,24,25,28,33,37,39],"killed_by":"Reptomancer","ascension_level":0}