{"gold_per_floor":[117,135,46,46,46,46,87,87,87,108,182,182,203,28,28,156,156,172,190,206,131,154,154,179,218,243,262,262,303,303,344,344,473,473,498,498,518,518,740,780,780,795,795,819,837,837,857,877,877,877],"floor_reached":50,"playtime":4269,"items_purged":["Defend_G"],"score":752,"play_id":"7f0467e5-ed58-47fe-aea6-8607efc492fb","local_time":"20190112234159","is_ascension_mode":true,"campfire_choices":[{"floor":6.0,"key":"REST"},{"data":"Neutralize","floor":8.0,"key":"SMITH"},{"data":"Backflip","floor":15.0,"key":"SMITH"},{"floor":23.0,"key":"REST"},{"floor":28.0,"key":"REST"},{"floor":30.0,"key":"RECALL"},{"floor":32.0,"key":"REST"},{"floor":41,"key":"REST"},{"floor":49,"key":"REST"}],"neow_cost":"NONE","seed_source_timestamp":102941466627626,"circlet_count":0,"master_deck":["Defend_G","Defend_G","Defend_G","Defend_G","Strike_G","Survivor","Neutralize+1","Outmaneuver","Terror","Finisher","Flying Knee","Dagger Throw","Backstab+1","Backflip+1","Poisoned Stab+1","Sucker Punch+1","Choke+1","Glass Knife+1","Sucker Punch+1","Quick Slash+1","Infinite Blades","Calculated Gamble","Dodge and Roll+1","Riddle With Holes+1","Backstab+1","Flying Knee+1","Dash+1","Die Die Die+1","Flying Knee+1","Mind Blast+1","Dagger Throw+1","Writhe","Flying Knee+1","Caltrops+1","Dagger Spray+1","Heel Hook+1","Dodge and Roll+1"],"special_seed":0,"relics":["Ring of the Snake","NeowsBlessing","Golden Idol","Mercury Hourglass","Molten Egg 2","Ancient Tea Set","Fusion Hammer","Snake Skull","Art of War","Red Mask","Empty Cage","Juzu Bracelet","Dodecahedron"],"potions_floor_usage":[35,42,44,44,45,48,50],"damage_taken":[{"damage":0.0,"enemies":"2 Louse","floor":1.0,"turns":1.0},{"damage":0.0,"enemies":"Jaw Worm","floor":2.0,"turns":1.0},{"damage":0.0,"enemies":"3 Sentries","floor":7.0,"turns":1.0},{"damage":0.0,"enemies":"Small Slimes","floor":10.0,"turns":2.0},{"damage":3.0,"enemies":"3 Sentries","floor":11.0,"turns":6.0},{"damage":4.0,"enemies":"Exordium Wildlife","floor":13.0,"turns":3.0},{"damage":25.0,"enemies":"The Guardian","floor":16.0,"turns":7.0},{"damage":4.0,"enemies":"Shell Parasite","floor":18.0,"turns":2.0},{"damage":0.0,"enemies":"3 Byrds","floor":19.0,"turns":4.0},{"damage":0.0,"enemies":"3 Cultists","floor":20.0,"turns":3.0},{"damage":9.0,"enemies":"Cultist and Chosen","floor":22.0,"turns":4.0},{"damage":10.0,"enemies":"Centurion and Healer","floor":24.0,"turns":3.0},{"damage":11.0,"enemies":"Gremlin Leader","floor":25.0,"turns":4.0},{"damage":0.0,"enemies":"Snake Plant","floor":27.0,"turns":2.0},{"damage":0.0,"enemies":"Slavers","floor":29.0,"turns":3.0},{"damage":0.0,"enemies":"Masked Bandits","floor":31.0,"turns":2.0},{"damage":9.0,"enemies":"Collector","floor":33.0,"turns":6.0},{"damage":12,"enemies":"3 Darklings","floor":35,"turns":6},{"damage":8,"enemies":"3 Shapes","floor":37,"turns":2},{"damage":0,"enemies":"Nemesis","floor":40,"turns":4},{"damage":23,"enemies":"Spire Growth","floor":42,"turns":3},{"damage":28,"enemies":"Writhing Mass","floor":44,"turns":3},{"damage":8,"enemies":"4 Shapes","floor":45,"turns":3},{"damage":23,"enemies":"Maw","floor":47,"turns":6},{"damage":10,"enemies":"Transient","floor":48,"turns":5},{"damage":48,"enemies":"Time Eater","floor":50,"turns":8}],"seed_played":"1246913376147367834","potions_obtained":[{"floor":7.0,"key":"Dexterity Potion"},{"floor":11.0,"key":"PowerPotion"},{"floor":16.0,"key":"Block Potion"},{"floor":24.0,"key":"Strength Potion"},{"floor":25.0,"key":"Ancient Potion"},{"floor":27.0,"key":"Block Potion"},{"floor":29.0,"key":"Regen Potion"},{"floor":37,"key":"FearPotion"},{"floor":40,"key":"SteroidPotion"},{"floor":42,"key":"GhostInAJar"},{"floor":45,"key":"Strength Potion"},{"floor":48,"key":"EssenceOfSteel"}],"is_trial":false,"path_per_floor":["M","M","$","?","?","R","E","R","T","M","?","?","M","$","R","B",null,"M","M","M","?","M","R","M","E","T","M","R","E","R","?","R","B",null,"M","?","M","?","?","E","R","M","T","M","M","?","M","M","R","B"],"character_chosen":"THE_SILENT","items_purchased":["Finisher","Flying Knee","Sucker Punch+1","Choke+1"],"campfire_rested":6,"item_purchase_floors":[3,3,14,14],"current_hp_per_floor":[70,70,70,53,46,67,67,67,67,67,64,64,60,60,60,35,70,66,66,66,66,57,70,60,49,49,49,70,70,70,70,70,61,70,58,58,50,68,68,68,70,47,47,28,20,61,38,28,46,0],"gold":877,"neow_bonus":"THREE_ENEMY_KILL","is_prod":false,"is_daily":false,"chose_seed":false,"campfire_upgraded":2,"win_rate":0,"timestamp":1547329319,"path_taken":["M","M","$","?","?","R","E","R","T","M","?","?","?","$","R","BOSS","M","M","M","?","M","R","M","E","T","M","R","E","R","?","R","BOSS","M","?","M","?","?","E","R","M","T","M","M","?","M","M","R","BOSS"],"build_version":"2019-01-10","purchased_purges":1,"victory":false,"max_hp_per_floor":[70,70,70,70,70,70,70,70,70,70,70,70,70,70,70,70,70,70,70,70,70,70,70,70,70,70,70,70,70,70,70,70,70,70,70,70,70,70,70,70,70,70,70,70,70,61,61,61,61,61],"card_choices":[{"not_picked":["Dodge and Roll","Prepared"],"picked":"Outmaneuver","floor":1.0},{"not_picked":["Predator","Deflect"],"picked":"Terror","floor":2.0},{"not_picked":["Calculated Gamble","Deflect"],"picked":"Dagger Throw","floor":7.0},{"not_picked":["Dagger Spray+1","PiercingWail"],"picked":"Backstab+1","floor":10.0},{"not_picked":["Outmaneuver","Escape Plan"],"picked":"Backflip","floor":11.0},{"not_picked":["Eviscerate+1","Cloak And Dagger"],"picked":"Poisoned Stab+1","floor":13.0},{"not_picked":["Venomology","Malaise"],"picked":"Glass Knife+1","floor":16.0},{"not_picked":["Finisher+1","Blur+1"],"picked":"Sucker Punch+1","floor":18.0},{"not_picked":["Tactician+1","Dodge and Roll"],"picked":"Quick Slash+1","floor":19.0},{"not_picked":["Noxious Fumes","Deadly Poison+1"],"picked":"Infinite Blades","floor":20.0},{"not_picked":["Concentrate","Terror"],"picked":"Calculated Gamble","floor":22.0},{"not_picked":["Prepared","Slice+1"],"picked":"Dodge and Roll+1","floor":24.0},{"not_picked":["Wraith Form v2","Slice+1"],"picked":"Riddle With Holes+1","floor":25.0},{"not_picked":["Flechettes+1","Acrobatics+1"],"picked":"Backstab+1","floor":27.0},{"not_picked":["Cloak And Dagger","Bouncing Flask"],"picked":"Flying Knee+1","floor":29.0},{"not_picked":["Poisoned Stab+1","Underhanded Strike+1"],"picked":"Dash+1","floor":31.0},{"not_picked":["Unload+1","Envenom"],"picked":"Die Die Die+1","floor":33.0},{"not_picked":["PiercingWail+1","Deflect+1"],"picked":"Flying Knee+1","floor":35},{"not_picked":["Apotheosis","Sadistic Nature"],"picked":"Mind Blast+1","floor":36},{"not_picked":["Underhanded Strike+1","PiercingWail"],"picked":"Dagger Throw+1","floor":37},{"not_picked":["PiercingWail","Deadly Poison+1"],"picked":"Flying Knee+1","floor":40},{"not_picked":["Slice+1","Underhanded Strike+1"],"picked":"Caltrops+1","floor":42},{"not_picked":["Bouncing Flask+1","Deflect+1"],"picked":"Dagger Spray+1","floor":44},{"not_picked":["Poisoned Stab+1","Noxious Fumes"],"picked":"Heel Hook+1","floor":45},{"not_picked":["Cloak And Dagger","Reflex+1","Prepared+1"],"picked":"SKIP","floor":47},{"not_picked":["A Thousand Cuts","PiercingWail+1"],"picked":"Dodge and Roll+1","floor":48}],"player_experience":194928,"relics_obtained":[{"floor":7.0,"key":"Mercury Hourglass"},{"floor":9.0,"key":"Molten Egg 2"},{"floor":25.0,"key":"Snake Skull"},{"floor":29.0,"key":"Art of War"},{"floor":31.0,"key":"Red Mask"},{"floor":40,"key":"Juzu Bracelet"},{"floor":43,"key":"Dodecahedron"}],"event_choices":[{"damage_healed":0.0,"max_hp_gain":0.0,"max_hp_loss":0.0,"gold_gain":0.0,"event_name":"Golden Idol","player_choice":"Take Damage","floor":4.0,"gold_loss":0.0,"damage_taken":17.0,"relics_obtained":["Golden Idol"]},{"cards_removed":["Strike_G"],"damage_healed":0.0,"max_hp_gain":0.0,"max_hp_loss":0.0,"gold_gain":0.0,"event_name":"Golden Wing","player_choice":"Card Removal","floor":5.0,"gold_loss":0.0,"damage_taken":7.0},{"damage_healed":0.0,"max_hp_gain":0.0,"max_hp_loss":0.0,"gold_gain":0.0,"event_name":"Dead Adventurer","player_choice":"Searched \u00272\u0027 times","floor":11.0,"gold_loss":0.0,"damage_taken":0.0,"relics_obtained":["Ancient Tea Set"]},{"damage_healed":0.0,"max_hp_gain":0.0,"max_hp_loss":0.0,"gold_gain":0.0,"event_name":"Liars Game","player_choice":"Ignored","floor":12.0,"gold_loss":0.0,"damage_taken":0.0},{"cards_removed":["Strike_G"],"damage_healed":0.0,"max_hp_gain":0.0,"max_hp_loss":0.0,"gold_gain":0.0,"event_name":"Beggar","player_choice":"Gave Gold","floor":21.0,"gold_loss":75.0,"damage_taken":0.0},{"damage_healed":0.0,"max_hp_gain":0.0,"max_hp_loss":0.0,"gold_gain":0.0,"event_name":"Masked Bandits","player_choice":"Fought Bandits","floor":31.0,"gold_loss":0.0,"damage_taken":0.0},{"damage_healed":0,"gold_gain":0,"player_choice":"Memory 1","damage_taken":0,"max_hp_gain":0,"max_hp_loss":0,"event_name":"SensoryStone","floor":36,"gold_loss":0},{"damage_healed":18,"gold_gain":0,"player_choice":"Writhe","damage_taken":0,"max_hp_gain":0,"max_hp_loss":0,"event_name":"Winding Halls","floor":38,"gold_loss":0,"cards_obtained":["Writhe"]},{"damage_healed":0,"gold_gain":222,"player_choice":"Wore Mask","damage_taken":0,"max_hp_gain":0,"max_hp_loss":0,"event_name":"Tomb of Lord Red Mask","floor":39,"gold_loss":0},{"damage_healed":61,"gold_gain":0,"player_choice":"Heal","damage_taken":0,"max_hp_gain":0,"max_hp_loss":9,"event_name":"The Moai Head","floor":46,"gold_loss":0}],"is_beta":false,"boss_relics":[{"not_picked":["Black Star","Runic Pyramid"],"picked":"Fusion Hammer"},{"not_picked":["Calling Bell","WristBlade"],"picked":"Empty Cage"}],"items_purged_floors":[14],"is_endless":false,"potions_floor_spawned":[7,11,16,24,25,27,29,37,40,42,45,48],"killed_by":"Time Eater","ascension_level":3}