{"gold_per_floor":[115,115,177,196,171,171,204,204,204,219,269,18,243,247,247,347,347,357,369,167,180,329,329,379,379,406,456,456],"floor_reached":28,"playtime":682,"items_purged":[],"score":239,"play_id":"8f0a048b-781b-45eb-9b4a-fb8141e95604","local_time":"20190505212801","is_ascension_mode":false,"campfire_choices":[{"data":"Flex","floor":6,"key":"SMITH"},{"data":"Demon Form","floor":8,"key":"SMITH"},{"floor":15,"key":"REST"},{"data":"Pommel Strike","floor":23,"key":"SMITH"},{"data":"Limit Break","floor":25,"key":"SMITH"}],"neow_cost":"NONE","seed_source_timestamp":8077747039200,"circlet_count":0,"master_deck":["Strike_R","Strike_R","Strike_R","Strike_R","Strike_R","Defend_R","Defend_R","Defend_R","Defend_R","Bash","Wild Strike","Iron Wave","Thunderclap+1","Flex+1","Demon Form+1","Pain","Twin Strike","Doubt","Limit Break+1","Pommel Strike+1","Pommel Strike+1","Acrobatics","Ghostly","Ghostly","Ghostly","Ghostly","Ghostly","Decay"],"relics":["Cursed Key","SsserpentHead","Question Card","Bag of Preparation","Happy Flower","Bottled Tornado","Coffee Dripper","PrismaticShard","Smiling Mask"],"potions_floor_usage":[16,16,16],"damage_taken":[{"damage":3,"enemies":"Jaw Worm","floor":1,"turns":3},{"damage":0,"enemies":"Cultist","floor":3,"turns":2},{"damage":0,"enemies":"2 Louse","floor":4,"turns":3},{"damage":22,"enemies":"3 Sentries","floor":7,"turns":6},{"damage":11,"enemies":"Looter","floor":10,"turns":3},{"damage":39,"enemies":"Hexaghost","floor":16,"turns":6},{"damage":12,"enemies":"3 Byrds","floor":18,"turns":5},{"damage":28,"enemies":"2 Thieves","floor":19,"turns":3},{"damage":24,"enemies":"Snecko","floor":21,"turns":4},{"damage":21,"enemies":"3 Cultists","floor":28,"turns":2}],"seed_played":"7516467950067348458","potions_obtained":[{"floor":1,"key":"Poison Potion"},{"floor":3,"key":"FearPotion"},{"floor":4,"key":"GamblersBrew"},{"floor":19,"key":"SteroidPotion"},{"floor":21,"key":"Dexterity Potion"}],"is_trial":false,"path_per_floor":["M","?","M","M","$","R","E","R","T","M","?","$","?","?","R","B",null,"M","M","$","M","?","R","?","R","T","?","M"],"character_chosen":"IRONCLAD","items_purchased":["Flex","Bottled Tornado","PrismaticShard"],"campfire_rested":1,"item_purchase_floors":[5,12,20],"current_hp_per_floor":[77,77,77,77,77,77,55,55,55,44,26,26,26,26,50,11,80,68,40,40,16,16,16,16,16,16,16,0],"gold":456,"neow_bonus":"BOSS_RELIC","is_prod":false,"is_daily":false,"chose_seed":false,"campfire_upgraded":4,"win_rate":0,"timestamp":1557080881,"path_taken":["M","?","?","M","$","R","E","R","T","M","?","$","?","?","R","BOSS","M","M","$","M","?","R","?","R","T","?","M"],"build_version":"2019-01-23","purchased_purges":0,"victory":false,"max_hp_per_floor":[80,80,80,80,80,80,80,80,80,80,80,80,80,80,80,80,80,80,80,80,80,80,80,40,40,40,40,40],"card_choices":[{"not_picked":["Flame Barrier","Havoc"],"picked":"Wild Strike","floor":1},{"not_picked":["Headbutt","Wild Strike"],"picked":"Iron Wave","floor":3},{"not_picked":["Headbutt","Disarm"],"picked":"Thunderclap","floor":4},{"not_picked":["Heavy Blade","Headbutt"],"picked":"Demon Form","floor":7},{"not_picked":["Rampage","Flex","Shrug It Off"],"picked":"Twin Strike","floor":10},{"not_picked":["Reaper","Barricade","Berserk"],"picked":"Limit Break","floor":16},{"not_picked":["Combust+1","Havoc","Reckless Charge"],"picked":"Pommel Strike","floor":18},{"not_picked":["Rupture","Corruption","Sever Soul"],"picked":"Pommel Strike+1","floor":19},{"not_picked":["Coolheaded","Go for the Eyes+1","Master of Strategy"],"picked":"Acrobatics","floor":21}],"player_experience":281182,"relics_obtained":[{"floor":7,"key":"Question Card"},{"floor":9,"key":"Bag of Preparation"},{"floor":26,"key":"Smiling Mask"}],"event_choices":[{"damage_healed":0,"gold_gain":0,"player_choice":"Trade","damage_taken":0,"relics_obtained":["SsserpentHead"],"max_hp_gain":0,"max_hp_loss":0,"event_name":"FaceTrader","floor":2,"gold_loss":0},{"damage_healed":0,"gold_gain":0,"player_choice":"Success","damage_taken":18,"relics_obtained":["Happy Flower"],"max_hp_gain":0,"max_hp_loss":0,"event_name":"Scrap Ooze","floor":11,"gold_loss":0},{"damage_healed":0,"gold_gain":175,"player_choice":"AGREE","damage_taken":0,"max_hp_gain":0,"max_hp_loss":0,"event_name":"Liars Game","floor":13,"gold_loss":0,"cards_obtained":["Doubt"]},{"damage_healed":0,"gold_gain":0,"player_choice":"Left Gold","damage_taken":0,"max_hp_gain":0,"max_hp_loss":0,"event_name":"World of Goop","floor":14,"gold_loss":46},{"damage_healed":0,"gold_gain":99,"player_choice":"Stole From Cult","damage_taken":0,"max_hp_gain":0,"max_hp_loss":0,"event_name":"Nest","floor":22,"gold_loss":0},{"damage_healed":0,"gold_gain":0,"player_choice":"Became a Ghost","damage_taken":0,"max_hp_gain":0,"max_hp_loss":40,"event_name":"Ghosts","floor":24,"gold_loss":0,"cards_obtained":["Ghostly","Ghostly","Ghostly","Ghostly","Ghostly"]},{"damage_healed":0,"gold_gain":0,"player_choice":"Upgraded","damage_taken":0,"max_hp_gain":0,"max_hp_loss":0,"event_name":"Upgrade Shrine","floor":27,"gold_loss":0,"cards_upgraded":["Thunderclap"]}],"is_beta":false,"boss_relics":[{"not_picked":["Calling Bell","Philosopher\u0027s Stone"],"picked":"Coffee Dripper"}],"items_purged_floors":[],"is_endless":false,"potions_floor_spawned":[1,3,4,19,21],"killed_by":"3 Cultists","ascension_level":0}