{"gold_per_floor":[118,293,368,318,318,318,332,332,332,355,390,403,403,419,419,419],"floor_reached":16,"playtime":270,"items_purged":[],"score":98,"play_id":"045b631a-8741-40ee-a24a-06345105d149","local_time":"20190424081525","is_ascension_mode":false,"campfire_choices":[{"data":"Zap","floor":6,"key":"SMITH"},{"data":"Multi-Cast","floor":13,"key":"SMITH"},{"data":"Conserve Battery","floor":15,"key":"SMITH"}],"neow_cost":"NONE","seed_source_timestamp":232572572401705,"circlet_count":0,"master_deck":["Strike_B","Strike_B","Strike_B","Strike_B","Defend_B","Defend_B","Defend_B","Defend_B","Zap+1","Dualcast+1","Conserve Battery+1","Auto Shields+1","Regret","Multi-Cast+1","Go for the Eyes+1","Streamline+1"],"relics":["Cracked Core","Juzu Bracelet","Mummified Hand","Molten Egg 2","War Paint","Centennial Puzzle"],"potions_floor_usage":[11,16],"damage_taken":[{"damage":1,"enemies":"Jaw Worm","floor":1,"turns":3},{"damage":2,"enemies":"Small Slimes","floor":7,"turns":3},{"damage":20,"enemies":"Gremlin Nob","floor":11,"turns":4},{"damage":5,"enemies":"2 Louse","floor":12,"turns":2},{"damage":2,"enemies":"Looter","floor":14,"turns":2},{"damage":27,"enemies":"Slime Boss","floor":16,"turns":6}],"seed_played":"-1791814175089931174","potions_obtained":[{"floor":7,"key":"LiquidBronze"},{"floor":14,"key":"AttackPotion"}],"is_trial":false,"path_per_floor":["M","?","?","?","T","R","M","?","T","T","E","M","R","M","R","B"],"character_chosen":"DEFECT","items_purchased":[],"campfire_rested":0,"item_purchase_floors":[],"current_hp_per_floor":[74,74,63,63,63,63,61,61,61,61,41,36,36,34,34,7],"gold":419,"neow_bonus":"RANDOM_COMMON_RELIC","is_prod":false,"is_daily":false,"chose_seed":false,"campfire_upgraded":3,"win_rate":0,"timestamp":1556061325,"path_taken":["M","?","?","?","?","R","M","?","T","?","E","M","R","M","R","BOSS"],"build_version":"2019-01-23","purchased_purges":0,"victory":false,"max_hp_per_floor":[75,75,75,75,75,75,75,75,75,75,75,75,75,75,75,75],"card_choices":[{"not_picked":["Streamline","Go for the Eyes"],"picked":"Conserve Battery","floor":1},{"not_picked":["Gash","Streamline"],"picked":"Auto Shields","floor":7},{"not_picked":["Coolheaded","Undo"],"picked":"Multi-Cast","floor":11},{"not_picked":["Compile Driver+1","Stack"],"picked":"Go for the Eyes+1","floor":12},{"not_picked":["Gash+1","Rebound+1"],"picked":"Streamline+1","floor":14}],"player_experience":353643,"relics_obtained":[{"floor":5,"key":"Mummified Hand"},{"floor":9,"key":"War Paint"},{"floor":11,"key":"Centennial Puzzle"}],"event_choices":[{"damage_healed":0,"gold_gain":175,"player_choice":"AGREE","damage_taken":0,"max_hp_gain":0,"max_hp_loss":0,"event_name":"Liars Game","floor":2,"gold_loss":0,"cards_obtained":["Doubt"]},{"damage_healed":0,"gold_gain":75,"player_choice":"Gather Gold","damage_taken":11,"max_hp_gain":0,"max_hp_loss":0,"event_name":"World of Goop","floor":3,"gold_loss":0},{"cards_removed":["Doubt"],"damage_healed":0,"gold_gain":0,"player_choice":"Card Removal","damage_taken":0,"max_hp_gain":0,"max_hp_loss":0,"event_name":"The Cleric","floor":4,"gold_loss":50},{"damage_healed":0,"gold_gain":0,"player_choice":"Box","damage_taken":0,"relics_obtained":["Molten Egg 2"],"max_hp_gain":0,"max_hp_loss":0,"event_name":"Big Fish","floor":8,"gold_loss":0,"cards_obtained":["Regret"]}],"is_beta":false,"boss_relics":[],"items_purged_floors":[],"is_endless":false,"potions_floor_spawned":[7,14],"killed_by":"Slime Boss","ascension_level":0}