{"gold_per_floor":[118,134,145,155,167,502,502,514,514,464,464,481,514,514,514,617,617,637,286,306,306,336,371,0,0,0,0,20,20,30,41,41,41],"floor_reached":33,"playtime":4352,"items_purged":["Strike_G"],"score":279,"play_id":"8b84f5dc-7fd5-48c2-8fe3-110622e1c9c7","local_time":"20180706155804","is_ascension_mode":false,"campfire_choices":[{"floor":7,"key":"REST"},{"data":"1","floor":15,"key":"LIFT"},{"floor":25,"key":"REST"},{"floor":29,"key":"REST"},{"floor":32,"key":"REST"}],"neow_cost":"NONE","seed_source_timestamp":1960748284457779,"circlet_count":0,"master_deck":["Defend_G","Defend_G","Defend_G","Defend_G","Survivor","Neutralize","Choke","Dagger Throw","Flying Knee","Backflip","Leg Sweep","Escape Plan","Dagger Throw","Choke","Slice","Dagger Throw","Phantasmal Killer+1","Corpse Explosion+1","Doppelganger+1","Riddle With Holes+1","Terror+1","Infinite Blades","Prepared+1","Blur+1","Outmaneuver+1","Expertise+1","Escape Plan+1","Expertise+1"],"relics":["Ring of the Snake","Old Coin","Toxic Egg 2","Girya","Tough Bandages","Astrolabe","Lantern","Tiny Chest","Blood Vial","Molten Egg 2","Question Card"],"potions_floor_usage":[13,23,31,33],"damage_taken":[{"damage":3,"enemies":"Small Slimes","floor":1,"turns":4},{"damage":0,"enemies":"2 Louse","floor":2,"turns":3},{"damage":2,"enemies":"Jaw Worm","floor":3,"turns":3},{"damage":0,"enemies":"Large Slime","floor":4,"turns":6},{"damage":4,"enemies":"2 Fungi Beasts","floor":5,"turns":3},{"damage":19,"enemies":"3 Sentries","floor":6,"turns":12},{"damage":2,"enemies":"Blue Slaver","floor":8,"turns":4},{"damage":1,"enemies":"Large Slime","floor":12,"turns":5},{"damage":3,"enemies":"Gremlin Nob","floor":13,"turns":5},{"damage":13,"enemies":"Slime Boss","floor":16,"turns":13},{"damage":2,"enemies":"Shell Parasite","floor":18,"turns":3},{"damage":0,"enemies":"Spheric Guardian","floor":20,"turns":3},{"damage":32,"enemies":"Slavers","floor":23,"turns":5},{"damage":11,"enemies":"Centurion and Healer","floor":28,"turns":3},{"damage":0,"enemies":"Snake Plant","floor":30,"turns":2},{"damage":13,"enemies":"3 Cultists","floor":31,"turns":6},{"damage":97,"enemies":"Champ","floor":33,"turns":10}],"seed_played":"-6578338583209525589","potions_obtained":[{"floor":3,"key":"GhostInAJar"},{"floor":4,"key":"Energy Potion"},{"floor":6,"key":"FairyPotion"},{"floor":28,"key":"LiquidBronze"},{"floor":30,"key":"Dexterity Potion"}],"is_trial":false,"path_per_floor":["M","M","M","M","M","E","R","M","T","?","?","M","E","?","R","B",null,"M","$","M","?","?","E","?","R","T","T","M","R","M","M","R"],"character_chosen":"THE_SILENT","items_purchased":["Infinite Blades","Lantern","Prepared+1"],"campfire_rested":4,"item_purchase_floors":[19,19,19],"current_hp_per_floor":[67,67,65,65,61,42,63,61,61,61,61,60,57,54,54,41,70,68,68,68,55,55,23,23,45,45,45,36,58,60,49,71,0],"gold":41,"neow_bonus":"TRANSFORM_CARD","is_prod":false,"is_daily":false,"chose_seed":false,"campfire_upgraded":0,"win_rate":0.0,"timestamp":1530907084,"path_taken":["M","M","M","M","M","E","R","M","T","?","?","M","E","?","R","BOSS","M","$","M","?","?","E","?","R","T","?","M","R","M","M","R","BOSS"],"build_version":"2018-07-05","purchased_purges":1,"victory":false,"max_hp_per_floor":[70,70,70,70,70,70,70,70,70,70,70,70,70,70,70,70,70,70,70,70,75,75,75,75,75,75,75,75,75,75,75,75,75],"card_choices":[{"not_picked":["Sucker Punch","Expertise"],"picked":"Dagger Throw","floor":1},{"not_picked":["Bane","PiercingWail"],"picked":"Flying Knee","floor":2},{"not_picked":["Dagger Throw","Dodge and Roll"],"picked":"Backflip","floor":3},{"not_picked":["All Out Attack","Sucker Punch"],"picked":"Leg Sweep","floor":4},{"not_picked":["Sucker Punch","Corpse Explosion"],"picked":"Escape Plan","floor":5},{"not_picked":["Calculated Gamble","Deflect"],"picked":"Dagger Throw","floor":6},{"not_picked":["Blur","Slice"],"picked":"Choke","floor":8},{"not_picked":["Bane","Tools of the Trade"],"picked":"Slice","floor":12},{"not_picked":["Underhanded Strike","Eviscerate"],"picked":"Dagger Throw","floor":13},{"not_picked":["Doppelganger+1","Wraith Form v2"],"picked":"Phantasmal Killer+1","floor":16},{"not_picked":["Quick Slash","Bane"],"picked":"Terror+1","floor":18},{"not_picked":["Bane+1","Choke"],"picked":"Blur+1","floor":20},{"not_picked":["Crippling Poison+1","Catalyst+1"],"picked":"Outmaneuver+1","floor":23},{"not_picked":["Sucker Punch+1","Skewer+1","Malaise+1"],"picked":"Expertise+1","floor":28},{"not_picked":["Underhanded Strike+1","Acrobatics+1","Catalyst+1"],"picked":"Escape Plan+1","floor":30},{"not_picked":["Corpse Explosion+1","Dash+1","Dagger Throw+1"],"picked":"Expertise+1","floor":31}],"player_experience":68044,"relics_obtained":[{"floor":6,"key":"Old Coin"},{"floor":9,"key":"Toxic Egg 2"},{"floor":13,"key":"Girya"},{"floor":23,"key":"Blood Vial"},{"floor":26,"key":"Molten Egg 2"},{"floor":27,"key":"Question Card"}],"event_choices":[{"event_name":"The Cleric","player_choice":"Card Removal","floor":10,"damage_taken":0},{"event_name":"Liars Game","player_choice":"disagreed","floor":11,"damage_taken":0},{"event_name":"Scrap Ooze","player_choice":"success","floor":14,"damage_taken":3},{"event_name":"Forgotten Altar","player_choice":"Shed Blood","floor":21,"damage_taken":0},{"event_name":"The Mausoleum","player_choice":"Yes","floor":22,"damage_taken":0},{"event_name":"Masked Bandits","player_choice":"Paid Bandits 371 gold","floor":24,"damage_taken":0}],"boss_relics":[{"not_picked":["Calling Bell","Eternal Feather"],"picked":"Astrolabe"}],"items_purged_floors":[19],"is_endless":false,"potions_floor_spawned":[3,4,6,28,30],"killed_by":"Champ","ascension_level":0}