{"gold_per_floor":[216,229,229,31,46,46,75,75,75,75,91,111,111,142,142,218,218,238,238,163,163,18,18,45,45,45,145,145,170,184,217,217,295,295,313,313,313,325,342,342,242,255,255,255,255,34,34,34,34,34],"floor_reached":51,"playtime":2423,"items_purged":["Strike_G","Strike_G"],"score":1200,"play_id":"7f54d5d7-3a18-448b-b627-79442a636b00","local_time":"20190313081803","is_ascension_mode":true,"campfire_choices":[{"data":"Poisoned Stab","floor":6,"key":"SMITH"},{"floor":8,"key":"REST"},{"data":"Catalyst","floor":10,"key":"SMITH"},{"floor":13,"key":"REST"},{"data":"Well Laid Plans","floor":15,"key":"SMITH"},{"data":"Neutralize","floor":23,"key":"SMITH"},{"data":"Wraith Form v2","floor":25,"key":"SMITH"},{"floor":28,"key":"REST"},{"data":"Adrenaline","floor":32,"key":"SMITH"},{"data":"Night Terror","floor":40,"key":"SMITH"},{"data":"Footwork","floor":44,"key":"SMITH"},{"data":"Prepared","floor":47,"key":"SMITH"},{"data":"Leg Sweep","floor":49,"key":"SMITH"}],"neow_cost":"NONE","seed_source_timestamp":192437278488,"circlet_count":0,"master_deck":["AscendersBane","Defend_G","Defend_G+1","Defend_G","Defend_G+1","Strike_G","Strike_G","Survivor","Neutralize+1","Well Laid Plans+1","Poisoned Stab+1","Dagger Throw","Catalyst+1","Poisoned Stab","Adrenaline+1","Die Die Die","Deadly Poison","Dash","Deflect","Corpse Explosion","Wraith Form v2+1","Deflect","Backflip","Night Terror+1","Leg Sweep+1","Footwork+1","Backflip","Prepared+1"],"relics":["Ring of the Snake","Singing Bowl","Anchor","Oddly Smooth Stone","Orrery","Snake Skull","Dream Catcher","Art of War","War Paint","Lantern","Sozu","Ornamental Fan","Bag of Preparation","Bird Faced Urn"],"potions_floor_usage":[24,33],"damage_taken":[{"damage":4,"enemies":"Cultist","floor":1,"turns":5},{"damage":2,"enemies":"Jaw Worm","floor":2,"turns":7},{"damage":0,"enemies":"2 Louse","floor":5,"turns":2},{"damage":35,"enemies":"3 Sentries","floor":7,"turns":11},{"damage":1,"enemies":"Blue Slaver","floor":11,"turns":3},{"damage":15,"enemies":"2 Fungi Beasts","floor":12,"turns":3},{"damage":33,"enemies":"Gremlin Nob","floor":14,"turns":4},{"damage":7,"enemies":"Hexaghost","floor":16,"turns":9},{"damage":0,"enemies":"Chosen","floor":18,"turns":3},{"damage":30,"enemies":"Gremlin Leader","floor":24,"turns":4},{"damage":9,"enemies":"Book of Stabbing","floor":29,"turns":4},{"damage":0,"enemies":"Shell Parasite","floor":30,"turns":5},{"damage":8,"enemies":"Slavers","floor":31,"turns":7},{"damage":30,"enemies":"Automaton","floor":33,"turns":11},{"damage":0,"enemies":"Orb Walker","floor":35,"turns":4},{"damage":0,"enemies":"3 Shapes","floor":38,"turns":5},{"damage":18,"enemies":"Spire Growth","floor":39,"turns":5},{"damage":1,"enemies":"Writhing Mass","floor":42,"turns":4},{"damage":36,"enemies":"Donu and Deca","floor":50,"turns":7}],"seed_played":"-1049213348582211772","potions_obtained":[{"floor":2,"key":"SpeedPotion"},{"floor":3,"key":"LiquidBronze"},{"floor":3,"key":"SteroidPotion"},{"floor":30,"key":"Strength Potion"},{"floor":31,"key":"Poison Potion"}],"is_trial":false,"path_per_floor":["M","M","?","$","M","R","E","R","T","R","M","M","R","E","R","B",null,"M","?","?","?","$","R","E","R","T","?","R","E","M","E","R","B",null,"M","?","?","M","M","R","$","M","T","R","?","$","R","?","R","B",null],"character_chosen":"THE_SILENT","items_purchased":["Dagger Throw","Catalyst","Snake Skull","Backflip","Bag of Preparation","Prepared"],"campfire_rested":3,"item_purchase_floors":[4,4,22,46,46,46],"current_hp_per_floor":[59,57,57,57,57,57,22,43,43,43,44,29,50,19,19,12,63,65,65,65,65,65,65,35,35,35,35,59,52,54,46,46,16,67,67,66,66,68,52,52,52,51,51,51,51,51,51,51,51,21],"gold":34,"neow_bonus":"HUNDRED_GOLD","is_prod":false,"is_daily":false,"chose_seed":false,"campfire_upgraded":10,"win_rate":0,"timestamp":1552479483,"path_taken":["M","?","?","$","M","R","E","R","T","R","M","?","R","E","R","BOSS","M","?","?","?","$","R","E","R","T","?","R","E","?","E","R","BOSS","M","?","?","M","M","R","$","M","T","R","?","?","R","?","R","BOSS"],"build_version":"2019-01-23","purchased_purges":2,"victory":true,"max_hp_per_floor":[70,70,70,70,70,70,70,70,70,70,72,72,72,74,74,74,78,80,80,80,80,80,80,80,80,80,80,80,82,84,84,84,84,84,84,88,84,86,88,88,88,88,88,88,88,88,88,88,88,88],"card_choices":[{"not_picked":["Poisoned Stab","Catalyst"],"picked":"Well Laid Plans","floor":1},{"not_picked":["Bouncing Flask","Flechettes"],"picked":"Poisoned Stab","floor":2},{"not_picked":["Prepared","Outmaneuver","Envenom"],"picked":"SKIP","floor":5},{"not_picked":["Quick Slash","PiercingWail"],"picked":"Poisoned Stab","floor":7},{"not_picked":["Predator","Quick Slash","Riddle With Holes"],"picked":"Singing Bowl","floor":11},{"not_picked":["Poisoned Stab","Deadly Poison"],"picked":"Adrenaline","floor":12},{"not_picked":["Accuracy","Eviscerate","Slice"],"picked":"Singing Bowl","floor":14},{"not_picked":["Grand Finale","Tools of the Trade"],"picked":"Die Die Die","floor":16},{"not_picked":["Blade Dance","Dagger Throw"],"picked":"Deadly Poison","floor":17},{"not_picked":["Dodge and Roll","Blade Dance"],"picked":"Dash","floor":17},{"not_picked":["Riddle With Holes","Dagger Spray"],"picked":"Deflect","floor":17},{"not_picked":["Slice","Flying Knee","Reflex"],"picked":"Singing Bowl","floor":17},{"not_picked":["Concentrate","Bane","Calculated Gamble"],"picked":"Singing Bowl","floor":17},{"not_picked":["Heel Hook","Deflect","Skewer"],"picked":"Singing Bowl","floor":18},{"not_picked":["Underhanded Strike+1","Slice"],"picked":"Wraith Form v2","floor":24},{"not_picked":["Tactician","Blur"],"picked":"Deflect","floor":28},{"not_picked":["Prepared","Dagger Spray","Tactician+1"],"picked":"Singing Bowl","floor":29},{"not_picked":["Deadly Poison","Deflect","Dash"],"picked":"Singing Bowl","floor":30},{"not_picked":["Blade Dance","Cloak And Dagger"],"picked":"Backflip","floor":31},{"not_picked":["Malaise","Bullet Time"],"picked":"Night Terror","floor":33},{"not_picked":["Bane+1","Deflect+1"],"picked":"Leg Sweep","floor":35},{"not_picked":["Metamorphosis","Dramatic Entrance","Swift Strike"],"picked":"Singing Bowl","floor":36},{"not_picked":["HandOfGreed","Trip","Metamorphosis"],"picked":"Singing Bowl","floor":36},{"not_picked":["Poisoned Stab","Cloak And Dagger","Underhanded Strike"],"picked":"Singing Bowl","floor":38},{"not_picked":["Bane+1","Eviscerate","Dash"],"picked":"Singing Bowl","floor":39},{"not_picked":["Deadly Poison","Skewer+1"],"picked":"Footwork","floor":42}],"player_experience":477491,"relics_obtained":[{"floor":7,"key":"Singing Bowl"},{"floor":9,"key":"Anchor"},{"floor":14,"key":"Oddly Smooth Stone"},{"floor":24,"key":"Dream Catcher"},{"floor":26,"key":"Art of War"},{"floor":29,"key":"War Paint"},{"floor":31,"key":"Lantern"},{"floor":43,"key":"Ornamental Fan"}],"event_choices":[{"damage_healed":0,"gold_gain":0,"player_choice":"Got Potions","damage_taken":0,"max_hp_gain":0,"max_hp_loss":0,"event_name":"Lab","floor":3,"gold_loss":0},{"damage_healed":0,"gold_gain":0,"player_choice":"Read","damage_taken":0,"max_hp_gain":0,"max_hp_loss":0,"event_name":"The Library","floor":19,"gold_loss":0,"cards_obtained":["Corpse Explosion"]},{"cards_removed":["Strike_G"],"damage_healed":0,"gold_gain":0,"player_choice":"Gave Gold","damage_taken":0,"max_hp_gain":0,"max_hp_loss":0,"event_name":"Beggar","floor":20,"gold_loss":75},{"damage_healed":0,"gold_gain":0,"player_choice":"Ignored","damage_taken":0,"max_hp_gain":0,"max_hp_loss":0,"event_name":"Vampires","floor":21,"gold_loss":0},{"damage_healed":0,"gold_gain":100,"player_choice":"Pray","damage_taken":0,"max_hp_gain":0,"max_hp_loss":0,"event_name":"Golden Shrine","floor":27,"gold_loss":0},{"damage_healed":0,"gold_gain":0,"player_choice":"Memory 2","damage_taken":5,"max_hp_gain":0,"max_hp_loss":0,"event_name":"SensoryStone","floor":36,"gold_loss":0},{"damage_healed":0,"gold_gain":0,"player_choice":"Max HP","damage_taken":0,"max_hp_gain":0,"max_hp_loss":4,"event_name":"Winding Halls","floor":37,"gold_loss":0},{"cards_removed":["Defend_G"],"damage_healed":0,"gold_gain":0,"player_choice":"Removed Skill","damage_taken":0,"max_hp_gain":0,"max_hp_loss":0,"event_name":"Falling","floor":45,"gold_loss":0},{"damage_healed":0,"gold_gain":0,"player_choice":"Gave Potion","damage_taken":0,"relics_obtained":["Bird Faced Urn"],"max_hp_gain":0,"max_hp_loss":0,"event_name":"WeMeetAgain","floor":48,"gold_loss":0}],"is_beta":false,"boss_relics":[{"not_picked":["Runic Pyramid","Lizard Tail"],"picked":"Orrery"},{"not_picked":["Velvet Choker","Snecko Eye"],"picked":"Sozu"}],"items_purged_floors":[4,41],"is_endless":false,"potions_floor_spawned":[2,7,11,14,30,31,35,39,42],"ascension_level":13}