{"gold_per_floor":[219,219,233,245,258,258,288,288,314,324,335,0,0,0,0,74,74,88,13,13],"floor_reached":20,"playtime":891,"items_purged":[],"score":305,"play_id":"8fc99988-bdc6-41ed-be16-c49baaa5fcc9","local_time":"20190520023820","is_ascension_mode":true,"campfire_choices":[{"data":"Dualcast","floor":6.0,"key":"SMITH"},{"floor":8.0,"key":"REST"},{"data":"Defragment","floor":13.0,"key":"SMITH"},{"floor":15.0,"key":"REST"}],"neow_cost":"NONE","seed_source_timestamp":308608038321518,"circlet_count":0,"master_deck":["AscendersBane","Strike_B","Strike_B","Strike_B","Defend_B","Defend_B","Defend_B","Defend_B+1","Zap","Dualcast+1","Blizzard","Coolheaded+1","Defragment+1","Glacier","Chill","Capacitor","Loop","Biased Cognition","Cold Snap"],"special_seed":0,"relics":["FrozenCore","Lantern","Potion Belt","War Paint","Orichalcum"],"potions_floor_usage":[],"damage_taken":[{"damage":7.0,"enemies":"Small Slimes","floor":1.0,"turns":3.0},{"damage":2.0,"enemies":"Jaw Worm","floor":3.0,"turns":3.0},{"damage":3.0,"enemies":"Cultist","floor":4.0,"turns":4.0},{"damage":1.0,"enemies":"Blue Slaver","floor":5.0,"turns":4.0},{"damage":19.0,"enemies":"3 Sentries","floor":7.0,"turns":6.0},{"damage":2.0,"enemies":"Large Slime","floor":10.0,"turns":7.0},{"damage":1.0,"enemies":"2 Fungi Beasts","floor":11.0,"turns":3.0},{"damage":29.0,"enemies":"Slime Boss","floor":16.0,"turns":14.0},{"damage":4.0,"enemies":"Shell Parasite","floor":18.0,"turns":10.0},{"damage":15,"enemies":"2 Thieves","floor":19,"turns":5},{"damage":44,"enemies":"Cultist and Chosen","floor":20,"turns":6}],"seed_played":"-5124842424087563011","potions_obtained":[{"floor":3.0,"key":"Strength Potion"},{"floor":4.0,"key":"EntropicBrew"},{"floor":5.0,"key":"Strength Potion"}],"is_trial":false,"path_per_floor":["M","?","M","M","M","R","E","R","T","M","M","$","R","?","R","B",null,"M","M","M"],"character_chosen":"DEFECT","items_purchased":["War Paint","Loop","Orichalcum"],"campfire_rested":2,"item_purchase_floors":[12,12,12],"current_hp_per_floor":[57,50,48,45,44,44,25,46,46,44,43,43,43,43,64,35,62,58,43,0],"gold":13,"neow_bonus":"HUNDRED_GOLD","is_prod":false,"is_daily":false,"chose_seed":false,"campfire_upgraded":2,"win_rate":0,"timestamp":1558291100,"path_taken":["M","?","M","M","M","R","E","R","T","M","M","$","R","?","R","BOSS","M","M","M"],"build_version":"2019-01-23","purchased_purges":0,"victory":false,"max_hp_per_floor":[71,71,71,71,71,71,71,71,71,71,71,71,71,71,71,71,71,71,71,71],"card_choices":[{"not_picked":["Rebound","Stack"],"picked":"Blizzard","floor":1.0},{"not_picked":["Scrape","Undo"],"picked":"Coolheaded","floor":3.0},{"not_picked":["Melter","Undo"],"picked":"Defragment","floor":4.0},{"not_picked":["Chaos","Go for the Eyes"],"picked":"Glacier","floor":5.0},{"not_picked":["Chaos","Doom and Gloom"],"picked":"Chill","floor":7.0},{"not_picked":["Coolheaded","Double Energy"],"picked":"Capacitor","floor":10.0},{"not_picked":["Fusion","Hello World","Go for the Eyes"],"picked":"SKIP","floor":11.0},{"not_picked":["All For One","Reboot"],"picked":"Biased Cognition","floor":16.0},{"not_picked":["Fusion","Rebound","Streamline"],"picked":"SKIP","floor":18.0},{"not_picked":["Chaos","Turbo"],"picked":"Cold Snap","floor":19}],"player_experience":542963,"relics_obtained":[{"floor":7.0,"key":"Lantern"},{"floor":9.0,"key":"Potion Belt"}],"event_choices":[{"cards_removed":["Strike_B"],"damage_healed":0.0,"max_hp_gain":0.0,"max_hp_loss":0.0,"gold_gain":0.0,"event_name":"Golden Wing","player_choice":"Card Removal","floor":2.0,"gold_loss":0.0,"damage_taken":7.0},{"damage_healed":0.0,"max_hp_gain":0.0,"max_hp_loss":0.0,"gold_gain":0.0,"event_name":"Liars Game","player_choice":"Ignored","floor":14.0,"gold_loss":0.0,"damage_taken":0.0}],"is_beta":false,"boss_relics":[{"not_picked":["Runic Dome","Ectoplasm"],"picked":"FrozenCore"}],"items_purged_floors":[],"is_endless":false,"potions_floor_spawned":[3,4,5],"killed_by":"Cultist and Chosen","ascension_level":15}