{"gold_per_floor":[116,126,301,317,347,347,373,373,452,91,120,131,148,148,148,148],"floor_reached":16,"playtime":254,"items_purged":[],"score":110,"play_id":"6b1f435b-ea97-42b6-8a19-eec643efb312","local_time":"20190512224921","is_ascension_mode":false,"campfire_choices":[{"data":"Wild Strike","floor":6,"key":"SMITH"},{"data":"Dropkick","floor":8,"key":"SMITH"},{"data":"Bash","floor":15,"key":"SMITH"}],"neow_cost":"NONE","seed_source_timestamp":12505944777100,"circlet_count":0,"master_deck":["Strike_R","Strike_R","Strike_R","Strike_R","Strike_R","Defend_R","Defend_R","Defend_R","Defend_R","Bash+1","Pommel Strike","Wild Strike+1","Doubt","Dropkick+1"],"relics":["Burning Blood","Tiny Chest","Singing Bowl","Mummified Hand","Vajra","Brimstone","Juzu Bracelet","Toxic Egg 2"],"potions_floor_usage":[4,4,16,16,16],"damage_taken":[{"damage":3,"enemies":"Small Slimes","floor":1,"turns":3},{"damage":5,"enemies":"2 Louse","floor":2,"turns":2},{"damage":11,"enemies":"Jaw Worm","floor":4,"turns":2},{"damage":25,"enemies":"Gremlin Nob","floor":7,"turns":4},{"damage":20,"enemies":"Lagavulin","floor":11,"turns":3},{"damage":8,"enemies":"Blue Slaver","floor":12,"turns":2},{"damage":6,"enemies":"3 Louse","floor":13,"turns":2},{"damage":44,"enemies":"The Guardian","floor":16,"turns":4}],"seed_played":"5224580818168484606","potions_obtained":[{"floor":0,"key":"PowerPotion"},{"floor":0,"key":"Poison Potion"},{"floor":0,"key":"LiquidBronze"},{"floor":4,"key":"SkillPotion"},{"floor":7,"key":"LiquidBronze"}],"is_trial":false,"path_per_floor":["M","M","?","M","?","R","E","R","T","$","E","M","M","T","R","B"],"character_chosen":"IRONCLAD","items_purchased":["Vajra","Brimstone"],"campfire_rested":0,"item_purchase_floors":[10,10],"current_hp_per_floor":[80,80,80,75,63,63,46,46,46,46,34,34,36,36,36,0],"gold":148,"neow_bonus":"THREE_SMALL_POTIONS","is_prod":false,"is_daily":false,"chose_seed":false,"campfire_upgraded":3,"win_rate":0,"timestamp":1557690561,"path_taken":["M","M","?","M","?","R","E","R","T","$","E","M","M","?","R","BOSS"],"build_version":"2019-01-23","purchased_purges":0,"victory":false,"max_hp_per_floor":[80,80,80,80,80,80,82,82,82,82,84,86,88,88,88,88],"card_choices":[{"not_picked":["Sword Boomerang","Headbutt"],"picked":"Pommel Strike","floor":1},{"not_picked":["Feel No Pain","Burning Pact"],"picked":"Wild Strike","floor":2},{"not_picked":["Carnage","Perfected Strike"],"picked":"Dropkick","floor":4},{"not_picked":["Pummel","Flame Barrier","Fiend Fire"],"picked":"Singing Bowl","floor":7},{"not_picked":["Headbutt","Seeing Red","Spot Weakness"],"picked":"Singing Bowl","floor":11},{"not_picked":["Pummel","Evolve","Cleave"],"picked":"Singing Bowl","floor":12},{"not_picked":["Headbutt","Sever Soul","Perfected Strike"],"picked":"Singing Bowl","floor":13}],"player_experience":313745,"relics_obtained":[{"floor":7,"key":"Singing Bowl"},{"floor":9,"key":"Mummified Hand"},{"floor":11,"key":"Juzu Bracelet"},{"floor":14,"key":"Toxic Egg 2"}],"event_choices":[{"damage_healed":0,"gold_gain":175,"player_choice":"AGREE","damage_taken":0,"max_hp_gain":0,"max_hp_loss":0,"event_name":"Liars Game","floor":3,"gold_loss":0,"cards_obtained":["Doubt"]},{"damage_healed":0,"gold_gain":0,"player_choice":"Success","damage_taken":12,"relics_obtained":["Tiny Chest"],"max_hp_gain":0,"max_hp_loss":0,"event_name":"Scrap Ooze","floor":5,"gold_loss":0}],"is_beta":false,"boss_relics":[],"items_purged_floors":[],"is_endless":false,"potions_floor_spawned":[1,4,7],"killed_by":"The Guardian","ascension_level":0}