{"gold_per_floor":[109,129,141,152,152,152,163,183,236,251,251,264,264,281,281,352,352,364,463,8,8,22,22,50,50,50,68,68,68,68],"floor_reached":30,"playtime":2631,"items_purged":["Dualcast"],"score":415,"play_id":"fcc1c8a9-442b-4b04-a501-5cd98c5d1799","local_time":"20190301221537","is_ascension_mode":true,"campfire_choices":[{"floor":6.0,"key":"REST"},{"data":"Turbo","floor":11.0,"key":"SMITH"},{"floor":15.0,"key":"REST"},{"floor":23.0,"key":"REST"},{"data":"Reinforced Body","floor":25,"key":"SMITH"},{"data":"Self Repair","floor":28,"key":"SMITH"}],"neow_cost":"NONE","seed_source_timestamp":116736681295839,"circlet_count":0,"master_deck":["AscendersBane","Zap","Compile Driver","Turbo+1","Rebound","Meteor Strike","Tempest","Machine Learning+1","Meteor Strike","Conserve Battery","Conserve Battery","Skim","Steam","Reinforced Body+1","Self Repair+1"],"special_seed":0,"relics":["Pandora\u0027s Box","Tiny Chest","Busted Crown","FossilizedHelix","Boot","Blood Vial"],"potions_floor_usage":[24,24],"damage_taken":[{"damage":6.0,"enemies":"Cultist","floor":1.0,"turns":3.0},{"damage":12.0,"enemies":"Jaw Worm","floor":2.0,"turns":2.0},{"damage":7.0,"enemies":"Small Slimes","floor":3.0,"turns":3.0},{"damage":11.0,"enemies":"Exordium Thugs","floor":4.0,"turns":4.0},{"damage":0.0,"enemies":"Large Slime","floor":7.0,"turns":3.0},{"damage":2.0,"enemies":"2 Fungi Beasts","floor":8.0,"turns":3.0},{"damage":3.0,"enemies":"Exordium Thugs","floor":10.0,"turns":2.0},{"damage":14.0,"enemies":"3 Louse","floor":12.0,"turns":3.0},{"damage":7.0,"enemies":"Gremlin Gang","floor":14.0,"turns":4.0},{"damage":10.0,"enemies":"The Guardian","floor":16.0,"turns":9.0},{"damage":15.0,"enemies":"Shell Parasite","floor":18.0,"turns":4.0},{"damage":0.0,"enemies":"Spheric Guardian","floor":22.0,"turns":3.0},{"damage":23,"enemies":"Gremlin Leader","floor":24,"turns":8},{"damage":8,"enemies":"3 Cultists","floor":27,"turns":5},{"damage":63,"enemies":"Slavers","floor":30,"turns":4}],"seed_played":"6445521722083384482","potions_obtained":[{"floor":2.0,"key":"Fruit Juice"},{"floor":4.0,"key":"AttackPotion"},{"floor":8.0,"key":"EssenceOfSteel"},{"floor":14.0,"key":"SteroidPotion"},{"floor":16.0,"key":"Dexterity Potion"},{"floor":18.0,"key":"EssenceOfSteel"}],"is_trial":false,"path_per_floor":["M","M","M","M","?","R","M","M","T","M","R","M","?","M","R","B",null,"M","?","$","?","M","R","E","R","T","M","R","$","E"],"character_chosen":"DEFECT","items_purchased":["FossilizedHelix","Self Repair"],"campfire_rested":3,"item_purchase_floors":[20,20],"current_hp_per_floor":[58,46,44,33,26,48,48,46,46,43,43,29,29,22,44,34,66,51,51,51,51,58,76,60,60,60,61,61,61,0],"gold":68,"neow_bonus":"BOSS_RELIC","is_prod":false,"is_daily":false,"chose_seed":false,"campfire_upgraded":3,"win_rate":0,"timestamp":1551471337,"path_taken":["M","M","M","?","?","R","M","M","T","M","R","M","?","?","R","BOSS","M","?","$","?","M","R","E","R","T","?","R","$","E"],"build_version":"2019-01-23","purchased_purges":1,"victory":false,"max_hp_per_floor":[71,71,76,76,76,76,76,76,76,76,76,76,76,76,76,76,76,76,76,76,76,76,76,76,76,76,76,76,76,76],"card_choices":[{"not_picked":["Redo","Steam"],"picked":"Conserve Battery","floor":1.0},{"not_picked":["Sunder","Sweeping Beam","Fusion"],"picked":"SKIP","floor":2.0},{"not_picked":["Go for the Eyes","Blizzard"],"picked":"Conserve Battery","floor":3.0},{"not_picked":["Loop","Aggregate"],"picked":"Skim","floor":4.0},{"not_picked":["Stack","Tempest","Heatsinks"],"picked":"SKIP","floor":7.0},{"not_picked":["Hello World","Compile Driver","Reprogram"],"picked":"SKIP","floor":8.0},{"not_picked":["Sweeping Beam","Fusion"],"picked":"Steam","floor":10.0},{"not_picked":["Gash","Static Discharge","Steam"],"picked":"SKIP","floor":12.0},{"not_picked":["Undo","Chaos"],"picked":"Reinforced Body","floor":14.0},{"not_picked":["Sweeping Beam"],"picked":"SKIP","floor":18.0},{"not_picked":["Stack"],"picked":"SKIP","floor":22.0},{"not_picked":["Skim+1"],"picked":"SKIP","floor":24},{"not_picked":["Streamline"],"picked":"SKIP","floor":27}],"player_experience":715134,"relics_obtained":[{"floor":9.0,"key":"Tiny Chest"},{"floor":24,"key":"Boot"},{"floor":26,"key":"Blood Vial"}],"event_choices":[{"cards_removed":["Aggregate"],"damage_healed":0.0,"max_hp_gain":0.0,"max_hp_loss":0.0,"gold_gain":0.0,"event_name":"Golden Wing","player_choice":"Card Removal","floor":5.0,"gold_loss":0.0,"damage_taken":7.0},{"damage_healed":0.0,"max_hp_gain":0.0,"max_hp_loss":0.0,"gold_gain":0.0,"event_name":"Liars Game","player_choice":"Ignored","floor":13.0,"gold_loss":0.0,"damage_taken":0.0},{"damage_healed":0.0,"max_hp_gain":0.0,"max_hp_loss":0.0,"gold_gain":99.0,"event_name":"Nest","player_choice":"Stole From Cult","floor":19.0,"gold_loss":0.0,"damage_taken":0.0},{"damage_healed":0.0,"max_hp_gain":0.0,"max_hp_loss":0.0,"gold_gain":0.0,"event_name":"Accursed Blacksmith","player_choice":"Forge","floor":21.0,"gold_loss":0.0,"damage_taken":0.0,"cards_upgraded":["Machine Learning"]}],"is_beta":false,"boss_relics":[{"not_picked":["Lizard Tail","Fusion Hammer"],"picked":"Busted Crown"}],"items_purged_floors":[20],"is_endless":false,"potions_floor_spawned":[2,4,8,14,16,18,22],"killed_by":"Slavers","ascension_level":14}