{"gold_per_floor":[366,13,13,31,42,42,42,53,53,53,69,69,69,85,85,162,162,175,5,5,5,17,17,37,37,64,92,111,111,111,130,130,130],"floor_reached":33,"playtime":1939,"items_purged":["Strike_B","Strike_B"],"score":437,"play_id":"a3f1e40d-a1d2-410e-b849-defc0ba574ed","local_time":"20190301202606","is_ascension_mode":true,"campfire_choices":[{"data":"Self Repair","floor":6.0,"key":"SMITH"},{"data":"Conserve Battery","floor":10.0,"key":"SMITH"},{"data":"Leap","floor":13.0,"key":"SMITH"},{"data":"Leap","floor":15.0,"key":"SMITH"},{"floor":23.0,"key":"REST"},{"floor":25.0,"key":"REST"},{"floor":30,"key":"REST"},{"floor":32,"key":"REST"}],"neow_cost":"PERCENT_DAMAGE","seed_source_timestamp":110988111978524,"circlet_count":0,"master_deck":["AscendersBane","Strike_B","Strike_B","Defend_B","Defend_B","Defend_B","Defend_B","Zap","Dualcast","Self Repair+1","Conserve Battery+1","Storm","Leap+1","Leap+1","Gash+1","Gash+1","Electrodynamics","FTL+1","Gash+1","Conserve Battery+1","BootSequence"],"special_seed":0,"relics":["Cracked Core","Art of War","Molten Egg 2","Oddly Smooth Stone","Fusion Hammer","Lantern","Darkstone Periapt"],"potions_floor_usage":[28,33],"damage_taken":[{"damage":10.0,"enemies":"2 Louse","floor":1.0,"turns":4.0},{"damage":7.0,"enemies":"Small Slimes","floor":4.0,"turns":3.0},{"damage":0.0,"enemies":"Cultist","floor":5.0,"turns":4.0},{"damage":13.0,"enemies":"Gremlin Gang","floor":8.0,"turns":8.0},{"damage":7.0,"enemies":"2 Fungi Beasts","floor":11.0,"turns":5.0},{"damage":0.0,"enemies":"3 Louse","floor":14.0,"turns":5.0},{"damage":23.0,"enemies":"Slime Boss","floor":16.0,"turns":13.0},{"damage":3.0,"enemies":"Shell Parasite","floor":18.0,"turns":6.0},{"damage":27.0,"enemies":"3 Byrds","floor":22.0,"turns":5.0},{"damage":11.0,"enemies":"Snecko","floor":24.0,"turns":7.0},{"damage":11.0,"enemies":"Gremlin Leader","floor":27.0,"turns":8.0},{"damage":24,"enemies":"Cultist and Chosen","floor":28,"turns":8},{"damage":19,"enemies":"Snake Plant","floor":31,"turns":5},{"damage":74,"enemies":"Champ","floor":33,"turns":16}],"seed_played":"-756076398161940561","potions_obtained":[{"floor":1.0,"key":"Weak Potion"},{"floor":4.0,"key":"Block Potion"},{"floor":11.0,"key":"Energy Potion"},{"floor":27.0,"key":"EssenceOfSteel"},{"floor":28,"key":"EssenceOfSteel"}],"is_trial":false,"path_per_floor":["M","$","?","M","M","R","?","M","T","R","M","?","R","M","R","B",null,"M","$","?","$","M","R","M","R","T","E","M","?","R","M","R","B"],"character_chosen":"DEFECT","items_purchased":["Conserve Battery","Storm","Art of War","FTL+1"],"campfire_rested":4,"item_purchase_floors":[2,2,2,19],"current_hp_per_floor":[36,36,59,59,66,66,66,63,63,63,66,54,54,64,64,51,66,71,71,71,71,54,71,70,71,71,70,56,56,71,62,71,0],"gold":130,"neow_bonus":"TWO_FIFTY_GOLD","is_prod":false,"is_daily":false,"chose_seed":false,"campfire_upgraded":4,"win_rate":0,"timestamp":1551464766,"path_taken":["M","$","?","M","M","R","?","M","T","R","M","?","R","M","R","BOSS","M","$","?","?","?","R","M","R","T","E","M","?","R","?","R","BOSS"],"build_version":"2019-01-23","purchased_purges":2,"victory":false,"max_hp_per_floor":[71,71,71,71,71,71,71,71,71,71,71,71,71,71,71,71,71,71,71,71,71,71,71,71,71,71,71,71,71,71,71,71,71],"card_choices":[{"not_picked":["Static Discharge","Coolheaded"],"picked":"Self Repair","floor":1.0},{"not_picked":["Redo","Heatsinks"],"picked":"Leap","floor":4.0},{"not_picked":["Hologram","Storm"],"picked":"Leap","floor":5.0},{"not_picked":["Consume","Beam Cell","Gash"],"picked":"SKIP","floor":8.0},{"not_picked":["Reprogram","Leap"],"picked":"Gash+1","floor":11.0},{"not_picked":["Genetic Algorithm","Redo"],"picked":"Gash+1","floor":14.0},{"not_picked":["Thunder Strike+1","Buffer"],"picked":"Electrodynamics","floor":16.0},{"not_picked":["Barrage+1","Redo","Sunder+1"],"picked":"SKIP","floor":18.0},{"not_picked":["Leap","Cold Snap+1","Storm"],"picked":"SKIP","floor":22.0},{"not_picked":["FTL+1","Conserve Battery"],"picked":"Gash+1","floor":24.0},{"not_picked":["Electrodynamics","Barrage+1","Redo"],"picked":"SKIP","floor":27.0},{"not_picked":["Compile Driver+1","Double Energy+1"],"picked":"Conserve Battery","floor":28},{"not_picked":["Force Field","Steam+1"],"picked":"BootSequence","floor":31}],"player_experience":713195,"relics_obtained":[{"floor":9.0,"key":"Molten Egg 2"},{"floor":26.0,"key":"Lantern"},{"floor":27.0,"key":"Darkstone Periapt"}],"event_choices":[{"damage_healed":23.0,"max_hp_gain":0.0,"max_hp_loss":0.0,"gold_gain":0.0,"event_name":"Big Fish","player_choice":"Banana","floor":3.0,"gold_loss":0.0,"damage_taken":0.0},{"damage_healed":0.0,"max_hp_gain":0.0,"max_hp_loss":0.0,"gold_gain":0.0,"event_name":"Golden Idol","player_choice":"Ignored","floor":7.0,"gold_loss":0.0,"damage_taken":0.0},{"damage_healed":0.0,"max_hp_gain":0.0,"max_hp_loss":0.0,"gold_gain":0.0,"event_name":"Scrap Ooze","player_choice":"Success","floor":12.0,"gold_loss":0.0,"damage_taken":12.0,"relics_obtained":["Oddly Smooth Stone"]},{"damage_healed":0.0,"max_hp_gain":0.0,"max_hp_loss":0.0,"gold_gain":0.0,"event_name":"WeMeetAgain","player_choice":"Ignored","floor":20.0,"gold_loss":0.0,"damage_taken":0.0},{"damage_healed":0,"gold_gain":0,"player_choice":"Upgraded","damage_taken":0,"max_hp_gain":0,"max_hp_loss":0,"event_name":"Upgrade Shrine","floor":29,"gold_loss":0,"cards_upgraded":["Conserve Battery"]}],"is_beta":false,"boss_relics":[{"not_picked":["FrozenCore","Coffee Dripper"],"picked":"Fusion Hammer"}],"items_purged_floors":[2,19],"is_endless":false,"potions_floor_spawned":[1,4,11,27,28],"killed_by":"Champ","ascension_level":14}