{"gold_per_floor":[117,129,129,140,160,160,110,110,110,110,124,124,158,178,178,273,273,273,78,78,6,0,0,0,0],"floor_reached":25,"playtime":489,"items_purged":[],"score":271,"play_id":"220802c5-f0f4-49cf-a67f-e71cf45ec571","local_time":"20190505214721","is_ascension_mode":false,"campfire_choices":[{"data":"Ball Lightning","floor":6,"key":"SMITH"},{"data":"Ball Lightning","floor":8,"key":"SMITH"},{"data":"Zap","floor":10,"key":"SMITH"},{"data":"Dualcast","floor":15,"key":"SMITH"},{"data":"Defragment","floor":23,"key":"SMITH"}],"neow_cost":"NONE","seed_source_timestamp":9436312731200,"circlet_count":0,"master_deck":["Strike_B","Strike_B","Strike_B","Strike_B","Defend_B","Defend_B","Defend_B","Zap+1","Dualcast+1","Coolheaded","Ball Lightning+1","Ball Lightning+1","Cold Snap+1","Regret","Recycle","Self Repair","Rainbow","Rip and Tear+1","Defragment+1","White Noise"],"relics":["Cracked Core","NeowsBlessing","Molten Egg 2","Darkstone Periapt","Bottled Lightning","Ectoplasm","HandDrill","Bronze Scales"],"potions_floor_usage":[16,16],"damage_taken":[{"damage":0,"enemies":"2 Louse","floor":1,"turns":1},{"damage":0,"enemies":"Jaw Worm","floor":2,"turns":1},{"damage":0,"enemies":"Cultist","floor":4,"turns":1},{"damage":2,"enemies":"Looter","floor":5,"turns":4},{"damage":16,"enemies":"Lots of Slimes","floor":11,"turns":3},{"damage":33,"enemies":"Gremlin Nob","floor":13,"turns":4},{"damage":9,"enemies":"Large Slime","floor":14,"turns":3},{"damage":0,"enemies":"Hexaghost","floor":16,"turns":7},{"damage":17,"enemies":"Chosen","floor":18,"turns":4},{"damage":24,"enemies":"2 Thieves","floor":22,"turns":4},{"damage":46,"enemies":"Book of Stabbing","floor":24,"turns":5},{"damage":23,"enemies":"Centurion and Healer","floor":25,"turns":3}],"seed_played":"-2546722933708957153","potions_obtained":[{"floor":13,"key":"FocusPotion"},{"floor":14,"key":"SkillPotion"},{"floor":18,"key":"Weak Potion"}],"is_trial":false,"path_per_floor":["M","M","$","M","M","R","?","R","T","R","M","?","E","M","R","B",null,"M","$","?","$","M","R","E","M"],"character_chosen":"DEFECT","items_purchased":["HandDrill","Defragment"],"campfire_rested":0,"item_purchase_floors":[19,21],"current_hp_per_floor":[75,75,75,75,73,73,73,73,73,73,57,63,30,21,21,28,81,71,71,71,71,54,54,15,0],"gold":0,"neow_bonus":"THREE_ENEMY_KILL","is_prod":false,"is_daily":false,"chose_seed":false,"campfire_upgraded":5,"win_rate":0,"timestamp":1557082041,"path_taken":["M","M","$","M","M","R","?","R","T","R","M","?","E","M","R","BOSS","M","$","?","$","M","R","E","M"],"build_version":"2019-01-23","purchased_purges":0,"victory":false,"max_hp_per_floor":[75,75,75,75,75,75,75,75,75,75,75,81,81,81,81,81,81,81,81,81,81,81,81,81,81],"card_choices":[{"not_picked":["Go for the Eyes","Stack"],"picked":"Coolheaded","floor":1},{"not_picked":["Reinforced Body","FTL","Hologram"],"picked":"SKIP","floor":2},{"not_picked":["Blizzard","Conserve Battery"],"picked":"Ball Lightning","floor":4},{"not_picked":["Hologram","Compile Driver"],"picked":"Ball Lightning","floor":5},{"not_picked":["Gash+1","Steam"],"picked":"Cold Snap+1","floor":11},{"not_picked":["Aggregate","Rebound+1"],"picked":"Recycle","floor":13},{"not_picked":["Conserve Battery","Beam Cell+1"],"picked":"Self Repair","floor":14},{"not_picked":["Buffer","Multi-Cast"],"picked":"Rainbow","floor":16},{"not_picked":["Steam","Storm"],"picked":"Rip and Tear+1","floor":18},{"not_picked":["Turbo","Hologram","Compile Driver+1"],"picked":"SKIP","floor":22},{"not_picked":["Turbo","Compile Driver+1"],"picked":"White Noise","floor":24}],"player_experience":282498,"relics_obtained":[{"floor":9,"key":"Molten Egg 2"},{"floor":13,"key":"Bottled Lightning"},{"floor":24,"key":"Bronze Scales"}],"event_choices":[{"cards_removed":["Defend_B"],"damage_healed":0,"gold_gain":0,"player_choice":"Card Removal","damage_taken":0,"max_hp_gain":0,"max_hp_loss":0,"event_name":"The Cleric","floor":7,"gold_loss":50},{"damage_healed":0,"gold_gain":0,"player_choice":"Box","damage_taken":0,"relics_obtained":["Darkstone Periapt"],"max_hp_gain":0,"max_hp_loss":0,"event_name":"Big Fish","floor":12,"gold_loss":0,"cards_obtained":["Regret"]},{"damage_healed":0,"gold_gain":0,"player_choice":"Ignored","damage_taken":0,"max_hp_gain":0,"max_hp_loss":0,"event_name":"Vampires","floor":20,"gold_loss":0}],"is_beta":false,"boss_relics":[{"not_picked":["Orrery","Velvet Choker"],"picked":"Ectoplasm"}],"items_purged_floors":[],"is_endless":false,"potions_floor_spawned":[13,14,18],"killed_by":"Centurion and Healer","ascension_level":0}