{"gold_per_floor":[111,131,149,226,226,257,273,273,297,330,353,377,377,400,400,528,528,544,563,577,301,321,360,360,375,375,411,411,411,450,450,450,575,575,598,305,323,323,341,372,372,372,424,465,478,478,503,52,52,52],"floor_reached":51,"playtime":4082,"items_purged":["Strike_G","Strike_G","Strike_G"],"score":868,"play_id":"9504810f-3b1a-4100-b367-5ea580c35cd1","local_time":"20181115211818","is_ascension_mode":true,"campfire_choices":[{"floor":8,"key":"REST"},{"floor":13,"key":"REST"},{"data":"Malaise","floor":15,"key":"SMITH"},{"data":"Footwork","floor":24,"key":"SMITH"},{"data":"Cloak And Dagger","floor":29,"key":"SMITH"},{"floor":32,"key":"REST"},{"floor":41,"key":"REST"},{"data":"Adrenaline","floor":46,"key":"SMITH"},{"data":"Noxious Fumes","floor":49,"key":"SMITH"}],"neow_cost":"PERCENT_DAMAGE","seed_source_timestamp":10123458212254,"circlet_count":0,"master_deck":["Defend_G","Defend_G","Defend_G","Defend_G","Defend_G","Survivor","Neutralize","Malaise+1","Dash","Poisoned Stab","Well Laid Plans","Deadly Poison","Deadly Poison+1","Predator","Caltrops","Cloak And Dagger+1","Corpse Explosion","Footwork+1","Bane","Dash+1","Cloak And Dagger","PiercingWail+1","Infinite Blades+1","Wraith Form v2","Prepared","After Image","Cloak And Dagger+1","Adrenaline+1","Skewer","Adrenaline","Escape Plan+1","Parasite","Backstab+1","Noxious Fumes+1","Backflip"],"relics":["Ring of the Serpent","Golden Idol","Vajra","Regal Pillow","Bag of Preparation","Oddly Smooth Stone","War Paint","Kunai","Ancient Tea Set","Dream Catcher","Sozu","Chemical X","Tingsha","Pen Nib","PreservedInsect","Lee\u0027s Waffle"],"potions_floor_usage":[10,10,16,25,27,27,30],"damage_taken":[{"damage":0,"enemies":"Small Slimes","floor":1,"turns":3},{"damage":4,"enemies":"Jaw Worm","floor":2,"turns":4},{"damage":1,"enemies":"Cultist","floor":3,"turns":4},{"damage":31,"enemies":"3 Sentries","floor":6,"turns":12},{"damage":12,"enemies":"Exordium Wildlife","floor":7,"turns":6},{"damage":0,"enemies":"Gremlin Nob","floor":10,"turns":3},{"damage":2,"enemies":"Exordium Thugs","floor":11,"turns":4},{"damage":0,"enemies":"Blue Slaver","floor":12,"turns":3},{"damage":12,"enemies":"Looter","floor":14,"turns":3},{"damage":4,"enemies":"The Guardian","floor":16,"turns":10},{"damage":2,"enemies":"Shell Parasite","floor":18,"turns":6},{"damage":0,"enemies":"Chosen","floor":19,"turns":6},{"damage":4,"enemies":"3 Cultists","floor":20,"turns":4},{"damage":1,"enemies":"Cultist and Chosen","floor":22,"turns":7},{"damage":28,"enemies":"Slavers","floor":23,"turns":3},{"damage":3,"enemies":"Snake Plant","floor":25,"turns":6},{"damage":0,"enemies":"Book of Stabbing","floor":27,"turns":6},{"damage":1,"enemies":"Gremlin Leader","floor":30,"turns":7},{"damage":29,"enemies":"Automaton","floor":33,"turns":14},{"damage":9,"enemies":"Orb Walker","floor":35,"turns":5},{"damage":10,"enemies":"3 Darklings","floor":37,"turns":4},{"damage":0,"enemies":"Transient","floor":39,"turns":5},{"damage":24,"enemies":"Nemesis","floor":40,"turns":7},{"damage":8,"enemies":"Reptomancer","floor":44,"turns":9},{"damage":12,"enemies":"Writhing Mass","floor":45,"turns":6},{"damage":10,"enemies":"Sphere and 2 Shapes","floor":47,"turns":5},{"damage":58,"enemies":"Time Eater","floor":50,"turns":13}],"seed_played":"2478963721398735210","potions_obtained":[{"floor":3,"key":"SteroidPotion"},{"floor":6,"key":"PowerPotion"},{"floor":7,"key":"Fire Potion"},{"floor":14,"key":"GhostInAJar"},{"floor":18,"key":"FearPotion"},{"floor":20,"key":"LiquidBronze"},{"floor":25,"key":"Explosive Potion"}],"is_trial":false,"path_per_floor":["M","M","M","?","?","E","M","R","T","E","M","M","R","M","R","B",null,"M","M","M","$","M","E","R","M","T","E","?","R","E","?","R","B",null,"M","$","M","?","M","E","R","?","T","E","M","R","M","$","R","B",null],"character_chosen":"THE_SILENT","items_purchased":["Oddly Smooth Stone","Cloak And Dagger","Chemical X","Lee\u0027s Waffle","Noxious Fumes","Backflip"],"campfire_rested":4,"item_purchase_floors":[21,21,36,48,48,48],"current_hp_per_floor":[49,45,44,44,44,13,1,20,20,20,18,18,52,40,40,36,65,63,63,59,59,58,30,30,27,27,27,27,27,26,26,60,31,65,56,56,46,46,46,22,56,56,56,48,36,36,26,72,72,14],"gold":52,"neow_bonus":"THREE_RARE_CARDS","is_prod":false,"is_daily":false,"chose_seed":false,"campfire_upgraded":5,"win_rate":0,"timestamp":1542334698,"path_taken":["M","M","M","?","?","E","M","R","T","E","M","M","R","M","R","BOSS","M","M","M","$","M","E","R","M","T","E","?","R","E","?","R","BOSS","M","$","M","?","?","E","R","?","T","E","M","R","M","?","R","BOSS"],"build_version":"2018-11-15","purchased_purges":3,"victory":true,"max_hp_per_floor":[70,70,70,70,65,65,65,65,65,65,65,65,65,65,65,65,65,65,65,65,65,65,65,65,65,65,65,65,65,65,65,65,65,65,65,65,65,65,65,65,65,65,65,65,65,65,65,72,72,72],"card_choices":[{"not_picked":["Wraith Form v2","Tools of the Trade"],"picked":"Malaise","floor":0},{"not_picked":["Underhanded Strike","Deflect"],"picked":"Dash","floor":1},{"not_picked":["Acrobatics","Tactician"],"picked":"Poisoned Stab","floor":2},{"not_picked":["PiercingWail","Heel Hook"],"picked":"Well Laid Plans","floor":3},{"not_picked":["After Image","Catalyst"],"picked":"Deadly Poison","floor":6},{"not_picked":["Deflect","Tactician"],"picked":"Deadly Poison","floor":7},{"not_picked":["Dagger Throw","Heel Hook"],"picked":"Predator","floor":10},{"not_picked":["All Out Attack","Distraction","Setup"],"picked":"SKIP","floor":11},{"not_picked":["Acrobatics","Dodge and Roll"],"picked":"Caltrops","floor":12},{"not_picked":["Backflip","Dagger Throw"],"picked":"Cloak And Dagger","floor":14},{"not_picked":["Die Die Die","After Image"],"picked":"Corpse Explosion","floor":16},{"not_picked":["Blade Dance","Bane"],"picked":"Footwork","floor":18},{"not_picked":["Outmaneuver","Well Laid Plans"],"picked":"Bane","floor":19},{"not_picked":["Slice","Quick Slash"],"picked":"Dash+1","floor":20},{"not_picked":["Acrobatics","Sucker Punch"],"picked":"PiercingWail","floor":22},{"not_picked":["All Out Attack","Dodge and Roll"],"picked":"Infinite Blades+1","floor":23},{"not_picked":["Quick Slash+1","Deadly Poison+1","Underhanded Strike"],"picked":"SKIP","floor":25},{"not_picked":["Predator","Underhanded Strike","Escape Plan"],"picked":"SKIP","floor":27},{"not_picked":["Flechettes","Quick Slash"],"picked":"Wraith Form v2","floor":30},{"not_picked":["Quick Slash","Escape Plan"],"picked":"Prepared","floor":32},{"not_picked":["Phantasmal Killer","Bullet Time"],"picked":"After Image","floor":33},{"not_picked":["PiercingWail","Dodge and Roll+1"],"picked":"Cloak And Dagger+1","floor":35},{"not_picked":["Bane+1","Sucker Punch","Expertise"],"picked":"SKIP","floor":37},{"not_picked":["Deadly Poison","Dagger Throw"],"picked":"Skewer","floor":39},{"not_picked":["Prepared","Dagger Spray+1"],"picked":"Adrenaline","floor":40},{"not_picked":["Poisoned Stab+1","Sucker Punch"],"picked":"Escape Plan+1","floor":41},{"not_picked":["Blade Dance+1","Prepared","Outmaneuver"],"picked":"SKIP","floor":44},{"not_picked":["Prepared","Deflect"],"picked":"Backstab+1","floor":45},{"not_picked":["Blur+1","Outmaneuver","Quick Slash+1"],"picked":"SKIP","floor":47}],"player_experience":146722,"relics_obtained":[{"floor":6,"key":"Vajra"},{"floor":9,"key":"Regal Pillow"},{"floor":10,"key":"Bag of Preparation"},{"floor":23,"key":"War Paint"},{"floor":26,"key":"Kunai"},{"floor":27,"key":"Ancient Tea Set"},{"floor":30,"key":"Dream Catcher"},{"floor":40,"key":"Tingsha"},{"floor":43,"key":"Pen Nib"},{"floor":44,"key":"PreservedInsect"}],"event_choices":[{"damage_healed":0,"gold_gain":77,"player_choice":"Gained Gold","damage_taken":0,"max_hp_gain":0,"max_hp_loss":0,"event_name":"Golden Wing","floor":4,"gold_loss":0},{"damage_healed":0,"gold_gain":0,"player_choice":"Lose Max HP","damage_taken":0,"relics_obtained":["Golden Idol"],"max_hp_gain":0,"max_hp_loss":5,"event_name":"Golden Idol","floor":5,"gold_loss":0},{"cards_removed":["Strike_G"],"damage_healed":0,"gold_gain":0,"player_choice":"Elegance","damage_taken":0,"max_hp_gain":0,"max_hp_loss":0,"event_name":"Back to Basics","floor":28,"gold_loss":0},{"damage_healed":0,"gold_gain":0,"player_choice":"Ignored","damage_taken":0,"max_hp_gain":0,"max_hp_loss":0,"event_name":"The Mausoleum","floor":31,"gold_loss":0},{"damage_healed":0,"gold_gain":0,"cards_transformed":["Strike_G"],"player_choice":"Transformed","damage_taken":0,"max_hp_gain":0,"max_hp_loss":0,"event_name":"Transmorgrifier","floor":38,"gold_loss":0,"cards_obtained":["Adrenaline"]},{"damage_healed":0,"gold_gain":0,"player_choice":"Memory 1","damage_taken":0,"max_hp_gain":0,"max_hp_loss":0,"event_name":"SensoryStone","floor":42,"gold_loss":0}],"is_beta":false,"boss_relics":[{"not_picked":["Runic Pyramid","Calling Bell"],"picked":"Ring of the Serpent"},{"not_picked":["Cursed Key","Empty Cage"],"picked":"Sozu"}],"items_purged_floors":[21,36,48],"is_endless":false,"potions_floor_spawned":[3,6,7,14,18,20,23,25,35,40,45],"ascension_level":1}