{"gold_per_floor":[117,68,68,87,12,12,37,37,37,57,57,88,111,61,61,189,189,202,127,141,41,66,66,84,104,104,203,203,203,227,227,227,227],"floor_reached":33,"playtime":805,"items_purged":["Defend_R","Strike_R"],"score":245,"play_id":"249db1d4-7d34-42c9-8aa2-27b0ad85dc07","local_time":"20181210114204","is_ascension_mode":false,"campfire_choices":[{"data":"Bash","floor":6,"key":"SMITH"},{"data":"Shrug It Off","floor":8,"key":"SMITH"},{"floor":15,"key":"REST"},{"data":"Clash","floor":23,"key":"SMITH"},{"data":"Clash","floor":32,"key":"SMITH"}],"neow_cost":"TEN_PERCENT_HP_LOSS","seed_source_timestamp":268457551229509,"circlet_count":0,"master_deck":["Strike_R","Strike_R","Strike_R","Strike_R","Bash+1","Shrug It Off+1","Clash+1","Clash+1"],"relics":["Burning Blood","Torii","Boot","Paper Frog","Bloody Idol","Self Forming Clay","Orrery","Meat on the Bone"],"potions_floor_usage":[12,16,33],"damage_taken":[{"damage":1,"enemies":"Cultist","floor":1,"turns":3},{"damage":7,"enemies":"Jaw Worm","floor":4,"turns":4},{"damage":6,"enemies":"2 Louse","floor":10,"turns":2},{"damage":52,"enemies":"3 Sentries","floor":12,"turns":10},{"damage":12,"enemies":"Blue Slaver","floor":13,"turns":4},{"damage":30,"enemies":"The Guardian","floor":16,"turns":14},{"damage":2,"enemies":"Chosen","floor":18,"turns":3},{"damage":8,"enemies":"Shell Parasite","floor":20,"turns":4},{"damage":15,"enemies":"Snecko","floor":22,"turns":3},{"damage":13,"enemies":"Cultist and Chosen","floor":24,"turns":6},{"damage":14,"enemies":"Shelled Parasite and Fungi","floor":25,"turns":4},{"damage":2,"enemies":"Snecko","floor":30,"turns":4},{"damage":50,"enemies":"Automaton","floor":33,"turns":4}],"seed_played":"-4098617082188416151","potions_obtained":[{"floor":1,"key":"Poison Potion"},{"floor":13,"key":"EssenceOfSteel"},{"floor":18,"key":"AttackPotion"},{"floor":25,"key":"GamblersBrew"}],"is_trial":false,"path_per_floor":["M","$","?","M","$","R","T","R","T","M","?","E","M","?","R","B",null,"M","?","M","$","M","R","M","M","T","?","?","?","M","?","R","B"],"character_chosen":"IRONCLAD","items_purchased":["Shrug It Off"],"campfire_rested":1,"item_purchase_floors":[2],"current_hp_per_floor":[72,72,72,71,71,71,71,71,71,71,67,21,15,15,35,11,67,67,67,65,65,56,56,49,41,41,41,41,41,45,45,45,0],"gold":227,"neow_bonus":"ONE_RARE_RELIC","is_prod":false,"is_daily":false,"chose_seed":false,"campfire_upgraded":4,"win_rate":0,"timestamp":1544460124,"path_taken":["M","$","?","?","$","R","?","R","T","M","?","E","M","?","R","BOSS","M","?","M","$","M","R","M","M","T","?","?","?","?","?","R","BOSS"],"build_version":"2018-12-06","purchased_purges":2,"victory":false,"max_hp_per_floor":[72,72,72,72,72,72,72,72,72,72,67,67,67,67,67,67,67,67,67,67,67,67,67,67,67,67,67,67,67,67,67,67,67],"card_choices":[{"not_picked":["Metallicize","Twin Strike","Shockwave"],"picked":"SKIP","floor":1},{"not_picked":["Shrug It Off","Burning Pact","True Grit"],"picked":"SKIP","floor":4},{"not_picked":["Twin Strike","Anger","Pummel"],"picked":"SKIP","floor":10},{"not_picked":["Twin Strike","Armaments","Flame Barrier"],"picked":"SKIP","floor":12},{"not_picked":["Wild Strike","Twin Strike","Heavy Blade"],"picked":"SKIP","floor":13},{"not_picked":["True Grit","Dual Wield"],"picked":"Clash","floor":17},{"not_picked":["Iron Wave","Thunderclap","Pummel+1"],"picked":"SKIP","floor":18},{"not_picked":["Armaments+1","Wild Strike+1","Headbutt"],"picked":"SKIP","floor":20},{"not_picked":["Warcry","Body Slam","Immolate"],"picked":"SKIP","floor":22},{"not_picked":["Flex","Twin Strike","Spot Weakness"],"picked":"SKIP","floor":24},{"not_picked":["Havoc","Clothesline","Shrug It Off"],"picked":"SKIP","floor":25},{"not_picked":["Entrench","Anger","Armaments+1"],"picked":"SKIP","floor":30}],"player_experience":311425,"relics_obtained":[{"floor":7,"key":"Boot"},{"floor":9,"key":"Paper Frog"},{"floor":12,"key":"Self Forming Clay"},{"floor":26,"key":"Meat on the Bone"}],"event_choices":[{"cards_removed":["Defend_R"],"damage_healed":0,"gold_gain":0,"player_choice":"Purged","damage_taken":0,"max_hp_gain":0,"max_hp_loss":0,"event_name":"Purifier","floor":3,"gold_loss":0},{"damage_healed":0,"gold_gain":0,"player_choice":"Lose Max HP","damage_taken":0,"relics_obtained":["Golden Idol"],"max_hp_gain":0,"max_hp_loss":5,"event_name":"Golden Idol","floor":11,"gold_loss":0},{"cards_removed":["Defend_R"],"damage_healed":0,"gold_gain":0,"player_choice":"Card Removal","damage_taken":0,"max_hp_gain":0,"max_hp_loss":0,"event_name":"The Cleric","floor":14,"gold_loss":50},{"cards_removed":["Defend_R"],"damage_healed":0,"gold_gain":0,"player_choice":"Gave Gold","damage_taken":0,"max_hp_gain":0,"max_hp_loss":0,"event_name":"Beggar","floor":19,"gold_loss":75},{"damage_healed":0,"gold_gain":99,"player_choice":"Stole From Cult","damage_taken":0,"max_hp_gain":0,"max_hp_loss":0,"event_name":"Nest","floor":27,"gold_loss":0},{"damage_healed":0,"gold_gain":0,"player_choice":"Read","damage_taken":0,"max_hp_gain":0,"max_hp_loss":0,"event_name":"The Library","floor":28,"gold_loss":0,"cards_obtained":["Clash"]},{"damage_healed":0,"gold_gain":0,"player_choice":"Gave Idol","damage_taken":0,"relics_obtained":["Bloody Idol"],"max_hp_gain":0,"max_hp_loss":0,"event_name":"Forgotten Altar","floor":31,"relics_lost":["Golden Idol"],"gold_loss":0}],"is_beta":false,"boss_relics":[{"not_picked":["Ectoplasm","Eternal Feather"],"picked":"Orrery"}],"items_purged_floors":[5,21],"is_endless":false,"potions_floor_spawned":[1,13,18,25],"killed_by":"Automaton","ascension_level":0}