{"gold_per_floor":[109,121,73,73,148,173,173,187,213,242,89,104,135,153,153,255,255,270,305,305,293,293,293,326,326,326,340,340,340,350,385,385,481,481,494,474,92,57,57,57,57],"floor_reached":41,"playtime":1279,"items_purged":["Strike_R","Writhe"],"score":520,"play_id":"5ff00b5f-f841-44e3-b392-b3e591594462","local_time":"20190423145739","is_ascension_mode":false,"campfire_choices":[{"data":"Armaments","floor":7,"key":"SMITH"},{"data":"Body Slam","floor":15,"key":"SMITH"},{"data":"Body Slam","floor":23,"key":"SMITH"},{"data":"Iron Wave","floor":25,"key":"SMITH"},{"data":"Entrench","floor":32,"key":"SMITH"},{"data":"Entrench","floor":40,"key":"SMITH"}],"neow_cost":"NONE","seed_source_timestamp":169291317502121,"circlet_count":0,"master_deck":["Defend_R","Defend_R+1","Defend_R","Defend_R","Bash","Twin Strike","Wild Strike","Armaments+1","Iron Wave","Shrug It Off","Reckless Charge","Body Slam+1","Iron Wave","Fire Breathing+1","Barricade+1","Body Slam+1","Iron Wave+1","Bite","Bite","Bite","Bite","Bite","Ghostly Armor","Entrench+1","Impervious","Exhume","Entrench+1"],"relics":["Burning Blood","NeowsBlessing","Juzu Bracelet","Bronze Scales","Pocketwatch","Frozen Egg 2","Sozu","Red Mask","Enchiridion","Regal Pillow","Lantern","Mercury Hourglass","Boot","Black Star","Membership Card","Gremlin Horn"],"potions_floor_usage":[10,13,16],"damage_taken":[{"damage":0,"enemies":"Jaw Worm","floor":1,"turns":1},{"damage":0,"enemies":"2 Louse","floor":2,"turns":1},{"damage":0,"enemies":"Gremlin Nob","floor":6,"turns":1},{"damage":5,"enemies":"Small Slimes","floor":8,"turns":4},{"damage":24,"enemies":"Lagavulin","floor":10,"turns":5},{"damage":12,"enemies":"Gremlin Gang","floor":12,"turns":3},{"damage":14,"enemies":"Gremlin Nob","floor":13,"turns":3},{"damage":13,"enemies":"Red Slaver","floor":14,"turns":4},{"damage":17,"enemies":"The Guardian","floor":16,"turns":10},{"damage":0,"enemies":"Chosen","floor":18,"turns":4},{"damage":52,"enemies":"Masked Bandits","floor":19,"turns":5},{"damage":1,"enemies":"2 Thieves","floor":21,"turns":4},{"damage":28,"enemies":"Gremlin Leader","floor":24,"turns":6},{"damage":12,"enemies":"Centurion and Healer","floor":27,"turns":4},{"damage":0,"enemies":"Cultist and Chosen","floor":30,"turns":6},{"damage":19,"enemies":"Slavers","floor":31,"turns":6},{"damage":11,"enemies":"Champ","floor":33,"turns":8},{"damage":11,"enemies":"3 Darklings","floor":35,"turns":4},{"damage":92,"enemies":"Giant Head","floor":41,"turns":11}],"seed_played":"6157675799518168057","potions_obtained":[{"floor":2,"key":"Regen Potion"},{"floor":6,"key":"Poison Potion"},{"floor":13,"key":"Poison Potion"},{"floor":14,"key":"SneckoOil"}],"is_trial":false,"path_per_floor":["M","M","$","?","?","E","R","M","T","E","$","M","E","M","R","B",null,"M","?","?","M","?","R","E","R","T","M","?","?","M","E","R","B",null,"M","?","$","$","T","R","E"],"character_chosen":"IRONCLAD","items_purchased":["Armaments","Reckless Charge","Membership Card","Gremlin Horn","Entrench"],"campfire_rested":0,"item_purchase_floors":[3,11,37,37,38],"current_hp_per_floor":[80,80,80,64,53,59,59,60,60,42,42,36,37,30,30,19,80,80,34,34,43,27,27,22,22,22,24,24,24,39,40,40,43,56,55,55,55,55,55,55,0],"gold":57,"neow_bonus":"THREE_ENEMY_KILL","is_prod":false,"is_daily":false,"chose_seed":false,"campfire_upgraded":6,"win_rate":0,"timestamp":1555999059,"path_taken":["M","M","$","?","?","E","R","M","T","E","?","M","E","M","R","BOSS","M","?","?","M","?","R","E","R","T","M","?","?","M","E","R","BOSS","M","?","?","$","?","R","E"],"build_version":"2019-01-23","purchased_purges":2,"victory":false,"max_hp_per_floor":[80,80,80,80,80,80,80,80,80,80,80,80,80,80,80,80,80,80,80,56,56,56,56,56,56,56,56,56,56,56,56,56,56,56,56,56,56,56,56,56,56],"card_choices":[{"not_picked":["Anger","Rupture"],"picked":"Twin Strike","floor":1},{"not_picked":["Clash","Thunderclap"],"picked":"Wild Strike","floor":2},{"not_picked":["Clash","Uppercut"],"picked":"Iron Wave","floor":6},{"not_picked":["Limit Break","Heavy Blade"],"picked":"Wild Strike","floor":8},{"not_picked":["Armaments","Searing Blow"],"picked":"Shrug It Off","floor":10},{"not_picked":["Heavy Blade","Warcry"],"picked":"Body Slam","floor":12},{"not_picked":["Rupture","Clash"],"picked":"Iron Wave","floor":13},{"not_picked":["Shrug It Off","Iron Wave"],"picked":"Fire Breathing+1","floor":14},{"not_picked":["Immolate","Impervious"],"picked":"Barricade+1","floor":16},{"not_picked":["Armaments+1","Wild Strike+1"],"picked":"Body Slam","floor":18},{"not_picked":["Uppercut","Combust+1"],"picked":"Iron Wave","floor":19},{"not_picked":["Spot Weakness","Armaments"],"picked":"Ghostly Armor","floor":21},{"not_picked":["Inflame+1","Fire Breathing+1","Rampage+1"],"picked":"SKIP","floor":24},{"not_picked":["Second Wind","Whirlwind","Dual Wield"],"picked":"SKIP","floor":27},{"not_picked":["Searing Blow","Spot Weakness","Power Through"],"picked":"SKIP","floor":30},{"not_picked":["Pummel","Armaments+1"],"picked":"Impervious","floor":31},{"not_picked":["Limit Break","Brutality+1"],"picked":"Exhume","floor":33},{"not_picked":["Reckless Charge","Heavy Blade","Twin Strike"],"picked":"SKIP","floor":35}],"player_experience":349084,"relics_obtained":[{"floor":6,"key":"Juzu Bracelet"},{"floor":9,"key":"Bronze Scales"},{"floor":10,"key":"Pocketwatch"},{"floor":13,"key":"Frozen Egg 2"},{"floor":19,"key":"Red Mask"},{"floor":22,"key":"Enchiridion"},{"floor":24,"key":"Regal Pillow"},{"floor":26,"key":"Lantern"},{"floor":31,"key":"Boot"}],"event_choices":[{"damage_healed":0,"gold_gain":0,"player_choice":"Entered Light","damage_taken":16,"max_hp_gain":0,"max_hp_loss":0,"event_name":"Shining Light","floor":4,"gold_loss":0,"cards_upgraded":["Defend_R","Strike_R"]},{"damage_healed":0,"gold_gain":75,"player_choice":"Gather Gold","damage_taken":11,"max_hp_gain":0,"max_hp_loss":0,"event_name":"World of Goop","floor":5,"gold_loss":0},{"damage_healed":0,"gold_gain":0,"player_choice":"Fought Bandits","damage_taken":0,"max_hp_gain":0,"max_hp_loss":0,"event_name":"Masked Bandits","floor":19,"gold_loss":0},{"damage_healed":0,"gold_gain":0,"player_choice":"Became a vampire","damage_taken":0,"max_hp_gain":0,"max_hp_loss":24,"event_name":"Vampires","floor":20,"gold_loss":0,"cards_obtained":["Bite","Bite","Bite","Bite","Bite"]},{"damage_healed":0,"gold_gain":0,"player_choice":"Obtained Book","damage_taken":16,"max_hp_gain":0,"max_hp_loss":0,"event_name":"Cursed Tome","floor":22,"gold_loss":0},{"damage_healed":0,"gold_gain":0,"player_choice":"Opened","damage_taken":0,"relics_obtained":["Mercury Hourglass"],"max_hp_gain":0,"max_hp_loss":0,"event_name":"The Mausoleum","floor":28,"gold_loss":0,"cards_obtained":["Writhe"]},{"damage_healed":0,"gold_gain":0,"cards_transformed":["Wild Strike"],"player_choice":"Transformed","damage_taken":0,"max_hp_gain":0,"max_hp_loss":0,"event_name":"Transmorgrifier","floor":29,"gold_loss":0,"cards_obtained":["Entrench"]},{"damage_healed":0,"gold_gain":0,"player_choice":"Bought 1 Potion","damage_taken":0,"max_hp_gain":0,"max_hp_loss":0,"event_name":"The Woman in Blue","floor":36,"gold_loss":0}],"is_beta":false,"boss_relics":[{"not_picked":["Orrery","Tiny House"],"picked":"Sozu"},{"not_picked":["Runic Dome","Pandora\u0027s Box"],"picked":"Black Star"}],"items_purged_floors":[11,37],"is_endless":false,"potions_floor_spawned":[2,6,13,14,21,24,30,31],"killed_by":"Giant Head","ascension_level":0}