{"gold_per_floor":[110,183,43,43,8,48,48,68,93,131,149,162,162,196,196,292,292,307,330,330,4,22,22,60,60,87,107,130,130,177,92,92,92],"floor_reached":33,"playtime":1432,"items_purged":["Strike_R"],"score":552,"play_id":"b8e9ff23-6c60-4ae4-b315-724a90e2a075","local_time":"20190311191034","is_ascension_mode":true,"campfire_choices":[{"data":"Wild Strike","floor":7.0,"key":"SMITH"},{"floor":13.0,"key":"REST"},{"data":"Inflame","floor":15.0,"key":"SMITH"},{"data":"Ghostly","floor":23.0,"key":"SMITH"},{"data":"Limit Break","floor":32.0,"key":"SMITH"}],"neow_cost":"NONE","seed_source_timestamp":789997110088029,"circlet_count":0,"master_deck":["AscendersBane","Strike_R","Strike_R","Strike_R","Strike_R","Defend_R","Defend_R+1","Defend_R","Defend_R","Bash+1","Metallicize","Wild Strike+1","Evolve","Battle Trance","Headbutt","Anger","Inflame+1","Carnage","Limit Break+1","Ghostly","Ghostly","Ghostly+1","Shockwave","Offering+1","Whirlwind","Reckless Charge"],"special_seed":0,"relics":["Burning Blood","Golden Idol","Blood Vial","Omamori","Bronze Scales","Anchor","Velvet Choker","Bag of Marbles","PreservedInsect","Boot","Juzu Bracelet","War Paint"],"potions_floor_usage":[],"damage_taken":[{"damage":10.0,"enemies":"2 Louse","floor":1.0,"turns":3.0},{"damage":40.0,"enemies":"3 Sentries","floor":6.0,"turns":10.0},{"damage":2.0,"enemies":"Jaw Worm","floor":8.0,"turns":3.0},{"damage":35.0,"enemies":"Lagavulin","floor":10.0,"turns":5.0},{"damage":0.0,"enemies":"Cultist","floor":11.0,"turns":3.0},{"damage":13.0,"enemies":"Blue Slaver","floor":12.0,"turns":4.0},{"damage":8.0,"enemies":"Gremlin Nob","floor":14.0,"turns":3.0},{"damage":25.0,"enemies":"The Guardian","floor":16.0,"turns":13.0},{"damage":13.0,"enemies":"2 Thieves","floor":18.0,"turns":4.0},{"damage":17.0,"enemies":"Shell Parasite","floor":19.0,"turns":4.0},{"damage":13.0,"enemies":"Centurion and Healer","floor":22.0,"turns":6.0},{"damage":8.0,"enemies":"Book of Stabbing","floor":24.0,"turns":5.0},{"damage":18.0,"enemies":"3 Cultists","floor":27.0,"turns":5.0},{"damage":6.0,"enemies":"Snecko","floor":28.0,"turns":4.0},{"damage":6.0,"enemies":"Colosseum Slavers","floor":29.0,"turns":5.0},{"damage":26,"enemies":"Collector","floor":33,"turns":7}],"seed_played":"-8521571919195439296","potions_obtained":[{"floor":1.0,"key":"EssenceOfSteel"},{"floor":8.0,"key":"Fire Potion"},{"floor":16.0,"key":"Energy Potion"},{"floor":18.0,"key":"Regen Potion"},{"floor":19.0,"key":"Explosive Potion"}],"is_trial":false,"path_per_floor":["M","?","$","?","?","E","R","M","T","E","M","M","R","E","R","B",null,"M","M","?","$","M","R","E","$","T","M","M","?","T","?","R","B"],"character_chosen":"IRONCLAD","items_purchased":["Wild Strike","Evolve","Bag of Marbles","Shockwave"],"campfire_rested":1,"item_purchase_floors":[3,3,21,21],"current_hp_per_floor":[64,64,64,64,68,34,34,40,40,13,21,16,36,36,36,19,56,51,42,34,34,27,27,27,27,27,17,19,21,21,21,21,0],"gold":92,"neow_bonus":"UPGRADE_CARD","is_prod":false,"is_daily":false,"chose_seed":false,"campfire_upgraded":4,"win_rate":0,"timestamp":1552345834,"path_taken":["M","?","$","?","?","E","R","M","T","E","M","M","R","E","R","BOSS","M","M","?","$","M","R","E","$","T","M","M","?","?","?","R","BOSS"],"build_version":"2019-01-23","purchased_purges":1,"victory":false,"max_hp_per_floor":[75,75,75,68,68,68,68,68,68,68,68,68,68,68,68,68,68,68,68,34,34,34,34,34,34,34,34,34,34,34,34,34,34],"card_choices":[{"not_picked":["Burning Pact","True Grit"],"picked":"Metallicize","floor":1.0},{"not_picked":["Headbutt","Sentinel"],"picked":"Battle Trance","floor":6.0},{"not_picked":["Iron Wave","Infernal Blade"],"picked":"Headbutt","floor":8.0},{"not_picked":["Clash","Armaments"],"picked":"Anger","floor":10.0},{"not_picked":["Whirlwind","Sword Boomerang"],"picked":"Inflame","floor":11.0},{"not_picked":["Headbutt","Armaments","Fire Breathing"],"picked":"SKIP","floor":12.0},{"not_picked":["Sever Soul","Heavy Blade"],"picked":"Carnage","floor":14.0},{"not_picked":["Barricade","Dark Embrace"],"picked":"Limit Break","floor":16.0},{"not_picked":["Wild Strike","Thunderclap","Body Slam+1"],"picked":"SKIP","floor":18.0},{"not_picked":["Feel No Pain","Twin Strike","Heavy Blade"],"picked":"SKIP","floor":19.0},{"not_picked":["Twin Strike","Intimidate","Dual Wield"],"picked":"SKIP","floor":22.0},{"not_picked":["Entrench+1","Battle Trance"],"picked":"Offering","floor":24.0},{"not_picked":["Cleave","Combust"],"picked":"Whirlwind","floor":27.0},{"not_picked":["Pommel Strike+1","Iron Wave"],"picked":"Reckless Charge","floor":28.0}],"player_experience":473346,"relics_obtained":[{"floor":6.0,"key":"Blood Vial"},{"floor":9.0,"key":"Omamori"},{"floor":10.0,"key":"Bronze Scales"},{"floor":14.0,"key":"Anchor"},{"floor":24.0,"key":"PreservedInsect"},{"floor":26.0,"key":"Boot"},{"floor":30.0,"key":"Juzu Bracelet"}],"event_choices":[{"damage_healed":0.0,"max_hp_gain":0.0,"max_hp_loss":0.0,"gold_gain":73.0,"event_name":"Golden Wing","player_choice":"Gained Gold","floor":2.0,"gold_loss":0.0,"damage_taken":0.0},{"damage_healed":0.0,"max_hp_gain":0.0,"max_hp_loss":7.0,"gold_gain":0.0,"event_name":"Golden Idol","player_choice":"Lose Max HP","floor":4.0,"gold_loss":0.0,"damage_taken":0.0,"relics_obtained":["Golden Idol"]},{"damage_healed":17.0,"max_hp_gain":0.0,"max_hp_loss":0.0,"gold_gain":0.0,"event_name":"The Cleric","player_choice":"Healed","floor":5.0,"gold_loss":35.0,"damage_taken":0.0},{"damage_healed":0.0,"max_hp_gain":0.0,"max_hp_loss":34.0,"gold_gain":0.0,"event_name":"Ghosts","player_choice":"Became a Ghost","floor":20.0,"gold_loss":0.0,"damage_taken":0.0,"cards_obtained":["Ghostly","Ghostly","Ghostly"]},{"damage_healed":0.0,"max_hp_gain":0.0,"max_hp_loss":0.0,"gold_gain":0.0,"event_name":"Colosseum","player_choice":"Fight","floor":29.0,"gold_loss":0.0,"damage_taken":0.0},{"damage_healed":0.0,"max_hp_gain":0.0,"max_hp_loss":0.0,"gold_gain":0.0,"event_name":"Colosseum","player_choice":"Fled From Nobs","floor":29.0,"gold_loss":0.0,"damage_taken":0.0},{"damage_healed":0.0,"max_hp_gain":0.0,"max_hp_loss":0.0,"gold_gain":0.0,"event_name":"Addict","player_choice":"Obtained Relic","floor":31.0,"gold_loss":85.0,"damage_taken":0.0,"relics_obtained":["War Paint"]}],"is_beta":false,"boss_relics":[{"not_picked":["Calling Bell","Snecko Eye"],"picked":"Velvet Choker"}],"items_purged_floors":[21],"is_endless":false,"potions_floor_spawned":[1,8,12,16,18,19,22],"killed_by":"Collector","ascension_level":19}