{"gold_per_floor":[119,119,294,314,324,324,336,316,316,331,347,347,347,360,360,458,458,441,441,716,716],"floor_reached":21,"playtime":437,"items_purged":[],"score":221,"play_id":"2ef2100c-b3be-499e-a3a2-93c695252740","local_time":"20190503222022","is_ascension_mode":false,"campfire_choices":[{"data":"Searing Blow","floor":6,"key":"SMITH"},{"data":"Searing Blow+1","floor":12,"key":"SMITH"},{"data":"Searing Blow+2","floor":15,"key":"SMITH"}],"neow_cost":"NONE","seed_source_timestamp":12533512921700,"circlet_count":0,"master_deck":["Strike_R+1","Strike_R","Strike_R","Strike_R","Strike_R","Defend_R","Defend_R","Defend_R+1","Defend_R","Bash","Cleave","Doubt","Rampage","Searing Blow+3","Twin Strike","Spot Weakness","Regret","Flex","Berserk","Clash+1","Decay","Regret"],"relics":["Black Blood","Potion Belt","The Courier","Dream Catcher"],"potions_floor_usage":[16,16,16,16,16,16,16,16,16,16,16,16,16,16],"damage_taken":[{"damage":11,"enemies":"Jaw Worm","floor":1,"turns":2},{"damage":5,"enemies":"2 Louse","floor":4,"turns":2},{"damage":0,"enemies":"Small Slimes","floor":5,"turns":3},{"damage":11,"enemies":"Red Slaver","floor":7,"turns":4},{"damage":1,"enemies":"2 Fungi Beasts","floor":10,"turns":4},{"damage":15,"enemies":"Large Slime","floor":11,"turns":6},{"damage":14,"enemies":"Looter","floor":14,"turns":3},{"damage":0,"enemies":"Slime Boss","floor":16,"turns":3},{"damage":34,"enemies":"2 Thieves","floor":18,"turns":4},{"damage":53,"enemies":"Shell Parasite","floor":21,"turns":6}],"seed_played":"-2807654888168302538","potions_obtained":[{"floor":7,"key":"Strength Potion"},{"floor":8,"key":"Weak Potion"},{"floor":10,"key":"FearPotion"},{"floor":11,"key":"EntropicBrew"},{"floor":18,"key":"Poison Potion"}],"is_trial":false,"path_per_floor":["M","?","?","M","M","R","M","?","T","M","M","R","?","M","R","B",null,"M","?","?","M"],"character_chosen":"IRONCLAD","items_purchased":[],"campfire_rested":0,"item_purchase_floors":[],"current_hp_per_floor":[75,59,59,60,66,66,61,61,61,66,57,57,57,49,49,55,80,56,56,56,3],"gold":716,"neow_bonus":"RANDOM_COMMON_RELIC","is_prod":false,"is_daily":false,"chose_seed":false,"campfire_upgraded":3,"win_rate":0,"timestamp":1556911222,"path_taken":["M","?","?","M","M","R","M","?","T","?","M","R","?","M","R","BOSS","M","?","?","M"],"build_version":"2019-01-23","purchased_purges":0,"victory":false,"max_hp_per_floor":[80,80,80,80,80,80,80,80,80,80,80,80,80,80,80,80,80,80,80,80,80],"card_choices":[{"not_picked":["True Grit","Warcry"],"picked":"Cleave","floor":1},{"not_picked":["Armaments","Shrug It Off"],"picked":"Rampage","floor":4},{"not_picked":["Flex","Clash"],"picked":"Searing Blow","floor":5},{"not_picked":["Juggernaut","Armaments"],"picked":"Twin Strike","floor":7},{"not_picked":["Warcry","Carnage"],"picked":"Spot Weakness","floor":10},{"not_picked":["Sever Soul","Feel No Pain","Clash"],"picked":"SKIP","floor":11},{"not_picked":["Cleave","Perfected Strike"],"picked":"Flex","floor":14},{"not_picked":["Barricade","Fiend Fire"],"picked":"Berserk","floor":16},{"not_picked":["Wild Strike+1","Feel No Pain"],"picked":"Clash+1","floor":18}],"player_experience":279981,"relics_obtained":[{"floor":9,"key":"The Courier"}],"event_choices":[{"damage_healed":0,"gold_gain":0,"player_choice":"Entered Light","damage_taken":16,"max_hp_gain":0,"max_hp_loss":0,"event_name":"Shining Light","floor":2,"gold_loss":0,"cards_upgraded":["Strike_R","Defend_R"]},{"damage_healed":0,"gold_gain":175,"player_choice":"AGREE","damage_taken":0,"max_hp_gain":0,"max_hp_loss":0,"event_name":"Liars Game","floor":3,"gold_loss":0,"cards_obtained":["Doubt"]},{"damage_healed":0,"gold_gain":0,"player_choice":"Bought 1 Potion","damage_taken":0,"max_hp_gain":0,"max_hp_loss":0,"event_name":"The Woman in Blue","floor":8,"gold_loss":0},{"damage_healed":0,"gold_gain":0,"player_choice":"Box","damage_taken":0,"relics_obtained":["Dream Catcher"],"max_hp_gain":0,"max_hp_loss":0,"event_name":"Big Fish","floor":13,"gold_loss":0,"cards_obtained":["Regret"]},{"damage_healed":0,"gold_gain":0,"player_choice":"Smashed Altar","damage_taken":0,"max_hp_gain":0,"max_hp_loss":0,"event_name":"Forgotten Altar","floor":19,"gold_loss":0,"cards_obtained":["Decay"]},{"damage_healed":0,"gold_gain":275,"player_choice":"Desecrate","damage_taken":0,"max_hp_gain":0,"max_hp_loss":0,"event_name":"Golden Shrine","floor":20,"gold_loss":0,"cards_obtained":["Regret"]}],"is_beta":false,"boss_relics":[{"not_picked":["Orrery","Velvet Choker"],"picked":"Black Blood"}],"items_purged_floors":[],"is_endless":false,"potions_floor_spawned":[7,10,11,18],"killed_by":"Shell Parasite","ascension_level":0}