{"gold_per_floor":[118,118,43,56,72,103,116,116,116,116,151,12,12,41,41,139,139,121,121,121,121,133,133,103,134,134,144,161,5,17,31,31,126,126,136,149,149,249,249,249,268,288,311,311,337,337,337,356,356,356],"floor_reached":51,"playtime":5151,"items_purged":["Pain","Strike_B"],"score":790,"play_id":"a88fdc45-bf97-45d7-9ba0-7a2529468072","local_time":"20190123020411","is_ascension_mode":true,"campfire_choices":[{"data":"Dualcast","floor":8.0,"key":"SMITH"},{"data":"Genetic Algorithm","floor":10.0,"key":"SMITH"},{"floor":15.0,"key":"REST"},{"floor":23.0,"key":"REST"},{"floor":32.0,"key":"REST"},{"data":"Echo Form","floor":40,"key":"SMITH"},{"floor":44,"key":"REST"},{"data":"Turbo","floor":46,"key":"SMITH"},{"data":"Defragment","floor":49,"key":"SMITH"}],"neow_cost":"NONE","seed_source_timestamp":974455040730080,"circlet_count":0,"master_deck":["Zap","Dualcast+1","Cold Snap","Storm","Genetic Algorithm+1","Auto Shields","BootSequence","Storm","Heatsinks","Echo Form+1","Cold Snap+1","Capacitor","Conserve Battery","Tempest","Compile Driver","Defragment+1","Reboot","Chill+1","Redo","Electrodynamics","Auto Shields","Chaos","Capacitor","Thunder Strike","Rainbow+1","Turbo+1","Storm","Consume+1","Conserve Battery","Capacitor+1","Static Discharge+1","Self Repair"],"special_seed":0,"relics":["Cracked Core","NeowsBlessing","WarpedTongs","Oddly Smooth Stone","Mercury Hourglass","Blue Candle","Ancient Tea Set","Eternal Feather","Anchor","Pear","Pandora\u0027s Box","Ice Cream","FaceOfCleric","War Paint","DataDisk"],"potions_floor_usage":[38,45,45,45],"damage_taken":[{"damage":0.0,"enemies":"Cultist","floor":1.0,"turns":1.0},{"damage":0.0,"enemies":"2 Louse","floor":4.0,"turns":1.0},{"damage":0.0,"enemies":"Small Slimes","floor":5.0,"turns":1.0},{"damage":23.0,"enemies":"Lagavulin","floor":6.0,"turns":6.0},{"damage":1.0,"enemies":"3 Louse","floor":7.0,"turns":4.0},{"damage":10.0,"enemies":"3 Sentries","floor":11.0,"turns":4.0},{"damage":7.0,"enemies":"Lagavulin","floor":14.0,"turns":5.0},{"damage":26.0,"enemies":"Hexaghost","floor":16.0,"turns":11.0},{"damage":14.0,"enemies":"2 Thieves","floor":18.0,"turns":4.0},{"damage":21.0,"enemies":"Colosseum Slavers","floor":20.0,"turns":5.0},{"damage":3.0,"enemies":"Shell Parasite","floor":22.0,"turns":6.0},{"damage":16.0,"enemies":"Book of Stabbing","floor":25.0,"turns":5.0},{"damage":3.0,"enemies":"Centurion and Healer","floor":27.0,"turns":9.0},{"damage":13.0,"enemies":"Snecko","floor":28.0,"turns":7.0},{"damage":13.0,"enemies":"3 Cultists","floor":30.0,"turns":6.0},{"damage":6.0,"enemies":"Shelled Parasite and Fungi","floor":31.0,"turns":6.0},{"damage":55.0,"enemies":"Collector","floor":33.0,"turns":9.0},{"damage":13.0,"enemies":"Orb Walker","floor":35.0,"turns":3.0},{"damage":0.0,"enemies":"3 Shapes","floor":36.0,"turns":4.0},{"damage":28,"enemies":"Mind Bloom Boss Battle","floor":38,"turns":5},{"damage":22,"enemies":"Writhing Mass","floor":41,"turns":5},{"damage":0,"enemies":"Transient","floor":42,"turns":5},{"damage":37,"enemies":"Reptomancer","floor":45,"turns":6},{"damage":7,"enemies":"Spire Growth","floor":48,"turns":6},{"damage":26,"enemies":"Donu and Deca","floor":50,"turns":5}],"seed_played":"-3736539868179497626","potions_obtained":[{"floor":1.0,"key":"Strength Potion"},{"floor":4.0,"key":"Poison Potion"},{"floor":5.0,"key":"Regen Potion"},{"floor":7.0,"key":"AttackPotion"},{"floor":18.0,"key":"FocusPotion"},{"floor":22.0,"key":"SkillPotion"},{"floor":24.0,"key":"Fruit Juice"},{"floor":24.0,"key":"EntropicBrew"},{"floor":27.0,"key":"Regen Potion"},{"floor":30.0,"key":"Energy Potion"},{"floor":33.0,"key":"Dexterity Potion"},{"floor":36.0,"key":"LiquidBronze"},{"floor":41,"key":"Ancient Potion"},{"floor":42,"key":"Regen Potion"},{"floor":45,"key":"FearPotion"}],"is_trial":false,"path_per_floor":["M","?","$","M","M","E","M","R","T","R","E","$","?","E","R","B",null,"M","?","?","?","M","R","?","E","T","M","M","$","M","M","R","B",null,"M","M","?","?","?","R","M","M","T","R","E","R","?","M","R","B",null],"character_chosen":"DEFECT","items_purchased":["Heatsinks","Defragment","Reboot"],"campfire_rested":4,"item_purchase_floors":[12,29,29],"current_hp_per_floor":[75,75,75,75,75,64,63,63,63,63,53,53,53,46,68,42,75,61,61,40,40,37,71,71,60,70,67,54,54,41,35,77,37,90,77,77,77,49,49,67,46,47,47,92,65,83,83,77,91,76],"gold":356,"neow_bonus":"THREE_ENEMY_KILL","is_prod":false,"is_daily":false,"chose_seed":false,"campfire_upgraded":5,"win_rate":0,"timestamp":1548201851,"path_taken":["M","?","$","?","M","E","M","R","T","R","E","$","?","E","R","BOSS","M","?","?","?","M","R","?","E","T","?","M","$","M","M","R","BOSS","M","M","?","?","?","R","?","M","T","R","E","R","?","M","R","BOSS"],"build_version":"2019-01-17v2","purchased_purges":2,"victory":true,"max_hp_per_floor":[75,75,75,75,75,75,75,75,75,75,75,75,75,75,75,75,75,75,75,75,75,75,75,75,80,90,90,90,90,90,90,90,90,90,90,90,90,90,90,90,91,92,92,92,93,93,90,91,91,92],"card_choices":[{"not_picked":["Steam Power","Compile Driver"],"picked":"Cold Snap","floor":1.0},{"not_picked":["Capacitor","Chaos"],"picked":"Storm","floor":4.0},{"not_picked":["Steam","Gash"],"picked":"Genetic Algorithm","floor":5.0},{"not_picked":["Reinforced Body","Scrape"],"picked":"Auto Shields","floor":6.0},{"not_picked":["Stack","Amplify"],"picked":"BootSequence","floor":7.0},{"not_picked":["Steam Power","Capacitor"],"picked":"Storm","floor":11.0},{"not_picked":["Barrage","Recycle","Hologram"],"picked":"SKIP","floor":14.0},{"not_picked":["Core Surge","Amplify"],"picked":"Echo Form","floor":16.0},{"not_picked":["Turbo","Barrage"],"picked":"Cold Snap+1","floor":18.0},{"not_picked":["Reinforced Body","Turbo"],"picked":"Conserve Battery","floor":22.0},{"not_picked":["Barrage+1","Streamline"],"picked":"Tempest","floor":25.0},{"not_picked":["Hello World","Rebound+1"],"picked":"Compile Driver","floor":27.0},{"not_picked":["Sweeping Beam","Turbo","Melter+1"],"picked":"SKIP","floor":28.0},{"not_picked":["BootSequence","Stack"],"picked":"Chill+1","floor":30.0},{"not_picked":["Turbo","Coolheaded+1"],"picked":"Redo","floor":31.0},{"not_picked":["Biased Cognition","Thunder Strike"],"picked":"Electrodynamics","floor":33.0},{"not_picked":["Stack","Barrage+1"],"picked":"Consume","floor":35.0},{"not_picked":["Sweeping Beam+1","Compile Driver"],"picked":"Conserve Battery","floor":36.0},{"not_picked":["Conserve Battery+1","Go for the Eyes+1"],"picked":"Capacitor+1","floor":38},{"not_picked":["Leap+1","Genetic Algorithm+1","Beam Cell"],"picked":"SKIP","floor":41},{"not_picked":["Ball Lightning+1","Lockon","FTL+1"],"picked":"SKIP","floor":42},{"not_picked":["Ball Lightning","Conserve Battery+1"],"picked":"Static Discharge+1","floor":45},{"not_picked":["Coolheaded","Hyperbeam"],"picked":"Self Repair","floor":48}],"player_experience":362545,"relics_obtained":[{"floor":6.0,"key":"Oddly Smooth Stone"},{"floor":9.0,"key":"Mercury Hourglass"},{"floor":11.0,"key":"Blue Candle"},{"floor":14.0,"key":"Ancient Tea Set"},{"floor":25.0,"key":"Anchor"},{"floor":26.0,"key":"Pear"},{"floor":38,"key":"Ice Cream"},{"floor":43,"key":"War Paint"},{"floor":45,"key":"DataDisk"}],"event_choices":[{"damage_healed":0.0,"max_hp_gain":0.0,"max_hp_loss":0.0,"gold_gain":0.0,"event_name":"Accursed Blacksmith","player_choice":"Rummage","floor":2.0,"gold_loss":0.0,"damage_taken":0.0,"relics_obtained":["WarpedTongs"],"cards_obtained":["Pain"]},{"damage_healed":0.0,"max_hp_gain":0.0,"max_hp_loss":0.0,"gold_gain":0.0,"event_name":"Golden Idol","player_choice":"Ignored","floor":13.0,"gold_loss":0.0,"damage_taken":0.0},{"damage_healed":0.0,"max_hp_gain":0.0,"max_hp_loss":0.0,"gold_gain":0.0,"event_name":"The Library","player_choice":"Read","floor":19.0,"gold_loss":0.0,"damage_taken":0.0,"cards_obtained":["Capacitor"]},{"damage_healed":0.0,"max_hp_gain":0.0,"max_hp_loss":0.0,"gold_gain":0.0,"event_name":"Colosseum","player_choice":"Fight","floor":20.0,"gold_loss":0.0,"damage_taken":0.0},{"damage_healed":0.0,"max_hp_gain":0.0,"max_hp_loss":0.0,"gold_gain":0.0,"event_name":"Colosseum","player_choice":"Fled From Nobs","floor":20.0,"gold_loss":0.0,"damage_taken":0.0},{"damage_healed":0.0,"max_hp_gain":0.0,"max_hp_loss":0.0,"gold_gain":0.0,"event_name":"Colosseum","player_choice":"Fled From Nobs","floor":20.0,"gold_loss":0.0,"damage_taken":0.0},{"damage_healed":0.0,"max_hp_gain":0.0,"max_hp_loss":0.0,"gold_gain":0.0,"event_name":"Vampires","player_choice":"Ignored","floor":21.0,"gold_loss":0.0,"damage_taken":0.0},{"damage_healed":0.0,"max_hp_gain":0.0,"max_hp_loss":0.0,"gold_gain":0.0,"event_name":"The Woman in Blue","player_choice":"Bought 2 Potions","floor":24.0,"gold_loss":0.0,"damage_taken":0.0},{"damage_healed":0,"gold_gain":0,"player_choice":"Ignored","damage_taken":0,"max_hp_gain":0,"max_hp_loss":0,"event_name":"Tomb of Lord Red Mask","floor":37,"gold_loss":0},{"damage_healed":0,"gold_gain":0,"player_choice":"Fight","damage_taken":0,"max_hp_gain":0,"max_hp_loss":0,"event_name":"MindBloom","floor":38,"gold_loss":0},{"damage_healed":0,"gold_gain":0,"player_choice":"Trade","damage_taken":0,"relics_obtained":["FaceOfCleric"],"max_hp_gain":0,"max_hp_loss":0,"event_name":"FaceTrader","floor":39,"gold_loss":0},{"cards_removed":["Parasite"],"damage_healed":0,"gold_gain":0,"player_choice":"Purged","damage_taken":0,"max_hp_gain":0,"max_hp_loss":0,"event_name":"Purifier","floor":47,"gold_loss":0}],"is_beta":false,"boss_relics":[{"not_picked":["Lizard Tail","White Beast Statue"],"picked":"Eternal Feather"},{"not_picked":["Snecko Eye","Calling Bell"],"picked":"Pandora\u0027s Box"}],"items_purged_floors":[3,12],"is_endless":false,"potions_floor_spawned":[1,4,5,7,18,22,27,30,33,36,41,42,45],"ascension_level":3}