{"gold_per_floor":[110,110,122,122,73,73,106,106,106,31,60,115,115,140,140,245,245,265,190,208,225,164,164,16,43,43,55,55,55,69,49,49,150,150,167,178,188,288,95,115,115,145,215,0,17,28,28,47,47,47],"floor_reached":51,"playtime":9634,"items_purged":["Strike_R","Strike_R"],"score":763,"play_id":"64f03609-b715-4cd9-aef9-f260390d6aca","local_time":"20190518220623","is_ascension_mode":false,"campfire_choices":[{"data":"Heavy Blade","floor":6,"key":"SMITH"},{"data":"Armaments","floor":8,"key":"SMITH"},{"floor":13,"key":"REST"},{"data":"Armaments","floor":15,"key":"SMITH"},{"data":"Bash","floor":23,"key":"SMITH"},{"floor":28,"key":"REST"},{"floor":32,"key":"REST"},{"data":"Limit Break","floor":41,"key":"SMITH"},{"floor":47,"key":"REST"},{"floor":49,"key":"REST"}],"neow_cost":"TEN_PERCENT_HP_LOSS","seed_source_timestamp":176113322758367,"circlet_count":0,"master_deck":["Strike_R","Strike_R","Strike_R","Defend_R","Defend_R","Defend_R","Bash+1","Demon Form+1","Headbutt","Heavy Blade+1","Heavy Blade","Armaments+1","Cleave+1","Intimidate","Armaments+1","Feed+1","Shrug It Off","Pommel Strike+1","Pummel+1","Pummel+1","Warcry","Shockwave","Warcry","Headbutt+1","Limit Break+1","Pommel Strike+1","Whirlwind+1","Heavy Blade+1","Inflame+1","Shrug It Off+1","Uppercut+1","Parasite","Whirlwind+1"],"relics":["Burning Blood","Bag of Preparation","Molten Egg 2","Paper Frog","Red Skull","FossilizedHelix","The Courier","Mark of Pain","Regal Pillow","Calipers","Cursed Key","Mango","Bottled Tornado","Sundial","Singing Bowl","Red Mask"],"potions_floor_usage":[12,21,33,37,38,42,50],"damage_taken":[{"damage":7,"enemies":"Jaw Worm","floor":1,"turns":5},{"damage":1,"enemies":"Small Slimes","floor":3,"turns":4},{"damage":8,"enemies":"Lagavulin","floor":7,"turns":5},{"damage":11,"enemies":"Gremlin Nob","floor":11,"turns":3},{"damage":31,"enemies":"3 Sentries","floor":12,"turns":5},{"damage":13,"enemies":"3 Sentries","floor":14,"turns":5},{"damage":0,"enemies":"Slime Boss","floor":16,"turns":6},{"damage":11,"enemies":"Shell Parasite","floor":18,"turns":5},{"damage":3,"enemies":"2 Thieves","floor":20,"turns":4},{"damage":0,"enemies":"Centurion and Healer","floor":21,"turns":5},{"damage":55,"enemies":"Slavers","floor":25,"turns":6},{"damage":5,"enemies":"Snake Plant","floor":27,"turns":3},{"damage":26,"enemies":"Shelled Parasite and Fungi","floor":30,"turns":4},{"damage":74,"enemies":"Champ","floor":33,"turns":8},{"damage":10,"enemies":"Orb Walker","floor":35,"turns":4},{"damage":18,"enemies":"3 Shapes","floor":36,"turns":4},{"damage":2,"enemies":"3 Darklings","floor":37,"turns":4},{"damage":9,"enemies":"Mind Bloom Boss Battle","floor":38,"turns":6},{"damage":4,"enemies":"Transient","floor":40,"turns":5},{"damage":67,"enemies":"Reptomancer","floor":42,"turns":5},{"damage":22,"enemies":"Spire Growth","floor":45,"turns":3},{"damage":0,"enemies":"Maw","floor":46,"turns":4},{"damage":14,"enemies":"Writhing Mass","floor":48,"turns":4},{"damage":42,"enemies":"Time Eater","floor":50,"turns":4}],"seed_played":"211216409146477632","potions_obtained":[{"floor":1,"key":"Regen Potion"},{"floor":7,"key":"Poison Potion"},{"floor":14,"key":"LiquidBronze"},{"floor":16,"key":"FairyPotion"},{"floor":20,"key":"GamblersBrew"},{"floor":31,"key":"Regen Potion"},{"floor":33,"key":"Dexterity Potion"},{"floor":38,"key":"SpeedPotion"},{"floor":42,"key":"SkillPotion"},{"floor":46,"key":"Strength Potion"}],"is_trial":false,"path_per_floor":["M","?","M","?","$","R","E","R","T","$","E","?","R","E","R","B",null,"M","?","M","M","$","R","$","E","T","M","R","?","M","?","R","B",null,"M","M","M","?","$","M","R","E","T","?","M","M","R","M","R","B",null],"character_chosen":"IRONCLAD","items_purchased":["Heavy Blade","Pummel+1","Pummel+1","Warcry","Bottled Tornado"],"campfire_rested":5,"item_purchase_floors":[5,22,24,24,39],"current_hp_per_floor":[71,68,72,72,72,72,70,70,70,70,65,52,72,65,65,71,72,67,67,74,80,80,80,80,31,31,32,71,71,51,51,80,12,80,80,68,72,99,99,101,101,40,40,40,26,32,78,72,106,70],"gold":47,"neow_bonus":"THREE_RARE_CARDS","is_prod":false,"is_daily":false,"chose_seed":false,"campfire_upgraded":5,"win_rate":0,"timestamp":1558231583,"path_taken":["M","?","M","?","$","R","E","R","T","$","E","?","R","E","R","BOSS","M","?","M","M","$","R","$","E","T","M","R","?","M","?","R","BOSS","M","?","M","?","$","M","R","E","T","?","M","M","R","M","R","BOSS"],"build_version":"2019-01-23","purchased_purges":2,"victory":true,"max_hp_per_floor":[72,72,72,72,72,72,72,72,72,72,72,72,72,72,72,72,72,72,72,76,80,80,80,80,80,80,80,80,80,80,80,80,80,80,84,84,84,102,102,102,102,102,102,102,104,104,104,106,106,106],"card_choices":[{"not_picked":["Impervious","Barricade"],"picked":"Demon Form","floor":0},{"not_picked":["Fire Breathing","Power Through"],"picked":"Headbutt","floor":1},{"not_picked":["Havoc","Searing Blow"],"picked":"Heavy Blade","floor":3},{"not_picked":["Dual Wield","Iron Wave"],"picked":"Armaments","floor":7},{"not_picked":["Uppercut+1","Battle Trance"],"picked":"Cleave+1","floor":11},{"not_picked":["Wild Strike+1","Power Through"],"picked":"Intimidate","floor":12},{"not_picked":["Feel No Pain","Anger+1"],"picked":"Armaments","floor":14},{"not_picked":["Bludgeon+1","Immolate+1"],"picked":"Feed+1","floor":16},{"not_picked":["Iron Wave+1","Bloodletting"],"picked":"Shrug It Off","floor":18},{"not_picked":["Wild Strike+1","Carnage+1","Armaments"],"picked":"SKIP","floor":20},{"not_picked":["Flex+1","Iron Wave+1"],"picked":"Pommel Strike+1","floor":21},{"not_picked":["Rage","Fire Breathing"],"picked":"Shockwave","floor":25},{"not_picked":["Anger+1","Body Slam+1"],"picked":"Warcry","floor":27},{"not_picked":["Metallicize","Anger+1"],"picked":"Headbutt+1","floor":30},{"not_picked":["Berserk","Feed+1"],"picked":"Limit Break","floor":33},{"not_picked":["Perfected Strike+1","Body Slam+1"],"picked":"Pommel Strike+1","floor":35},{"not_picked":["Thunderclap+1","Infernal Blade+1"],"picked":"Whirlwind+1","floor":36},{"not_picked":["Sword Boomerang+1","Entrench"],"picked":"Heavy Blade+1","floor":37},{"not_picked":["Juggernaut","Sentinel"],"picked":"Inflame+1","floor":38},{"not_picked":["Iron Wave+1","Havoc+1"],"picked":"Shrug It Off+1","floor":40},{"not_picked":["Pommel Strike+1","Heavy Blade+1"],"picked":"Uppercut+1","floor":42},{"not_picked":["Sever Soul+1","Carnage+1","Flex+1"],"picked":"Singing Bowl","floor":45},{"not_picked":["Rampage+1","Sword Boomerang+1"],"picked":"Whirlwind+1","floor":46},{"not_picked":["Barricade","Anger+1","Bloodletting+1"],"picked":"Singing Bowl","floor":48}],"player_experience":239590,"relics_obtained":[{"floor":7,"key":"Molten Egg 2"},{"floor":9,"key":"Paper Frog"},{"floor":11,"key":"Red Skull"},{"floor":12,"key":"FossilizedHelix"},{"floor":14,"key":"The Courier"},{"floor":25,"key":"Regal Pillow"},{"floor":26,"key":"Calipers"},{"floor":38,"key":"Mango"},{"floor":42,"key":"Sundial"},{"floor":43,"key":"Singing Bowl"}],"event_choices":[{"damage_healed":0,"gold_gain":0,"player_choice":"Success","damage_taken":3,"relics_obtained":["Bag of Preparation"],"max_hp_gain":0,"max_hp_loss":0,"event_name":"Scrap Ooze","floor":2,"gold_loss":0},{"damage_healed":0,"gold_gain":0,"player_choice":"Grow","damage_taken":0,"max_hp_gain":0,"max_hp_loss":0,"event_name":"Living Wall","floor":4,"gold_loss":0,"cards_upgraded":["Demon Form"]},{"damage_healed":0,"gold_gain":30,"player_choice":"Searched \u00272\u0027 times","damage_taken":0,"max_hp_gain":0,"max_hp_loss":0,"event_name":"Dead Adventurer","floor":12,"gold_loss":0},{"cards_removed":["Defend_R"],"damage_healed":0,"gold_gain":0,"player_choice":"Gave Gold","damage_taken":0,"max_hp_gain":0,"max_hp_loss":0,"event_name":"Beggar","floor":19,"gold_loss":75},{"damage_healed":0,"gold_gain":0,"player_choice":"Ignored","damage_taken":0,"max_hp_gain":0,"max_hp_loss":0,"event_name":"Ghosts","floor":29,"gold_loss":0},{"damage_healed":0,"gold_gain":0,"player_choice":"Bought 1 Potion","damage_taken":0,"max_hp_gain":0,"max_hp_loss":0,"event_name":"The Woman in Blue","floor":31,"gold_loss":0},{"damage_healed":0,"gold_gain":0,"player_choice":"Fight","damage_taken":0,"max_hp_gain":0,"max_hp_loss":0,"event_name":"MindBloom","floor":38,"gold_loss":0},{"damage_healed":0,"gold_gain":0,"player_choice":"Paid","damage_taken":0,"relics_obtained":["Red Mask"],"max_hp_gain":0,"max_hp_loss":0,"event_name":"Tomb of Lord Red Mask","floor":44,"gold_loss":215}],"is_beta":false,"boss_relics":[{"not_picked":["Snecko Eye","Runic Cube"],"picked":"Mark of Pain"},{"not_picked":["Runic Dome","Orrery"],"picked":"Cursed Key"}],"items_purged_floors":[10,24],"is_endless":false,"potions_floor_spawned":[1,7,14,16,18,20,33,36,38,42,46],"ascension_level":0}