{"gold_per_floor":[115,65,65,39,59,59,78,78,78,78,99,12,12,12,12,114,114,129,129,129,149,163,163,198,226,252,252],"floor_reached":27,"playtime":905,"items_purged":["Regret"],"score":217,"play_id":"999b6131-5524-4950-906b-8f25b6bdf437","local_time":"20190519135448","is_ascension_mode":false,"campfire_choices":[{"data":"Zap","floor":6.0,"key":"SMITH"},{"data":"Dualcast","floor":10.0,"key":"SMITH"},{"data":"Blizzard","floor":13.0,"key":"SMITH"},{"floor":15.0,"key":"REST"},{"data":"Creative AI","floor":23,"key":"SMITH"}],"neow_cost":"NONE","seed_source_timestamp":307340968711368,"circlet_count":0,"master_deck":["Strike_B","Strike_B+1","Strike_B","Defend_B+1","Defend_B","Defend_B","Dualcast+1","Steam+1","Sweeping Beam","Compile Driver+1","Cold Snap","Consume","Blizzard+1","Creative AI+1","Cold Snap","Defragment","Defragment","Glacier"],"special_seed":0,"relics":["Cracked Core","DataDisk","The Courier","Juzu Bracelet","Odd Mushroom","Art of War","Empty Cage","Orichalcum","Question Card","Red Mask","Whetstone"],"potions_floor_usage":[27],"damage_taken":[{"damage":7.0,"enemies":"Small Slimes","floor":1.0,"turns":3.0},{"damage":6.0,"enemies":"Jaw Worm","floor":5.0,"turns":2.0},{"damage":7.0,"enemies":"2 Louse","floor":7.0,"turns":2.0},{"damage":23.0,"enemies":"The Mushroom Lair","floor":11.0,"turns":3.0},{"damage":33.0,"enemies":"Hexaghost","floor":16.0,"turns":14.0},{"damage":9.0,"enemies":"Spheric Guardian","floor":18.0,"turns":7.0},{"damage":1,"enemies":"Shell Parasite","floor":21,"turns":10},{"damage":8,"enemies":"Shelled Parasite and Fungi","floor":22,"turns":11},{"damage":27,"enemies":"Book of Stabbing","floor":24,"turns":8},{"damage":33,"enemies":"Masked Bandits","floor":25,"turns":6},{"damage":7,"enemies":"Sentry and Sphere","floor":27,"turns":2}],"seed_played":"3046007341452701792","potions_obtained":[{"floor":5.0,"key":"SkillPotion"},{"floor":11.0,"key":"Fruit Juice"},{"floor":18.0,"key":"SpeedPotion"},{"floor":21,"key":"SkillPotion"}],"is_trial":false,"path_per_floor":["M","?","?","$","M","R","M","?","T","R","?","$","R","?","R","B",null,"M","?","T","M","M","R","E","?","T","M"],"character_chosen":"DEFECT","items_purchased":["Sweeping Beam","Blizzard"],"campfire_rested":1,"item_purchase_floors":[4,12],"current_hp_per_floor":[68,68,53,53,47,47,40,40,40,40,22,22,22,15,39,6,80,71,71,71,70,62,62,35,2,2,0],"gold":252,"neow_bonus":"RANDOM_COMMON_RELIC","is_prod":false,"is_daily":false,"chose_seed":false,"campfire_upgraded":4,"win_rate":0,"timestamp":1558241688,"path_taken":["M","?","?","?","M","R","?","?","T","R","?","$","R","?","R","BOSS","M","?","?","M","M","R","E","?","T","M"],"build_version":"2019-01-23","purchased_purges":1,"victory":false,"max_hp_per_floor":[75,75,75,75,75,75,75,75,75,75,80,80,80,80,80,80,80,80,80,80,80,80,80,80,80,80,80],"card_choices":[{"not_picked":["Barrage","Beam Cell"],"picked":"Steam","floor":1.0},{"not_picked":["Hologram","Steam Power"],"picked":"Compile Driver","floor":5.0},{"not_picked":["Stack","Gash"],"picked":"Cold Snap","floor":7.0},{"not_picked":["Steam","Rebound"],"picked":"Consume","floor":11.0},{"not_picked":["Biased Cognition","Hyperbeam"],"picked":"Creative AI","floor":16.0},{"not_picked":["Sweeping Beam","Genetic Algorithm"],"picked":"Cold Snap","floor":18.0},{"not_picked":["Aggregate","Rebound"],"picked":"Defragment","floor":21},{"not_picked":["Blizzard","Reinforced Body+1"],"picked":"Defragment","floor":22},{"not_picked":["Leap","Steam","Creative AI"],"picked":"SKIP","floor":24},{"not_picked":["Cold Snap","Fusion+1","Doom and Gloom+1"],"picked":"Glacier","floor":25}],"player_experience":392240,"relics_obtained":[{"floor":9.0,"key":"Juzu Bracelet"},{"floor":11.0,"key":"Odd Mushroom"},{"floor":20.0,"key":"Orichalcum"},{"floor":24,"key":"Question Card"},{"floor":25,"key":"Red Mask"},{"floor":26,"key":"Whetstone"}],"event_choices":[{"cards_removed":["Defend_B"],"damage_healed":0.0,"max_hp_gain":0.0,"max_hp_loss":0.0,"gold_gain":0.0,"event_name":"The Cleric","player_choice":"Card Removal","floor":2.0,"gold_loss":50.0,"damage_taken":0.0},{"damage_healed":0.0,"max_hp_gain":0.0,"max_hp_loss":0.0,"gold_gain":0.0,"event_name":"Shining Light","player_choice":"Entered Light","floor":3.0,"gold_loss":0.0,"damage_taken":15.0,"cards_upgraded":["Steam","Defend_B"]},{"damage_healed":0.0,"max_hp_gain":0.0,"max_hp_loss":0.0,"gold_gain":0.0,"event_name":"Big Fish","player_choice":"Box","floor":8.0,"gold_loss":0.0,"damage_taken":0.0,"relics_obtained":["The Courier"],"cards_obtained":["Regret"]},{"damage_healed":0.0,"max_hp_gain":0.0,"max_hp_loss":0.0,"gold_gain":0.0,"event_name":"Mushrooms","player_choice":"Fought Mushrooms","floor":11.0,"gold_loss":0.0,"damage_taken":0.0},{"damage_healed":0.0,"max_hp_gain":0.0,"max_hp_loss":0.0,"gold_gain":0.0,"event_name":"Scrap Ooze","player_choice":"Success","floor":14.0,"gold_loss":0.0,"damage_taken":7.0,"relics_obtained":["Art of War"]},{"damage_healed":0.0,"max_hp_gain":0.0,"max_hp_loss":0.0,"gold_gain":0.0,"event_name":"Ghosts","player_choice":"Ignored","floor":19.0,"gold_loss":0.0,"damage_taken":0.0},{"damage_healed":0,"gold_gain":0,"player_choice":"Fought Bandits","damage_taken":0,"max_hp_gain":0,"max_hp_loss":0,"event_name":"Masked Bandits","floor":25,"gold_loss":0}],"is_beta":false,"boss_relics":[{"not_picked":["Eternal Feather","Lizard Tail"],"picked":"Empty Cage"}],"items_purged_floors":[12],"is_endless":false,"potions_floor_spawned":[5,11,18,21],"killed_by":"Sentry and Sphere","ascension_level":0}