{"gold_per_floor":[118,118,129,142,142,167,167,179,206,206,481,501,513,513],"floor_reached":14,"playtime":1421,"items_purged":[],"score":101,"play_id":"3a60dee9-ddb2-4817-bc68-abbdc5fd4384","local_time":"20190114023209","is_ascension_mode":true,"campfire_choices":[{"floor":7,"key":"REST"},{"floor":10,"key":"REST"}],"neow_cost":"NONE","seed_source_timestamp":202433388159509,"circlet_count":0,"master_deck":["Strike_B","Strike_B+1","Strike_B","Strike_B","Defend_B","Defend_B","Defend_B","Zap","Dualcast","Conserve Battery","Streamline+1","Chaos","Double Energy","Capacitor","Regret","Skim","Storm"],"special_seed":0,"relics":["Black Star","Art of War","Bag of Marbles","Whetstone"],"potions_floor_usage":[14,14],"damage_taken":[{"damage":12.0,"enemies":"Small Slimes","floor":1.0,"turns":5.0},{"damage":0.0,"enemies":"2 Louse","floor":3.0,"turns":2.0},{"damage":5.0,"enemies":"Jaw Worm","floor":4.0,"turns":4.0},{"damage":44,"enemies":"3 Sentries","floor":6,"turns":9},{"damage":16,"enemies":"Gremlin Gang","floor":8,"turns":6},{"damage":14,"enemies":"Blue Slaver","floor":12,"turns":4},{"damage":0,"enemies":"3 Louse","floor":13,"turns":3},{"damage":31,"enemies":"Gremlin Gang","floor":14,"turns":3}],"seed_played":"-4074626121030588586","potions_obtained":[{"floor":1.0,"key":"FearPotion"},{"floor":6,"key":"Block Potion"},{"floor":12,"key":"Strength Potion"},{"floor":13,"key":"LiquidBronze"}],"is_trial":false,"path_per_floor":["M","?","M","M","?","E","R","M","T","R","?","M","M","M"],"character_chosen":"DEFECT","items_purchased":[],"campfire_rested":2,"item_purchase_floors":[],"current_hp_per_floor":[63,56,56,51,56,12,36,20,20,44,44,30,30,0],"gold":513,"neow_bonus":"BOSS_RELIC","is_prod":false,"is_daily":false,"chose_seed":false,"campfire_upgraded":0,"win_rate":0,"timestamp":1547425929,"path_taken":["M","?","M","M","?","E","R","M","T","R","?","M","?","M"],"build_version":"2019-01-10","purchased_purges":0,"victory":false,"max_hp_per_floor":[75,75,75,75,80,80,80,80,80,80,80,80,80,80],"card_choices":[{"not_picked":["Steam Power","Steam"],"picked":"Conserve Battery","floor":1.0},{"not_picked":["Sunder","Beam Cell"],"picked":"Streamline","floor":3.0},{"not_picked":["Steam Power","Reprogram"],"picked":"Chaos","floor":4.0},{"not_picked":["Go for the Eyes","Sweeping Beam"],"picked":"Double Energy","floor":6},{"not_picked":["Beam Cell","Hologram"],"picked":"Capacitor","floor":8},{"not_picked":["Beam Cell","Capacitor"],"picked":"Skim","floor":12},{"not_picked":["Doom and Gloom","Capacitor"],"picked":"Storm","floor":13}],"player_experience":229288,"relics_obtained":[{"floor":6,"key":"Art of War"},{"floor":6,"key":"Bag of Marbles"},{"floor":9,"key":"Whetstone"}],"event_choices":[{"cards_removed":["Defend_B"],"damage_healed":0.0,"max_hp_gain":0.0,"max_hp_loss":0.0,"gold_gain":0.0,"event_name":"Golden Wing","player_choice":"Card Removal","floor":2.0,"gold_loss":0.0,"damage_taken":7.0},{"damage_healed":0,"gold_gain":0,"player_choice":"Donut","damage_taken":0,"max_hp_gain":5,"max_hp_loss":0,"event_name":"Big Fish","floor":5,"gold_loss":0},{"damage_healed":0,"gold_gain":275,"player_choice":"Desecrate","damage_taken":0,"max_hp_gain":0,"max_hp_loss":0,"event_name":"Golden Shrine","floor":11,"gold_loss":0,"cards_obtained":["Regret"]}],"is_beta":false,"boss_relics":[],"items_purged_floors":[],"is_endless":false,"potions_floor_spawned":[1,6,12,13],"killed_by":"Gremlin Gang","ascension_level":2}