{"gold_per_floor":[112,131,146,0,16,51,51,51,102,121,138,170,170,181,181,282,282,294,306,306,322,3,28,28,28,99,119,145,160,194,205,205,301,301,312,332,332,332,432,432,457,470,496,508,508,527,527,38,38,38,38,38,14,41,41],"floor_reached":55,"playtime":2822,"items_purged":["Clumsy","Strike_R"],"score":942,"play_id":"100b1726-bffa-41a8-9b90-eba66ae76e6d","local_time":"20181118224717","is_ascension_mode":true,"campfire_choices":[{"data":"Barricade","floor":7,"key":"SMITH"},{"data":"Body Slam","floor":15,"key":"SMITH"},{"data":"True Grit","floor":24,"key":"SMITH"},{"data":"Flame Barrier","floor":32,"key":"SMITH"},{"data":"Demon Form","floor":40,"key":"SMITH"},{"data":"Shockwave","floor":45,"key":"SMITH"},{"data":"Battle Trance","floor":47,"key":"SMITH"},{"floor":49,"key":"RECALL"},{"data":"Disarm","floor":52,"key":"SMITH"}],"neow_cost":"CURSE","seed_source_timestamp":275557843700008,"circlet_count":0,"master_deck":["Strike_R","Strike_R","Strike_R+1","Strike_R","Defend_R","Defend_R","Defend_R","Defend_R","Bash","Barricade+1","Anger","Body Slam+1","Twin Strike","Bludgeon+1","Iron Wave","Shockwave+1","Disarm+1","Feed+1","Twin Strike+1","Iron Wave+1","Feed+1","True Grit+1","Battle Trance+1","J.A.X.","Flame Barrier+1","Ghostly Armor+1","Battle Trance+1","Rampage+1","Shrug It Off+1","Demon Form+1","Shrug It Off+1","Ghostly Armor+1","Body Slam+1","Impervious+1","Body Slam+1"],"relics":["Burning Blood","Molten Egg 2","PreservedInsect","Bag of Preparation","Anchor","Coffee Dripper","Paper Frog","Toxic Egg 2","Meat on the Bone","Mango","Shuriken","Black Star","Magic Flower","Orichalcum","Ancient Tea Set","Bottled Tornado","Turnip","StoneCalendar"],"potions_floor_usage":[41,46,54,55],"damage_taken":[{"damage":15,"enemies":"Jaw Worm","floor":1,"turns":5},{"damage":5,"enemies":"Cultist","floor":2,"turns":4},{"damage":2,"enemies":"Small Slimes","floor":3,"turns":4},{"damage":7,"enemies":"Blue Slaver","floor":5,"turns":2},{"damage":35,"enemies":"Lagavulin","floor":6,"turns":8},{"damage":0,"enemies":"Looter","floor":10,"turns":2},{"damage":9,"enemies":"3 Louse","floor":11,"turns":3},{"damage":10,"enemies":"Gremlin Nob","floor":12,"turns":3},{"damage":0,"enemies":"Large Slime","floor":14,"turns":4},{"damage":10,"enemies":"The Guardian","floor":16,"turns":11},{"damage":0,"enemies":"Shell Parasite","floor":18,"turns":3},{"damage":2,"enemies":"Chosen","floor":19,"turns":4},{"damage":5,"enemies":"Snake Plant","floor":21,"turns":4},{"damage":3,"enemies":"Book of Stabbing","floor":23,"turns":3},{"damage":3,"enemies":"Centurion and Healer","floor":27,"turns":6},{"damage":3,"enemies":"Gremlin Leader","floor":28,"turns":3},{"damage":3,"enemies":"Chosen and Byrds","floor":29,"turns":4},{"damage":21,"enemies":"Book of Stabbing","floor":30,"turns":3},{"damage":6,"enemies":"3 Cultists","floor":31,"turns":4},{"damage":42,"enemies":"Automaton","floor":33,"turns":9},{"damage":10,"enemies":"Orb Walker","floor":35,"turns":3},{"damage":0,"enemies":"3 Shapes","floor":36,"turns":5},{"damage":3,"enemies":"Mind Bloom Boss Battle","floor":39,"turns":2},{"damage":59,"enemies":"Nemesis","floor":41,"turns":7},{"damage":17,"enemies":"Maw","floor":42,"turns":10},{"damage":18,"enemies":"Transient","floor":44,"turns":5},{"damage":38,"enemies":"Spire Growth","floor":46,"turns":4},{"damage":10,"enemies":"Time Eater","floor":50,"turns":8},{"damage":9,"enemies":"Shield and Spear","floor":54,"turns":6},{"damage":121,"enemies":"The Heart","floor":55,"turns":9}],"seed_played":"-1435474060332538527","potions_obtained":[{"floor":1,"key":"SpeedPotion"},{"floor":11,"key":"PowerPotion"},{"floor":14,"key":"SteroidPotion"},{"floor":16,"key":"Dexterity Potion"},{"floor":35,"key":"LiquidBronze"},{"floor":46,"key":"AttackPotion"}],"is_trial":false,"path_per_floor":["M","M","M","$","M","E","R","?","T","M","M","E","?","M","R","B",null,"M","M","?","M","$","E","R","?","T","M","E","M","E","M","R","B",null,"M","M","?","?","?","R","E","M","T","M","R","M","R","$","R","B",null,"R","$","E","B"],"character_chosen":"IRONCLAD","items_purchased":["Bludgeon","Flame Barrier","Paper Frog","Bottled Tornado","Impervious+1","Body Slam+1"],"campfire_rested":0,"item_purchase_floors":[4,22,22,48,48,53],"current_hp_per_floor":[71,72,76,76,75,46,46,46,46,52,49,45,29,35,35,35,84,84,84,84,84,84,84,84,84,84,88,102,106,95,99,99,75,114,110,118,118,118,118,118,86,78,78,69,69,58,58,58,58,75,118,118,118,118,0],"gold":41,"neow_bonus":"THREE_RARE_CARDS","is_prod":false,"is_daily":false,"chose_seed":false,"campfire_upgraded":8,"win_rate":0,"timestamp":1542599237,"path_taken":["M","M","M","$","M","E","R","?","T","M","?","E","?","M","R","BOSS","M","M","?","M","$","E","R","?","T","M","E","M","E","M","R","BOSS","M","M","?","?","?","R","E","?","T","M","R","M","R","$","R","BOSS","R","$","E","BOSS"],"build_version":"2018-11-15","purchased_purges":2,"victory":false,"max_hp_per_floor":[80,80,80,80,80,80,80,80,80,80,80,80,80,80,80,84,84,84,84,84,84,84,84,84,84,84,88,102,106,110,114,114,114,114,114,118,118,118,118,118,118,118,118,118,118,118,118,118,118,118,118,118,118,118,118],"card_choices":[{"not_picked":["Dark Embrace","Impervious"],"picked":"Barricade","floor":0},{"not_picked":["Havoc","Armaments"],"picked":"Anger","floor":1},{"not_picked":["Anger","Clash"],"picked":"Body Slam","floor":2},{"not_picked":["Body Slam","Thunderclap"],"picked":"Twin Strike","floor":3},{"not_picked":["Whirlwind","Body Slam"],"picked":"Iron Wave","floor":5},{"not_picked":["Headbutt","Flex"],"picked":"Shockwave","floor":6},{"not_picked":["Fire Breathing","Armaments"],"picked":"Disarm","floor":10},{"not_picked":["True Grit","Perfected Strike+1"],"picked":"Feed+1","floor":11},{"not_picked":["Power Through","Searing Blow+1"],"picked":"Twin Strike+1","floor":12},{"not_picked":["Heavy Blade+1","Whirlwind+1"],"picked":"Iron Wave+1","floor":14},{"not_picked":["Double Tap","Dark Embrace"],"picked":"Feed+1","floor":16},{"not_picked":["Havoc","Feel No Pain"],"picked":"True Grit","floor":18},{"not_picked":["Thunderclap+1","Iron Wave+1"],"picked":"Battle Trance","floor":19},{"not_picked":["Power Through","Sword Boomerang+1"],"picked":"True Grit","floor":21},{"not_picked":["Twin Strike+1","Cleave+1"],"picked":"Ghostly Armor+1","floor":23},{"not_picked":["Infernal Blade+1","Anger+1"],"picked":"Battle Trance+1","floor":27},{"not_picked":["Bloodletting+1","Twin Strike+1","Rupture+1"],"picked":"SKIP","floor":28},{"not_picked":["Carnage+1","Barricade"],"picked":"Rampage+1","floor":29},{"not_picked":["Armaments+1","Havoc+1"],"picked":"Shrug It Off+1","floor":30},{"not_picked":["Wild Strike+1","Twin Strike+1","Infernal Blade+1"],"picked":"SKIP","floor":31},{"not_picked":["Berserk","Brutality"],"picked":"Demon Form","floor":33},{"not_picked":["Carnage+1","Wild Strike+1"],"picked":"Shrug It Off+1","floor":35},{"not_picked":["Rampage+1","True Grit+1","Flex+1"],"picked":"SKIP","floor":36},{"not_picked":["Pommel Strike+1","Armaments+1"],"picked":"Ghostly Armor+1","floor":39},{"not_picked":["Searing Blow+1","Rupture","Shrug It Off+1"],"picked":"SKIP","floor":41},{"not_picked":["Twin Strike+1","Perfected Strike+1","Rampage+1"],"picked":"SKIP","floor":42},{"not_picked":["Sword Boomerang+1","Thunderclap+1"],"picked":"Body Slam+1","floor":44},{"not_picked":["Flex+1","Body Slam+1","Cleave+1"],"picked":"SKIP","floor":46},{"not_picked":["Immolate+1","Rupture","Carnage+1"],"picked":"SKIP","floor":54}],"player_experience":185051,"relics_obtained":[{"floor":6,"key":"Molten Egg 2"},{"floor":9,"key":"Bag of Preparation"},{"floor":12,"key":"Anchor"},{"floor":23,"key":"Toxic Egg 2"},{"floor":26,"key":"Meat on the Bone"},{"floor":28,"key":"Mango"},{"floor":30,"key":"Shuriken"},{"floor":39,"key":"Magic Flower"},{"floor":41,"key":"Orichalcum"},{"floor":41,"key":"Ancient Tea Set"},{"floor":54,"key":"Turnip"},{"floor":54,"key":"StoneCalendar"}],"event_choices":[{"damage_healed":0,"gold_gain":0,"player_choice":"Gave Potion","damage_taken":0,"relics_obtained":["PreservedInsect"],"max_hp_gain":0,"max_hp_loss":0,"event_name":"WeMeetAgain","floor":8,"gold_loss":0},{"damage_healed":0,"gold_gain":0,"player_choice":"Entered Light","damage_taken":16,"max_hp_gain":0,"max_hp_loss":0,"event_name":"Shining Light","floor":13,"gold_loss":0,"cards_upgraded":["Bludgeon","Strike_R"]},{"damage_healed":0,"gold_gain":0,"player_choice":"Obtain J.A.X.","damage_taken":0,"max_hp_gain":0,"max_hp_loss":0,"event_name":"Drug Dealer","floor":20,"gold_loss":0,"cards_obtained":["J.A.X."]},{"cards_removed":["True Grit"],"damage_healed":0,"gold_gain":0,"player_choice":"Removed Skill","damage_taken":0,"max_hp_gain":0,"max_hp_loss":0,"event_name":"Falling","floor":37,"gold_loss":0},{"damage_healed":0,"gold_gain":0,"player_choice":"Ignored","damage_taken":0,"max_hp_gain":0,"max_hp_loss":0,"event_name":"Tomb of Lord Red Mask","floor":38,"gold_loss":0},{"damage_healed":0,"gold_gain":0,"player_choice":"Fight","damage_taken":0,"max_hp_gain":0,"max_hp_loss":0,"event_name":"MindBloom","floor":39,"gold_loss":0}],"is_beta":false,"boss_relics":[{"not_picked":["Fusion Hammer","Busted Crown"],"picked":"Coffee Dripper"},{"not_picked":["Calling Bell","Cursed Key"],"picked":"Black Star"}],"items_purged_floors":[4,48],"is_endless":false,"potions_floor_spawned":[1,11,14,16,18,23,29,30,33,35,46],"killed_by":"The Heart","ascension_level":1}