{"gold_per_floor":[99,99,99,56,56,56,56,56,56,0,0,0,0,0,0,0,0,0,0,0,0,0,0,0,0,0,0,0,0,0,0,0,0,0,0,0,0,0,0,0,0,0,0,0,0,0,0,0,0,0],"floor_reached":51,"playtime":2793,"items_purged":[],"score":1461,"play_id":"f5273b3e-cddd-4aad-97b8-09184819b4dc","local_time":"20190211150619","is_ascension_mode":true,"campfire_choices":[{"data":"Whirlwind","floor":6.0,"key":"SMITH"},{"floor":8.0,"key":"REST"},{"floor":15.0,"key":"REST"},{"floor":23.0,"key":"REST"},{"floor":27.0,"key":"REST"},{"data":"Armaments","floor":30.0,"key":"SMITH"},{"floor":32.0,"key":"REST"},{"floor":40.0,"key":"REST"},{"floor":46.0,"key":"REST"},{"floor":49.0,"key":"REST"}],"neow_cost":"NONE","seed_source_timestamp":398604141707787,"circlet_count":0,"master_deck":["AscendersBane","Strike_R","Strike_R","Strike_R","Defend_R","Defend_R","Defend_R","Defend_R","Bash","Headbutt","Whirlwind+1","Immolate","True Grit","Power Through","Shrug It Off","Evolve","Reaper","Iron Wave","Spot Weakness","Armaments+1","Bludgeon","Demon Form","Thunderclap","Inflame","Shrug It Off+1","Bandage Up"],"special_seed":0,"relics":["Ectoplasm","Omamori","Gremlin Horn","Ancient Tea Set","PreservedInsect","Philosopher\u0027s Stone","Shuriken","Regal Pillow","Red Skull","Mummified Hand","Busted Crown","Oddly Smooth Stone","Bottled Tornado"],"potions_floor_usage":[50,50],"damage_taken":[{"damage":3.0,"enemies":"Small Slimes","floor":1.0,"turns":3.0},{"damage":0.0,"enemies":"Cultist","floor":2.0,"turns":2.0},{"damage":0.0,"enemies":"2 Louse","floor":5.0,"turns":2.0},{"damage":30.0,"enemies":"Lagavulin","floor":7.0,"turns":5.0},{"damage":0.0,"enemies":"3 Sentries","floor":11.0,"turns":2.0},{"damage":0.0,"enemies":"Looter","floor":12.0,"turns":2.0},{"damage":2.0,"enemies":"2 Fungi Beasts","floor":13.0,"turns":3.0},{"damage":24.0,"enemies":"Lagavulin","floor":14.0,"turns":4.0},{"damage":0.0,"enemies":"Slime Boss","floor":16.0,"turns":6.0},{"damage":19.0,"enemies":"Spheric Guardian","floor":18.0,"turns":5.0},{"damage":23.0,"enemies":"Chosen","floor":21.0,"turns":4.0},{"damage":12.0,"enemies":"Centurion and Healer","floor":22.0,"turns":5.0},{"damage":11.0,"enemies":"Gremlin Leader","floor":24.0,"turns":4.0},{"damage":24.0,"enemies":"Book of Stabbing","floor":31.0,"turns":4.0},{"damage":79.0,"enemies":"Champ","floor":33.0,"turns":9.0},{"damage":11.0,"enemies":"3 Shapes","floor":35.0,"turns":3.0},{"damage":15.0,"enemies":"Orb Walker","floor":39.0,"turns":3.0},{"damage":11.0,"enemies":"Maw","floor":41.0,"turns":6.0},{"damage":32.0,"enemies":"Nemesis","floor":42.0,"turns":5.0},{"damage":0.0,"enemies":"Jaw Worm Horde","floor":44.0,"turns":2.0},{"damage":38.0,"enemies":"Spire Growth","floor":48.0,"turns":4.0},{"damage":90,"enemies":"Awakened One","floor":50,"turns":9}],"seed_played":"8930365221315267997","potions_obtained":[{"floor":5.0,"key":"Ancient Potion"},{"floor":7.0,"key":"Energy Potion"},{"floor":12.0,"key":"SkillPotion"},{"floor":16.0,"key":"Ancient Potion"},{"floor":21.0,"key":"SneckoOil"},{"floor":39.0,"key":"Weak Potion"},{"floor":42.0,"key":"GamblersBrew"},{"floor":48.0,"key":"FearPotion"}],"is_trial":false,"path_per_floor":["M","M","?","$","M","R","E","R","T","$","E","M","M","E","R","B",null,"M","?","?","M","M","R","E","?","T","R","?","T","R","E","R","B",null,"M","?","$","?","M","R","M","E","T","M","$","R","?","M","R","B",null],"character_chosen":"IRONCLAD","items_purchased":["Whirlwind","True Grit"],"campfire_rested":8,"item_purchase_floors":[4,10],"current_hp_per_floor":[65,65,70,70,70,70,40,64,64,64,64,64,62,38,62,62,76,57,57,57,38,30,54,55,55,55,80,80,80,80,56,80,11,63,68,68,68,68,63,80,80,48,48,48,48,80,80,58,80,20],"gold":0,"neow_bonus":"BOSS_RELIC","is_prod":false,"is_daily":false,"chose_seed":false,"campfire_upgraded":2,"win_rate":0,"timestamp":1549890379,"path_taken":["M","M","?","$","M","R","E","R","T","$","E","M","M","E","R","BOSS","M","?","?","?","M","R","E","?","T","R","?","?","R","E","R","BOSS","M","?","?","?","M","R","M","E","T","M","$","R","?","?","R","BOSS"],"build_version":"2019-01-23","purchased_purges":0,"victory":true,"max_hp_per_floor":[75,75,80,80,80,80,80,80,80,80,80,80,80,80,80,80,80,80,80,80,80,80,80,80,80,80,80,80,80,80,80,80,80,80,80,80,80,80,80,80,80,80,80,80,80,80,80,80,80,80],"card_choices":[{"not_picked":["Perfected Strike","Heavy Blade","Flex"],"picked":"SKIP","floor":1.0},{"not_picked":["Warcry","Flex"],"picked":"Headbutt","floor":2.0},{"not_picked":["Bloodletting","Headbutt"],"picked":"Dropkick","floor":5.0},{"not_picked":["Blood for Blood","Cleave"],"picked":"Immolate","floor":7.0},{"not_picked":["Havoc","Battle Trance"],"picked":"Power Through","floor":11.0},{"not_picked":["Havoc","Rupture"],"picked":"Shrug It Off","floor":12.0},{"not_picked":["Sever Soul","Pommel Strike"],"picked":"Evolve","floor":13.0},{"not_picked":["Offering","Infernal Blade","Evolve"],"picked":"SKIP","floor":14.0},{"not_picked":["Limit Break","Offering"],"picked":"Reaper","floor":16.0},{"not_picked":["True Grit","Anger+1"],"picked":"Iron Wave","floor":18.0},{"not_picked":["Headbutt","Perfected Strike+1","Sword Boomerang"],"picked":"SKIP","floor":21.0},{"not_picked":["Pommel Strike","Searing Blow","Sever Soul"],"picked":"SKIP","floor":22.0},{"not_picked":["Pommel Strike","Feel No Pain"],"picked":"Spot Weakness","floor":24.0},{"not_picked":["Bloodletting","Perfected Strike+1"],"picked":"Bludgeon","floor":31.0},{"not_picked":["Bludgeon","Offering"],"picked":"Demon Form","floor":33.0},{"not_picked":["Corruption"],"picked":"SKIP","floor":35.0},{"not_picked":["Body Slam"],"picked":"SKIP","floor":39.0},{"not_picked":[],"picked":"Inflame","floor":41.0},{"not_picked":[],"picked":"Shrug It Off+1","floor":42.0},{"not_picked":["Pommel Strike"],"picked":"SKIP","floor":44.0},{"not_picked":[],"picked":"Bandage Up","floor":47.0},{"not_picked":["Wild Strike"],"picked":"SKIP","floor":48.0}],"player_experience":583470,"relics_obtained":[{"floor":7.0,"key":"Omamori"},{"floor":9.0,"key":"Gremlin Horn"},{"floor":11.0,"key":"Ancient Tea Set"},{"floor":14.0,"key":"PreservedInsect"},{"floor":24.0,"key":"Shuriken"},{"floor":26.0,"key":"Regal Pillow"},{"floor":29.0,"key":"Red Skull"},{"floor":31.0,"key":"Mummified Hand"},{"floor":42.0,"key":"Oddly Smooth Stone"},{"floor":43.0,"key":"Bottled Tornado"}],"event_choices":[{"damage_healed":0.0,"max_hp_gain":5.0,"max_hp_loss":0.0,"gold_gain":0.0,"event_name":"Big Fish","player_choice":"Donut","floor":3.0,"gold_loss":0.0,"damage_taken":0.0},{"damage_healed":0.0,"max_hp_gain":0.0,"max_hp_loss":0.0,"gold_gain":50.0,"event_name":"Nest","player_choice":"Stole From Cult","floor":19.0,"gold_loss":0.0,"damage_taken":0.0},{"cards_removed":["Strike_R"],"damage_healed":0.0,"max_hp_gain":0.0,"max_hp_loss":0.0,"gold_gain":0.0,"event_name":"Bonfire Elementals","player_choice":"Offered Basic","floor":20.0,"gold_loss":0.0,"damage_taken":0.0},{"damage_healed":0.0,"max_hp_gain":0.0,"max_hp_loss":0.0,"gold_gain":0.0,"event_name":"Forgotten Altar","player_choice":"Smashed Altar","floor":25.0,"gold_loss":0.0,"damage_taken":0.0,"cards_obtained":["Decay"]},{"damage_healed":0.0,"max_hp_gain":0.0,"max_hp_loss":0.0,"gold_gain":0.0,"event_name":"The Library","player_choice":"Read","floor":28.0,"gold_loss":0.0,"damage_taken":0.0,"cards_obtained":["Armaments"]},{"damage_healed":0.0,"max_hp_gain":0.0,"max_hp_loss":0.0,"gold_gain":0.0,"cards_transformed":["Strike_R"],"event_name":"Transmorgrifier","player_choice":"Transformed","floor":36.0,"gold_loss":0.0,"damage_taken":0.0,"cards_obtained":["Thunderclap"]},{"cards_removed":["Dropkick"],"damage_healed":0.0,"max_hp_gain":0.0,"max_hp_loss":0.0,"gold_gain":0.0,"event_name":"Falling","player_choice":"Removed Attack","floor":38.0,"gold_loss":0.0,"damage_taken":0.0},{"damage_healed":0.0,"max_hp_gain":0.0,"max_hp_loss":0.0,"gold_gain":0.0,"event_name":"SensoryStone","player_choice":"Memory 1","floor":47.0,"gold_loss":0.0,"damage_taken":0.0}],"is_beta":false,"boss_relics":[{"not_picked":["Calling Bell","Runic Dome"],"picked":"Philosopher\u0027s Stone"},{"not_picked":["Orrery","Eternal Feather"],"picked":"Busted Crown"}],"items_purged_floors":[],"is_endless":false,"potions_floor_spawned":[5,7,12,16,21,39,42,48],"ascension_level":18}