{"gold_per_floor":[111,122,122,122,122,149,149,161,161,196,196,208,225,244,244,343,343,343,343,343,343,343,343,42,42,42,42,42,42,42,42,42,42,42,42,42,42,42,42,42,42,42,42,42,42,42,42,17,17,17],"floor_reached":50,"playtime":1656,"items_purged":[],"score":569,"play_id":"d8084ff1-bf52-43af-92ae-d7b372a16cf9","local_time":"20190430212753","is_ascension_mode":false,"campfire_choices":[{"data":"Noxious Fumes","floor":7,"key":"SMITH"},{"data":"Die Die Die","floor":11,"key":"SMITH"},{"data":"Deadly Poison","floor":15,"key":"SMITH"},{"floor":27,"key":"REST"},{"data":"Storm of Steel","floor":30,"key":"SMITH"},{"floor":32,"key":"REST"},{"data":"A Thousand Cuts","floor":40,"key":"SMITH"},{"data":"Envenom","floor":47,"key":"SMITH"},{"data":"Accuracy","floor":49,"key":"SMITH"}],"neow_cost":"NONE","seed_source_timestamp":8339941662900,"circlet_count":0,"master_deck":["Defend_G+1","Defend_G+1","Defend_G+1","Defend_G+1","Defend_G+1","Strike_G+1","Strike_G+1","Strike_G+1","Strike_G+1","Strike_G+1","Survivor","Neutralize","Noxious Fumes+1","Accuracy+1","Sucker Punch","Die Die Die+1","Dagger Spray","Deadly Poison+1","All Out Attack","Storm of Steel+1","Flying Knee","Sucker Punch","Bouncing Flask+1","Leg Sweep+1","Deadly Poison","Cloak And Dagger","A Thousand Cuts+1","Envenom+1","Dagger Throw+1","Predator+1","Poisoned Stab+1","Flying Knee+1","Riddle With Holes+1","Quick Slash+1","Bane+1","Dagger Spray+1"],"relics":["Ring of the Snake","NeowsBlessing","Pocketwatch","Mummified Hand","Paper Crane","Ectoplasm","Red Mask","Bag of Marbles","Snake Skull","Orichalcum","WingedGreaves","Molten Egg 2","Coffee Dripper","Shovel","Ninja Scroll","SsserpentHead"],"potions_floor_usage":[10,10,16,20,25,25,33,50,50,50],"damage_taken":[{"damage":0,"enemies":"Small Slimes","floor":1,"turns":1},{"damage":0,"enemies":"Cultist","floor":2,"turns":1},{"damage":0,"enemies":"Gremlin Nob","floor":6,"turns":1},{"damage":1,"enemies":"Jaw Worm","floor":8,"turns":5},{"damage":13,"enemies":"Lagavulin","floor":10,"turns":6},{"damage":0,"enemies":"3 Louse","floor":12,"turns":1},{"damage":0,"enemies":"Exordium Thugs","floor":13,"turns":3},{"damage":5,"enemies":"Gremlin Gang","floor":14,"turns":3},{"damage":5,"enemies":"The Guardian","floor":16,"turns":8},{"damage":17,"enemies":"Spheric Guardian","floor":18,"turns":4},{"damage":29,"enemies":"Masked Bandits","floor":20,"turns":5},{"damage":6,"enemies":"Chosen","floor":22,"turns":4},{"damage":6,"enemies":"Gremlin Leader","floor":23,"turns":6},{"damage":5,"enemies":"Book of Stabbing","floor":25,"turns":4},{"damage":6,"enemies":"Centurion and Healer","floor":28,"turns":5},{"damage":4,"enemies":"Snake Plant","floor":29,"turns":3},{"damage":0,"enemies":"Cultist and Chosen","floor":31,"turns":3},{"damage":53,"enemies":"Automaton","floor":33,"turns":8},{"damage":1,"enemies":"Orb Walker","floor":35,"turns":3},{"damage":0,"enemies":"3 Darklings","floor":37,"turns":2},{"damage":8,"enemies":"Jaw Worm Horde","floor":38,"turns":3},{"damage":0,"enemies":"Transient","floor":41,"turns":5},{"damage":4,"enemies":"Maw","floor":42,"turns":6},{"damage":0,"enemies":"3 Darklings","floor":45,"turns":2},{"damage":75,"enemies":"Time Eater","floor":50,"turns":10}],"seed_played":"-2483951545034054331","potions_obtained":[{"floor":6,"key":"AttackPotion"},{"floor":8,"key":"AttackPotion"},{"floor":10,"key":"Dexterity Potion"},{"floor":13,"key":"EssenceOfSteel"},{"floor":18,"key":"FearPotion"},{"floor":23,"key":"Strength Potion"},{"floor":28,"key":"Regen Potion"},{"floor":33,"key":"PowerPotion"},{"floor":38,"key":"EssenceOfSteel"},{"floor":42,"key":"SpeedPotion"},{"floor":45,"key":"Regen Potion"}],"is_trial":false,"path_per_floor":["M","M","$","?","$","E","R","M","T","E","R","M","M","M","R","B",null,"M","?","?","?","M","E","$","E","T","R","M","M","R","M","R","B",null,"M","?","M","M","?","R","M","M","T","?","M","?","R","$","R","B"],"character_chosen":"THE_SILENT","items_purchased":["Snake Skull","Orichalcum","Dagger Spray+1"],"campfire_rested":2,"item_purchase_floors":[24,24,48],"current_hp_per_floor":[70,70,70,70,70,70,70,69,69,56,56,56,56,51,51,46,70,53,53,24,24,18,12,12,7,7,28,22,18,18,18,39,1,70,69,69,69,61,61,61,61,57,57,57,57,57,57,57,57,0],"gold":17,"neow_bonus":"THREE_ENEMY_KILL","is_prod":false,"is_daily":false,"chose_seed":false,"campfire_upgraded":7,"win_rate":0,"timestamp":1556648873,"path_taken":["M","M","$","?","$","E","R","M","T","E","R","M","M","?","R","BOSS","M","?","?","?","M","E","$","E","T","R","?","M","R","?","R","BOSS","M","?","?","?","?","R","M","M","T","?","?","?","R","?","R","BOSS"],"build_version":"2019-01-23","purchased_purges":0,"victory":false,"max_hp_per_floor":[70,70,70,70,70,70,70,70,70,70,70,70,70,70,70,70,70,70,70,70,70,70,70,70,70,70,70,70,70,70,70,70,70,70,70,70,70,70,66,66,66,66,66,66,66,66,66,66,66,66],"card_choices":[{"not_picked":["Cloak And Dagger","Acrobatics"],"picked":"Poisoned Stab","floor":1},{"not_picked":["Dodge and Roll","Setup"],"picked":"Noxious Fumes","floor":2},{"not_picked":["Setup","Flechettes"],"picked":"Accuracy","floor":6},{"not_picked":["PiercingWail","Acrobatics"],"picked":"Sucker Punch","floor":8},{"not_picked":["PiercingWail","Dagger Spray"],"picked":"Die Die Die","floor":10},{"not_picked":["Eviscerate","Skewer"],"picked":"Dagger Spray","floor":12},{"not_picked":["Tactician","Dagger Throw"],"picked":"Deadly Poison","floor":13},{"not_picked":["Sucker Punch","Slice"],"picked":"All Out Attack","floor":14},{"not_picked":["Grand Finale","Doppelganger"],"picked":"Storm of Steel","floor":16},{"not_picked":["Deflect","Dagger Throw+1"],"picked":"Flying Knee","floor":18},{"not_picked":["Reflex","PiercingWail"],"picked":"Sucker Punch","floor":20},{"not_picked":["Blur","Deadly Poison+1"],"picked":"Bouncing Flask+1","floor":22},{"not_picked":["Malaise","Deflect"],"picked":"Leg Sweep+1","floor":23},{"not_picked":["PiercingWail","All Out Attack"],"picked":"Dagger Throw","floor":25},{"not_picked":["Setup","Blur"],"picked":"Deadly Poison","floor":28},{"not_picked":["Sucker Punch+1","Concentrate"],"picked":"Cloak And Dagger","floor":29},{"not_picked":["Dodge and Roll","Slice+1"],"picked":"A Thousand Cuts","floor":31},{"not_picked":["Storm of Steel","Malaise"],"picked":"Envenom","floor":33},{"not_picked":["Setup+1","Concentrate"],"picked":"Dagger Throw+1","floor":35},{"not_picked":["Dagger Spray+1","Masterful Stab+1"],"picked":"Predator+1","floor":37},{"not_picked":["Finisher+1","Blur+1"],"picked":"Poisoned Stab+1","floor":38},{"not_picked":["Prepared","Endless Agony+1"],"picked":"Flying Knee+1","floor":41},{"not_picked":["Prepared","Cloak And Dagger"],"picked":"Riddle With Holes+1","floor":42},{"not_picked":["Prepared+1","Outmaneuver+1"],"picked":"Quick Slash+1","floor":45}],"player_experience":275140,"relics_obtained":[{"floor":6,"key":"Pocketwatch"},{"floor":9,"key":"Mummified Hand"},{"floor":10,"key":"Paper Crane"},{"floor":20,"key":"Red Mask"},{"floor":23,"key":"Bag of Marbles"},{"floor":25,"key":"WingedGreaves"},{"floor":26,"key":"Molten Egg 2"},{"floor":43,"key":"Ninja Scroll"}],"event_choices":[{"cards_removed":["Poisoned Stab"],"damage_healed":0,"gold_gain":0,"player_choice":"Purged","damage_taken":0,"max_hp_gain":0,"max_hp_loss":0,"event_name":"Purifier","floor":4,"gold_loss":0},{"damage_healed":0,"gold_gain":0,"player_choice":"Simplicity","damage_taken":0,"max_hp_gain":0,"max_hp_loss":0,"event_name":"Back to Basics","floor":19,"gold_loss":0,"cards_upgraded":["Defend_G","Defend_G","Defend_G","Defend_G","Defend_G","Strike_G","Strike_G","Strike_G","Strike_G","Strike_G"]},{"damage_healed":0,"gold_gain":0,"player_choice":"Fought Bandits","damage_taken":0,"max_hp_gain":0,"max_hp_loss":0,"event_name":"Masked Bandits","floor":20,"gold_loss":0},{"damage_healed":0,"gold_gain":100,"player_choice":"Pray","damage_taken":0,"max_hp_gain":0,"max_hp_loss":0,"event_name":"Golden Shrine","floor":21,"gold_loss":0},{"damage_healed":0,"gold_gain":0,"player_choice":"Gave Potion","damage_taken":0,"relics_obtained":["Shovel"],"max_hp_gain":0,"max_hp_loss":0,"event_name":"WeMeetAgain","floor":36,"gold_loss":0},{"damage_healed":0,"gold_gain":0,"player_choice":"Max HP","damage_taken":0,"max_hp_gain":0,"max_hp_loss":4,"event_name":"Winding Halls","floor":39,"gold_loss":0},{"damage_healed":0,"gold_gain":0,"player_choice":"Trade","damage_taken":0,"relics_obtained":["SsserpentHead"],"max_hp_gain":0,"max_hp_loss":0,"event_name":"FaceTrader","floor":44,"gold_loss":0},{"damage_healed":0,"gold_gain":0,"cards_transformed":["Dagger Throw"],"player_choice":"Transformed","damage_taken":0,"max_hp_gain":0,"max_hp_loss":0,"event_name":"Transmorgrifier","floor":46,"gold_loss":0,"cards_obtained":["Bane"]}],"is_beta":false,"boss_relics":[{"not_picked":["Velvet Choker","White Beast Statue"],"picked":"Ectoplasm"},{"not_picked":["Pandora\u0027s Box","HoveringKite"],"picked":"Coffee Dripper"}],"items_purged_floors":[],"is_endless":false,"potions_floor_spawned":[6,8,10,13,18,23,28,33,38,42,45],"killed_by":"Time Eater","ascension_level":0}