{"gold_per_floor":[114,29,29,29,43,70,70,70,70,100,100,118,129,140,140,242,242,259,277,290,290,244,244,244,272,353,353,369,403,403,421,421,421],"floor_reached":33,"playtime":1740,"items_purged":[],"score":335,"play_id":"777dee6c-f870-4e49-8f84-d74be7cbf0f6","local_time":"20181128195044","is_ascension_mode":true,"campfire_choices":[{"floor":7,"key":"REST"},{"data":"Corruption","floor":8,"key":"SMITH"},{"data":"Bash","floor":11,"key":"SMITH"},{"data":"True Grit","floor":15,"key":"SMITH"},{"data":"Pommel Strike","floor":23,"key":"SMITH"},{"data":"Double Tap","floor":27,"key":"SMITH"},{"data":"True Grit","floor":30,"key":"SMITH"},{"floor":32,"key":"REST"}],"neow_cost":"NONE","seed_source_timestamp":507647338753137,"circlet_count":0,"master_deck":["Strike_R","Strike_R","Strike_R","Strike_R","Defend_R","Defend_R","Defend_R","Defend_R","Bash+1","Headbutt","Heavy Blade","Corruption+1","Thunderclap","True Grit+1","Iron Wave","Perfected Strike","True Grit","Carnage","Flame Barrier","Double Tap+1","Pummel","Twin Strike","Pommel Strike+1","Warcry+1","True Grit+1","Anger+1","Shrug It Off"],"relics":["Burning Blood","WingedGreaves","Champion Belt","Singing Bowl","Mango","Runic Dome","Bag of Marbles","Sundial","Prayer Wheel"],"potions_floor_usage":[16,25,25,29,33],"damage_taken":[{"damage":0,"enemies":"2 Louse","floor":1,"turns":3},{"damage":8,"enemies":"Jaw Worm","floor":5,"turns":4},{"damage":55,"enemies":"Lagavulin","floor":6,"turns":8},{"damage":29,"enemies":"3 Sentries","floor":10,"turns":7},{"damage":0,"enemies":"Small Slimes","floor":12,"turns":3},{"damage":6,"enemies":"2 Fungi Beasts","floor":13,"turns":3},{"damage":3,"enemies":"Exordium Thugs","floor":14,"turns":4},{"damage":50,"enemies":"The Guardian","floor":16,"turns":12},{"damage":19,"enemies":"3 Byrds","floor":18,"turns":7},{"damage":2,"enemies":"Shell Parasite","floor":19,"turns":5},{"damage":36,"enemies":"Sentry and Sphere","floor":20,"turns":6},{"damage":11,"enemies":"Colosseum Slavers","floor":24,"turns":3},{"damage":6,"enemies":"Book of Stabbing","floor":25,"turns":3},{"damage":12,"enemies":"Snake Plant","floor":28,"turns":3},{"damage":29,"enemies":"Gremlin Leader","floor":29,"turns":8},{"damage":11,"enemies":"Snecko","floor":31,"turns":3},{"damage":65,"enemies":"Champ","floor":33,"turns":10}],"seed_played":"-6584971705846370442","potions_obtained":[{"floor":6,"key":"FairyPotion"},{"floor":13,"key":"FearPotion"},{"floor":14,"key":"Poison Potion"},{"floor":16,"key":"AttackPotion"},{"floor":19,"key":"SteroidPotion"},{"floor":29,"key":"Regen Potion"}],"is_trial":false,"path_per_floor":["M","$","?","?","M","E","R","R","T","E","R","M","M","M","R","B",null,"M","M","M","?","$","R","?","E","T","R","M","E","R","M","R","B"],"character_chosen":"IRONCLAD","items_purchased":["Corruption","Thunderclap","Pommel Strike"],"campfire_rested":2,"item_purchase_floors":[2,2,22],"current_hp_per_floor":[80,80,68,68,66,17,41,41,41,32,32,38,38,41,41,12,94,81,85,57,57,57,57,52,52,52,52,46,23,23,20,49,0],"gold":421,"neow_bonus":"TRANSFORM_CARD","is_prod":false,"is_daily":false,"chose_seed":false,"campfire_upgraded":6,"win_rate":0,"timestamp":1543452644,"path_taken":["M","$","?","?","M","E","R","R","T","E","R","M","M","M","R","BOSS","M","M","M","?","$","R","?","E","T","R","M","E","R","?","R","BOSS"],"build_version":"2018-11-15","purchased_purges":0,"victory":false,"max_hp_per_floor":[80,80,80,80,80,80,80,80,80,94,94,94,94,94,94,94,94,94,94,96,96,96,96,96,96,96,96,96,96,96,98,98,98],"card_choices":[{"not_picked":["Flex","Shrug It Off"],"picked":"Heavy Blade","floor":1},{"not_picked":["Fire Breathing","Thunderclap"],"picked":"True Grit","floor":5},{"not_picked":["Disarm","Flex"],"picked":"Iron Wave","floor":6},{"not_picked":["Combust","True Grit"],"picked":"Perfected Strike","floor":10},{"not_picked":["Clash","Perfected Strike"],"picked":"True Grit","floor":12},{"not_picked":["Flame Barrier","Evolve"],"picked":"Carnage","floor":13},{"not_picked":["Clash","Headbutt"],"picked":"Flame Barrier","floor":14},{"not_picked":["Feed","Limit Break"],"picked":"Double Tap","floor":16},{"not_picked":["Warcry","Thunderclap"],"picked":"Pummel","floor":18},{"not_picked":["Anger","Clothesline"],"picked":"Twin Strike","floor":19},{"not_picked":["Entrench","Headbutt","Flex+1"],"picked":"Singing Bowl","floor":20},{"not_picked":["Intimidate","Heavy Blade"],"picked":"Warcry+1","floor":25},{"not_picked":["Sword Boomerang","Reaper"],"picked":"True Grit","floor":28},{"not_picked":["Dropkick","Clash"],"picked":"Anger+1","floor":29},{"not_picked":["Pommel Strike","Fire Breathing","Perfected Strike"],"picked":"Singing Bowl","floor":31},{"not_picked":["Limit Break","Flame Barrier"],"picked":"Shrug It Off","floor":31}],"player_experience":244730,"relics_obtained":[{"floor":6,"key":"Champion Belt"},{"floor":9,"key":"Singing Bowl"},{"floor":10,"key":"Mango"},{"floor":25,"key":"Bag of Marbles"},{"floor":26,"key":"Sundial"},{"floor":29,"key":"Prayer Wheel"}],"event_choices":[{"damage_healed":0,"gold_gain":0,"player_choice":"Success","damage_taken":12,"relics_obtained":["WingedGreaves"],"max_hp_gain":0,"max_hp_loss":0,"event_name":"Scrap Ooze","floor":3,"gold_loss":0},{"damage_healed":0,"gold_gain":0,"player_choice":"Ignored","damage_taken":0,"max_hp_gain":0,"max_hp_loss":0,"event_name":"Shining Light","floor":4,"gold_loss":0},{"damage_healed":0,"gold_gain":0,"player_choice":"Ignored","damage_taken":0,"max_hp_gain":0,"max_hp_loss":0,"event_name":"Vampires","floor":21,"gold_loss":0},{"damage_healed":0,"gold_gain":0,"player_choice":"Fight","damage_taken":0,"max_hp_gain":0,"max_hp_loss":0,"event_name":"Colosseum","floor":24,"gold_loss":0},{"damage_healed":0,"gold_gain":0,"player_choice":"Fled From Nobs","damage_taken":0,"max_hp_gain":0,"max_hp_loss":0,"event_name":"Colosseum","floor":24,"gold_loss":0}],"is_beta":false,"boss_relics":[{"not_picked":["Velvet Choker","Astrolabe"],"picked":"Runic Dome"}],"items_purged_floors":[],"is_endless":false,"potions_floor_spawned":[6,13,14,16,19,24,29],"killed_by":"Champ","ascension_level":1}