{"gold_per_floor":[117,117,130,31,50,80,95,129,129,129,156,176,193,204,204,300,300,317,330,41,54,154,154,183,183,183,200,218,235,235,253,253,253],"floor_reached":33,"playtime":1328,"items_purged":["Decay"],"score":413,"play_id":"86bdb874-ecce-481e-9d65-a1511c386dd7","local_time":"20181128002055","is_ascension_mode":true,"campfire_choices":[{"data":"Bash","floor":10,"key":"SMITH"},{"data":"Perfected Strike","floor":15,"key":"SMITH"},{"data":"Whirlwind","floor":23,"key":"SMITH"},{"floor":30,"key":"REST"},{"data":"Inflame","floor":32,"key":"SMITH"}],"neow_cost":"CURSE","seed_source_timestamp":437867677359217,"circlet_count":0,"master_deck":["Strike_R","Strike_R","Strike_R","Strike_R","Strike_R","Defend_R","Defend_R","Defend_R","Defend_R","Bash+1","Immolate","Pommel Strike","Clothesline","Heavy Blade","Headbutt","Shockwave","Flame Barrier","Exhume","Twin Strike","Perfected Strike+1","Carnage","Offering","Whirlwind+1","Warcry","Spot Weakness","Headbutt+1","Inflame+1","Hemokinesis+1","Inflame","Corruption+1"],"relics":["Burning Blood","Turnip","Anchor","Dream Catcher","Sundial","Snecko Eye","Paper Frog","StoneCalendar","The Courier","Molten Egg 2","Matryoshka"],"potions_floor_usage":[6,16,24,33,33,33,33,33],"damage_taken":[{"damage":9,"enemies":"Jaw Worm","floor":1,"turns":4},{"damage":0,"enemies":"2 Louse","floor":3,"turns":2},{"damage":1,"enemies":"Cultist","floor":5,"turns":3},{"damage":35,"enemies":"Lagavulin","floor":6,"turns":5},{"damage":0,"enemies":"2 Fungi Beasts","floor":7,"turns":2},{"damage":20,"enemies":"Gremlin Nob","floor":8,"turns":4},{"damage":0,"enemies":"3 Sentries","floor":11,"turns":3},{"damage":0,"enemies":"Blue Slaver","floor":12,"turns":3},{"damage":0,"enemies":"Large Slime","floor":13,"turns":5},{"damage":0,"enemies":"3 Louse","floor":14,"turns":2},{"damage":25,"enemies":"Slime Boss","floor":16,"turns":9},{"damage":0,"enemies":"Spheric Guardian","floor":18,"turns":3},{"damage":0,"enemies":"Shell Parasite","floor":19,"turns":2},{"damage":0,"enemies":"Snake Plant","floor":21,"turns":2},{"damage":0,"enemies":"Colosseum Slavers","floor":22,"turns":2},{"damage":30,"enemies":"Colosseum Nobs","floor":22,"turns":4},{"damage":27,"enemies":"Gremlin Leader","floor":24,"turns":3},{"damage":6,"enemies":"Shelled Parasite and Fungi","floor":27,"turns":2},{"damage":6,"enemies":"Centurion and Healer","floor":28,"turns":3},{"damage":19,"enemies":"Snecko","floor":29,"turns":3},{"damage":0,"enemies":"3 Cultists","floor":31,"turns":2},{"damage":70,"enemies":"Automaton","floor":33,"turns":6}],"seed_played":"-2200955521093424747","potions_obtained":[{"floor":1,"key":"Energy Potion"},{"floor":8,"key":"Weak Potion"},{"floor":12,"key":"Weak Potion"},{"floor":14,"key":"SkillPotion"},{"floor":22,"key":"LiquidBronze"},{"floor":24,"key":"GamblersBrew"},{"floor":29,"key":"EntropicBrew"}],"is_trial":false,"path_per_floor":["M","?","M","$","M","E","M","E","T","R","E","M","M","M","R","B",null,"M","M","$","M","?","R","E","?","T","M","M","M","R","M","R","B"],"character_chosen":"IRONCLAD","items_purchased":["Clothesline","Paper Frog","AttackPotion"],"campfire_rested":1,"item_purchase_floors":[4,20,20],"current_hp_per_floor":[69,74,80,80,85,56,62,48,48,48,54,60,66,72,72,53,77,83,85,85,85,61,61,40,40,40,40,40,27,52,58,58,0],"gold":253,"neow_bonus":"THREE_RARE_CARDS","is_prod":false,"is_daily":false,"chose_seed":false,"campfire_upgraded":4,"win_rate":0,"timestamp":1543382455,"path_taken":["M","?","M","$","M","E","M","E","T","R","E","M","M","M","R","BOSS","M","M","$","M","?","R","E","?","T","M","M","?","R","M","R","BOSS"],"build_version":"2018-11-15","purchased_purges":1,"victory":false,"max_hp_per_floor":[80,85,85,85,85,85,85,85,85,85,85,85,85,85,85,85,85,85,85,85,85,85,85,85,85,85,85,85,85,85,85,85,85],"card_choices":[{"not_picked":["Brutality","Reaper"],"picked":"Immolate","floor":0},{"not_picked":["Seeing Red","Entrench","Clash"],"picked":"SKIP","floor":1},{"not_picked":["Body Slam","Shrug It Off"],"picked":"Pommel Strike","floor":3},{"not_picked":["Reckless Charge","Warcry"],"picked":"Heavy Blade","floor":5},{"not_picked":["Rupture","Warcry"],"picked":"Headbutt","floor":6},{"not_picked":["Twin Strike","Rampage"],"picked":"Shockwave","floor":7},{"not_picked":["Spot Weakness","Headbutt"],"picked":"Flame Barrier","floor":8},{"not_picked":["Clash","Heavy Blade"],"picked":"Exhume","floor":11},{"not_picked":["Shrug It Off","Iron Wave"],"picked":"Twin Strike","floor":12},{"not_picked":["Battle Trance","Thunderclap"],"picked":"Perfected Strike","floor":13},{"not_picked":["Clash","Havoc"],"picked":"Carnage","floor":14},{"not_picked":["Immolate","Impervious"],"picked":"Offering","floor":16},{"not_picked":["Combust","Wild Strike"],"picked":"Whirlwind","floor":18},{"not_picked":["Hemokinesis","Thunderclap","Heavy Blade+1"],"picked":"SKIP","floor":19},{"not_picked":["Dual Wield","Flex"],"picked":"Warcry","floor":21},{"not_picked":["Ghostly Armor","Dropkick"],"picked":"Spot Weakness","floor":22},{"not_picked":["Havoc","Bloodletting+1","Anger+1"],"picked":"SKIP","floor":24},{"not_picked":["Rage+1","Rupture"],"picked":"Headbutt+1","floor":27},{"not_picked":["Infernal Blade","Whirlwind+1"],"picked":"Inflame","floor":28},{"not_picked":["Intimidate","Sentinel"],"picked":"Hemokinesis+1","floor":29},{"not_picked":["Sword Boomerang+1","Anger+1"],"picked":"Inflame","floor":30},{"not_picked":["Perfected Strike+1","Sentinel+1"],"picked":"Corruption+1","floor":31}],"player_experience":236282,"relics_obtained":[{"floor":6,"key":"Turnip"},{"floor":8,"key":"Anchor"},{"floor":9,"key":"Dream Catcher"},{"floor":11,"key":"Sundial"},{"floor":22,"key":"StoneCalendar"},{"floor":22,"key":"The Courier"},{"floor":24,"key":"Molten Egg 2"},{"floor":26,"key":"Matryoshka"}],"event_choices":[{"damage_healed":0,"gold_gain":0,"player_choice":"Donut","damage_taken":0,"max_hp_gain":5,"max_hp_loss":0,"event_name":"Big Fish","floor":2,"gold_loss":0},{"damage_healed":0,"gold_gain":0,"player_choice":"Fight","damage_taken":0,"max_hp_gain":0,"max_hp_loss":0,"event_name":"Colosseum","floor":22,"gold_loss":0},{"damage_healed":0,"gold_gain":0,"player_choice":"Fought Nobs","damage_taken":0,"max_hp_gain":0,"max_hp_loss":0,"event_name":"Colosseum","floor":22,"gold_loss":0},{"damage_healed":0,"gold_gain":0,"player_choice":"Bought 0 Potions","damage_taken":0,"max_hp_gain":0,"max_hp_loss":0,"event_name":"The Woman in Blue","floor":25,"gold_loss":0}],"is_beta":false,"boss_relics":[{"not_picked":["Lizard Tail","Coffee Dripper"],"picked":"Snecko Eye"}],"items_purged_floors":[4],"is_endless":false,"potions_floor_spawned":[1,8,12,14,21,22,22,24,29],"killed_by":"Automaton","ascension_level":6}