{"gold_per_floor":[214,231,156,169,181,206,306,134,134,148,173,186,186,202,202,202],"floor_reached":16,"playtime":623,"items_purged":["Defend_R","Defend_R"],"score":114,"play_id":"df100c37-2201-4b00-8ed1-7349077d0a32","local_time":"20190414000958","is_ascension_mode":false,"campfire_choices":[{"data":"Bash","floor":13,"key":"SMITH"},{"data":"Defend_R","floor":15,"key":"PURGE"}],"neow_cost":"NONE","seed_source_timestamp":284229967143253,"circlet_count":0,"master_deck":["Strike_R","Strike_R","Strike_R","Strike_R","Strike_R","Defend_R","Bash+1","Clash","Dropkick"],"relics":["Burning Blood","Peace Pipe","Ornamental Fan","Toxic Egg 2"],"potions_floor_usage":[6,14,16],"damage_taken":[{"damage":6,"enemies":"Jaw Worm","floor":1,"turns":4},{"damage":1,"enemies":"Cultist","floor":2,"turns":4},{"damage":3,"enemies":"Small Slimes","floor":4,"turns":4},{"damage":8,"enemies":"Exordium Wildlife","floor":5,"turns":5},{"damage":31,"enemies":"Lagavulin","floor":6,"turns":4},{"damage":5,"enemies":"Looter","floor":10,"turns":2},{"damage":24,"enemies":"Gremlin Nob","floor":11,"turns":4},{"damage":6,"enemies":"3 Louse","floor":12,"turns":3},{"damage":6,"enemies":"Lots of Slimes","floor":14,"turns":3},{"damage":37,"enemies":"Slime Boss","floor":16,"turns":6}],"seed_played":"-7777382387677326105","potions_obtained":[{"floor":1,"key":"Block Potion"},{"floor":5,"key":"PowerPotion"},{"floor":10,"key":"SkillPotion"}],"is_trial":false,"path_per_floor":["M","M","$","M","M","E","?","$","T","M","E","M","R","M","R","B"],"character_chosen":"IRONCLAD","items_purchased":["Dropkick"],"campfire_rested":0,"item_purchase_floors":[8],"current_hp_per_floor":[80,80,80,80,78,53,53,53,53,54,36,36,36,36,36,0],"gold":202,"neow_bonus":"HUNDRED_GOLD","is_prod":false,"is_daily":false,"chose_seed":false,"campfire_upgraded":1,"win_rate":0,"timestamp":1555214998,"path_taken":["M","M","$","M","M","E","?","$","T","?","E","M","R","M","R","BOSS"],"build_version":"2019-01-23","purchased_purges":2,"victory":false,"max_hp_per_floor":[80,80,80,80,80,80,80,80,80,80,80,80,80,80,80,80],"card_choices":[{"not_picked":["Intimidate","Havoc","Dual Wield"],"picked":"SKIP","floor":1},{"not_picked":["Headbutt","Corruption"],"picked":"Clash","floor":2},{"not_picked":["Heavy Blade","Iron Wave","Wild Strike"],"picked":"SKIP","floor":4},{"not_picked":["Whirlwind","Combust","Cleave"],"picked":"SKIP","floor":5},{"not_picked":["Havoc","Feel No Pain","Dark Embrace"],"picked":"SKIP","floor":6},{"not_picked":["Bloodletting","Seeing Red","Sentinel"],"picked":"SKIP","floor":10},{"not_picked":["Pummel","Armaments","Fiend Fire"],"picked":"SKIP","floor":11},{"not_picked":["Thunderclap","Warcry+1","Headbutt"],"picked":"SKIP","floor":12},{"not_picked":["Flex+1","Hemokinesis","Dual Wield+1"],"picked":"SKIP","floor":14}],"player_experience":568908,"relics_obtained":[{"floor":6,"key":"Peace Pipe"},{"floor":9,"key":"Ornamental Fan"},{"floor":11,"key":"Toxic Egg 2"}],"event_choices":[{"damage_healed":0,"gold_gain":100,"player_choice":"Gold","damage_taken":0,"max_hp_gain":0,"max_hp_loss":0,"event_name":"Wheel of Change","floor":7,"gold_loss":0}],"is_beta":false,"boss_relics":[],"items_purged_floors":[3,8],"is_endless":false,"potions_floor_spawned":[1,5,10],"killed_by":"Slime Boss","ascension_level":0}