{"gold_per_floor":[369,247,262,212,212,212,244,244,267,64,90,90,121,134,134,238,238,251,274,189,3,17,17,42,42,94,126,140,166,185,203,203,300,300,313,168,178,228,239,239],"floor_reached":40,"playtime":2693,"items_purged":["Normality","Strike_B"],"score":691,"play_id":"f24e5fd9-a5c4-4a46-938c-91d5787a9186","local_time":"20190417012623","is_ascension_mode":true,"campfire_choices":[{"data":"Go for the Eyes","floor":6,"key":"SMITH"},{"data":"Streamline","floor":8,"key":"SMITH"},{"data":"Coolheaded","floor":12,"key":"SMITH"},{"data":"Zap","floor":15,"key":"SMITH"},{"data":"Capacitor","floor":23,"key":"SMITH"},{"floor":25,"key":"REST"},{"data":"Echo Form","floor":32,"key":"SMITH"}],"neow_cost":"CURSE","seed_source_timestamp":218245128346022,"circlet_count":0,"master_deck":["Strike_B","Strike_B","Defend_B","Defend_B","Defend_B","Defend_B","Zap+1","Dualcast","Streamline+1","Go for the Eyes+1","Echo Form+1","Ball Lightning","Coolheaded+1","Electrodynamics","Cold Snap","Capacitor+1","Glacier+1","Doom and Gloom","Redo+1","Multi-Cast","Loop+1"],"relics":["Cracked Core","Lantern","Orichalcum","Strawberry","Bag of Preparation","Bronze Scales","Girya","Snecko Eye","Centennial Puzzle","Happy Flower","DataDisk","Anchor","Omamori","Turnip","Black Star","Incense Burner"],"potions_floor_usage":[38,39,40],"damage_taken":[{"damage":0,"enemies":"Small Slimes","floor":1,"turns":3},{"damage":0,"enemies":"Jaw Worm","floor":3,"turns":3},{"damage":20,"enemies":"Lagavulin","floor":7,"turns":7},{"damage":12,"enemies":"3 Sentries","floor":11,"turns":6},{"damage":15,"enemies":"Lagavulin","floor":13,"turns":5},{"damage":0,"enemies":"Cultist","floor":14,"turns":3},{"damage":10,"enemies":"Hexaghost","floor":16,"turns":7},{"damage":0,"enemies":"Spheric Guardian","floor":18,"turns":2},{"damage":1,"enemies":"Shell Parasite","floor":22,"turns":4},{"damage":12,"enemies":"Gremlin Leader","floor":24,"turns":5},{"damage":9,"enemies":"Slavers","floor":27,"turns":6},{"damage":0,"enemies":"3 Cultists","floor":28,"turns":2},{"damage":0,"enemies":"Gremlin Leader","floor":29,"turns":4},{"damage":1,"enemies":"Shelled Parasite and Fungi","floor":30,"turns":4},{"damage":5,"enemies":"Snake Plant","floor":31,"turns":3},{"damage":2,"enemies":"Champ","floor":33,"turns":22},{"damage":2,"enemies":"Orb Walker","floor":35,"turns":4},{"damage":0,"enemies":"3 Shapes","floor":37,"turns":6},{"damage":39,"enemies":"2 Orb Walkers","floor":38,"turns":4},{"damage":19,"enemies":"Transient","floor":39,"turns":5},{"damage":23,"enemies":"Giant Head","floor":40,"turns":8}],"seed_played":"900825049417606266","potions_obtained":[{"floor":1,"key":"EssenceOfSteel"},{"floor":14,"key":"Swift Potion"},{"floor":18,"key":"Block Potion"},{"floor":38,"key":"Swift Potion"}],"is_trial":false,"path_per_floor":["M","$","M","?","T","R","E","R","T","$","E","R","E","M","R","B",null,"M","T","?","$","M","R","E","R","T","E","M","E","M","M","R","B",null,"M","$","M","?","M","E"],"character_chosen":"DEFECT","items_purchased":["Go for the Eyes","Bag of Preparation","Coolheaded","Cold Snap","Capacitor","Multi-Cast"],"campfire_rested":1,"item_purchase_floors":[2,10,10,21,21,36],"current_hp_per_floor":[68,68,68,68,68,68,48,48,55,55,43,43,28,28,28,18,66,66,66,66,66,65,65,53,77,77,68,68,68,67,62,62,60,77,75,75,75,36,17,0],"gold":239,"neow_bonus":"TWO_FIFTY_GOLD","is_prod":false,"is_daily":false,"chose_seed":false,"campfire_upgraded":6,"win_rate":0,"timestamp":1555478783,"path_taken":["M","$","M","?","?","R","E","R","T","$","E","R","E","?","R","BOSS","M","?","?","?","M","R","E","R","T","E","M","E","M","?","R","BOSS","M","$","?","?","M","E"],"build_version":"2019-01-23","purchased_purges":2,"victory":false,"max_hp_per_floor":[75,75,75,75,75,75,75,75,82,82,82,82,82,82,82,82,82,82,82,82,82,82,82,82,82,82,82,82,82,82,82,82,82,82,82,82,82,82,82,82],"card_choices":[{"not_picked":["Turbo","Heatsinks"],"picked":"Streamline","floor":1},{"not_picked":["Conserve Battery","Sweeping Beam"],"picked":"Echo Form","floor":3},{"not_picked":["Steam","Hologram"],"picked":"Ball Lightning","floor":7},{"not_picked":["Meteor Strike","Chaos","Recycle"],"picked":"SKIP","floor":11},{"not_picked":["Gash","Coolheaded","Redo"],"picked":"SKIP","floor":13},{"not_picked":["Redo","Streamline","Conserve Battery"],"picked":"SKIP","floor":14},{"not_picked":["Meteor Strike","Core Surge"],"picked":"Electrodynamics","floor":16},{"not_picked":["Beam Cell","Redo","Sweeping Beam"],"picked":"SKIP","floor":18},{"not_picked":["Heatsinks+1","Conserve Battery+1"],"picked":"Glacier+1","floor":22},{"not_picked":["Ball Lightning","Steam Power","Redo"],"picked":"SKIP","floor":24},{"not_picked":["Beam Cell+1","Stack+1"],"picked":"Doom and Gloom","floor":27},{"not_picked":["Conserve Battery","Steam Power"],"picked":"Redo+1","floor":28},{"not_picked":["Chaos","Steam","Conserve Battery"],"picked":"SKIP","floor":29},{"not_picked":["Conserve Battery","Steam","Sweeping Beam"],"picked":"SKIP","floor":30},{"not_picked":["Steam","Go for the Eyes","Compile Driver"],"picked":"SKIP","floor":31},{"not_picked":["Chaos","Go for the Eyes+1","Cold Snap"],"picked":"SKIP","floor":35},{"not_picked":["Doom and Gloom+1","Turbo+1","Cold Snap"],"picked":"SKIP","floor":37},{"not_picked":["Streamline+1","Sweeping Beam"],"picked":"Loop+1","floor":39}],"player_experience":576462,"relics_obtained":[{"floor":5,"key":"Lantern"},{"floor":7,"key":"Orichalcum"},{"floor":9,"key":"Strawberry"},{"floor":11,"key":"Bronze Scales"},{"floor":13,"key":"Girya"},{"floor":19,"key":"Centennial Puzzle"},{"floor":24,"key":"DataDisk"},{"floor":26,"key":"Anchor"},{"floor":27,"key":"Omamori"},{"floor":29,"key":"Turnip"},{"floor":38,"key":"Incense Burner"}],"event_choices":[{"cards_removed":["Strike_B"],"damage_healed":0,"gold_gain":0,"player_choice":"Card Removal","damage_taken":0,"max_hp_gain":0,"max_hp_loss":0,"event_name":"The Cleric","floor":4,"gold_loss":50},{"damage_healed":0,"gold_gain":0,"player_choice":"Obtained Relic","damage_taken":0,"relics_obtained":["Happy Flower"],"max_hp_gain":0,"max_hp_loss":0,"event_name":"Addict","floor":20,"gold_loss":85},{"damage_healed":0,"gold_gain":0,"player_choice":"Fight","damage_taken":0,"max_hp_gain":0,"max_hp_loss":0,"event_name":"Mysterious Sphere","floor":38,"gold_loss":0}],"is_beta":false,"boss_relics":[{"not_picked":["Fusion Hammer","FrozenCore"],"picked":"Snecko Eye"},{"not_picked":["Nuclear Battery","Philosopher\u0027s Stone"],"picked":"Black Star"}],"items_purged_floors":[2,21],"is_endless":false,"potions_floor_spawned":[1,3,14,18,29,31,37,38],"killed_by":"Giant Head","ascension_level":7}