{"gold_per_floor":[117,292,37,37,1,42,42,42,42,85,85,103,119,143,143,271,271,292,292,281,74,95,95,119,44,44,68,87,87,12,12,12,141,141,166,166,182,207,231,231,251,291,314,314],"floor_reached":44,"playtime":1879,"items_purged":["Doubt"],"score":575,"play_id":"0c003e8b-c009-4122-919c-192147e203ae","local_time":"20190421122005","is_ascension_mode":true,"campfire_choices":[{"data":"Distraction","floor":7.0,"key":"SMITH"},{"data":"Leg Sweep","floor":11.0,"key":"SMITH"},{"data":"Neutralize","floor":15.0,"key":"SMITH"},{"data":"Bane","floor":23.0,"key":"SMITH"},{"data":"Noxious Fumes","floor":29,"key":"SMITH"},{"data":"Distraction","floor":32,"key":"SMITH"},{"floor":40,"key":"REST"}],"neow_cost":"NONE","seed_source_timestamp":0,"circlet_count":0,"master_deck":["Defend_G","Defend_G","Defend_G","Defend_G","Defend_G","Strike_G","Strike_G","Survivor","Neutralize+1","Distraction+1","Leg Sweep+1","Poisoned Stab","After Image","Die Die Die","Skewer","Endless Agony","After Image","Distraction+1","Bane+1","Deadly Poison","Crippling Poison+1","Distraction+1","Noxious Fumes+1","Poisoned Stab+1","After Image","Catalyst+1","Infinite Blades+1","Backstab","Parasite"],"special_seed":0,"relics":["Ring of the Serpent","NeowsBlessing","Kunai","Golden Idol","Singing Bowl","Shuriken","Pen Nib","ClockworkSouvenir","Smiling Mask","Empty Cage","Ornamental Fan","Vajra"],"potions_floor_usage":[33,38],"damage_taken":[{"damage":0.0,"enemies":"Jaw Worm","floor":1.0,"turns":1.0},{"damage":0.0,"enemies":"Lagavulin","floor":6.0,"turns":1.0},{"damage":0.0,"enemies":"3 Sentries","floor":10.0,"turns":2.0},{"damage":0.0,"enemies":"2 Louse","floor":12.0,"turns":2.0},{"damage":0.0,"enemies":"Cultist","floor":13.0,"turns":4.0},{"damage":0.0,"enemies":"Exordium Wildlife","floor":14.0,"turns":5.0},{"damage":30.0,"enemies":"The Guardian","floor":16.0,"turns":11.0},{"damage":1.0,"enemies":"Spheric Guardian","floor":18.0,"turns":6.0},{"damage":3.0,"enemies":"2 Thieves","floor":20.0,"turns":4.0},{"damage":13.0,"enemies":"Sentry and Sphere","floor":22.0,"turns":8.0},{"damage":0,"enemies":"Snecko","floor":24,"turns":5},{"damage":0,"enemies":"Shelled Parasite and Fungi","floor":27,"turns":6},{"damage":7,"enemies":"Centurion and Healer","floor":28,"turns":6},{"damage":36,"enemies":"Collector","floor":33,"turns":7},{"damage":6,"enemies":"3 Shapes","floor":35,"turns":4},{"damage":35,"enemies":"3 Darklings","floor":37,"turns":7},{"damage":6,"enemies":"4 Shapes","floor":38,"turns":5},{"damage":18,"enemies":"Writhing Mass","floor":39,"turns":6},{"damage":3,"enemies":"Sphere and 2 Shapes","floor":41,"turns":6},{"damage":27,"enemies":"Nemesis","floor":42,"turns":9},{"damage":5,"enemies":"Transient","floor":44,"turns":2}],"seed_played":"-6450547461347555238","potions_obtained":[{"floor":1.0,"key":"SteroidPotion"},{"floor":6.0,"key":"Regen Potion"},{"floor":10.0,"key":"GhostInAJar"},{"floor":16.0,"key":"GhostInAJar"},{"floor":20.0,"key":"PowerPotion"},{"floor":33,"key":"SpeedPotion"},{"floor":38,"key":"FearPotion"}],"is_trial":false,"path_per_floor":["M","?","$","?","$","E","R","?","T","E","R","M","M","M","R","B",null,"M","?","M","$","M","R","M","$","T","M","M","R","$","?","R","B",null,"M","?","M","M","M","R","M","E","T","M"],"character_chosen":"THE_SILENT","items_purchased":["Kunai","Leg Sweep","ClockworkSouvenir","Noxious Fumes"],"campfire_rested":1,"item_purchase_floors":[3,5,21,25],"current_hp_per_floor":[70,70,70,53,53,53,53,53,53,53,53,53,53,53,53,23,70,69,69,66,66,53,53,53,53,53,53,48,48,48,48,48,12,72,66,66,31,25,9,31,30,5,5,0],"gold":314,"neow_bonus":"THREE_ENEMY_KILL","is_prod":false,"is_daily":false,"chose_seed":false,"campfire_upgraded":6,"win_rate":0,"timestamp":1555816805,"path_taken":["M","?","$","?","$","E","R","?","T","E","R","M","M","?","R","BOSS","M","?","M","?","M","R","M","$","T","M","M","R","$","?","R","BOSS","M","?","?","M","M","R","M","E","T","M"],"build_version":"2019-01-23","purchased_purges":1,"victory":false,"max_hp_per_floor":[70,70,70,70,70,70,70,70,70,70,70,70,70,70,70,70,70,70,70,70,70,70,70,70,70,70,70,72,72,72,72,72,72,72,72,72,72,72,74,74,76,78,78,78],"card_choices":[{"not_picked":["Dagger Spray","Deflect"],"picked":"Distraction","floor":1.0},{"not_picked":["PiercingWail","Escape Plan"],"picked":"Poisoned Stab","floor":6.0},{"not_picked":["Distraction","Bane"],"picked":"Die Die Die","floor":10.0},{"not_picked":["Masterful Stab","Dodge and Roll"],"picked":"Skewer","floor":12.0},{"not_picked":["Accuracy","Blade Dance"],"picked":"Endless Agony","floor":13.0},{"not_picked":["Cloak And Dagger","Acrobatics"],"picked":"Underhanded Strike","floor":14.0},{"not_picked":["Malaise","Venomology"],"picked":"After Image","floor":16.0},{"not_picked":["Flying Knee","Dagger Spray+1"],"picked":"Distraction","floor":18.0},{"not_picked":["Slice+1","Prepared"],"picked":"Deadly Poison","floor":20.0},{"not_picked":["Concentrate+1","Flechettes"],"picked":"Crippling Poison+1","floor":22.0},{"not_picked":["PiercingWail+1","Blade Dance"],"picked":"Distraction+1","floor":24},{"not_picked":["Reflex","Cloak And Dagger"],"picked":"Poisoned Stab+1","floor":27},{"not_picked":["Deadly Poison","Slice+1","Finisher+1"],"picked":"Singing Bowl","floor":28},{"not_picked":["Night Terror","Tools of the Trade"],"picked":"After Image","floor":33},{"not_picked":["Bane+1","Quick Slash"],"picked":"Catalyst+1","floor":35},{"not_picked":["Dodge and Roll","Poisoned Stab"],"picked":"Infinite Blades+1","floor":37},{"not_picked":["Slice","Skewer"],"picked":"Backstab","floor":38},{"not_picked":["Heel Hook","Prepared","Flying Knee"],"picked":"Singing Bowl","floor":39},{"not_picked":["Heel Hook+1","Cloak And Dagger","Grand Finale"],"picked":"Singing Bowl","floor":41},{"not_picked":["Deflect+1","Eviscerate+1","Dagger Spray+1"],"picked":"Singing Bowl","floor":42}],"player_experience":321440,"relics_obtained":[{"floor":6.0,"key":"Singing Bowl"},{"floor":9.0,"key":"Shuriken"},{"floor":10.0,"key":"Pen Nib"},{"floor":42,"key":"Ornamental Fan"},{"floor":43,"key":"Vajra"}],"event_choices":[{"damage_healed":0.0,"max_hp_gain":0.0,"max_hp_loss":0.0,"gold_gain":175.0,"event_name":"Liars Game","player_choice":"AGREE","floor":2.0,"gold_loss":0.0,"damage_taken":0.0,"cards_obtained":["Doubt"]},{"damage_healed":0.0,"max_hp_gain":0.0,"max_hp_loss":0.0,"gold_gain":0.0,"event_name":"Golden Idol","player_choice":"Take Damage","floor":4.0,"gold_loss":0.0,"damage_taken":17.0,"relics_obtained":["Golden Idol"]},{"damage_healed":0.0,"max_hp_gain":0.0,"max_hp_loss":0.0,"gold_gain":0.0,"cards_transformed":["Strike_G"],"event_name":"Transmorgrifier","player_choice":"Transformed","floor":8.0,"gold_loss":0.0,"damage_taken":0.0,"cards_obtained":["After Image"]},{"damage_healed":0.0,"max_hp_gain":0.0,"max_hp_loss":0.0,"gold_gain":0.0,"cards_transformed":["Strike_G"],"event_name":"Transmorgrifier","player_choice":"Transformed","floor":19.0,"gold_loss":0.0,"damage_taken":0.0,"cards_obtained":["Bane"]},{"damage_healed":0,"gold_gain":0,"player_choice":"Stole Relic","damage_taken":0,"relics_obtained":["Smiling Mask"],"max_hp_gain":0,"max_hp_loss":0,"event_name":"Addict","floor":31,"gold_loss":0,"cards_obtained":["Shame"]},{"cards_removed":["Strike_G"],"damage_healed":0,"gold_gain":0,"player_choice":"Purged","damage_taken":0,"max_hp_gain":0,"max_hp_loss":0,"event_name":"Purifier","floor":36,"gold_loss":0}],"is_beta":false,"boss_relics":[{"not_picked":["Busted Crown","Orrery"],"picked":"Ring of the Serpent"},{"not_picked":["Runic Dome","Velvet Choker"],"picked":"Empty Cage"}],"items_purged_floors":[30],"is_endless":false,"potions_floor_spawned":[1,6,10,13,16,20,24,27,28,33,38,42],"killed_by":"Transient","ascension_level":3}