{"gold_per_floor":[362,255,270,71,88,88,88,101,101,134,134,164,180,196,196,273,273,293,293,293,311,199,199,214,233,233,267,267,277,290,300,300,378,378,397,397,409,421,97,97,97,97,123,150,75,95,95,110,110,110],"floor_reached":51,"playtime":2077,"items_purged":["Writhe"],"score":1325,"play_id":"6f91bcd0-f593-4609-9734-d17ad58f2488","local_time":"20190306113442","is_ascension_mode":true,"campfire_choices":[{"data":"Inflame","floor":6,"key":"SMITH"},{"data":"Inflame","floor":15,"key":"SMITH"},{"data":"Pommel Strike","floor":23,"key":"SMITH"},{"floor":28,"key":"REST"},{"data":"True Grit","floor":32,"key":"SMITH"},{"floor":40,"key":"REST"},{"floor":47,"key":"REST"},{"floor":49,"key":"REST"}],"neow_cost":"TEN_PERCENT_HP_LOSS","seed_source_timestamp":333611154816260,"circlet_count":0,"master_deck":["AscendersBane","Strike_R+1","Strike_R+1","Strike_R+1","Defend_R+1","Defend_R+1","Defend_R+1","Defend_R+1","Bash","Cleave","Shrug It Off","Pommel Strike+1","Inflame+1","Inflame+1","Twin Strike","Sword Boomerang+1","Shrug It Off","Offering","Heavy Blade+1","Ghostly Armor","True Grit+1","True Grit+1","Ghostly Armor+1","Uppercut+1","Whirlwind+1","Shrug It Off","Shrug It Off","Dark Shackles","Limit Break"],"relics":["Burning Blood","Bag of Marbles","Bottled Tornado","Darkstone Periapt","Molten Egg 2","Snecko Eye","Vajra","Oddly Smooth Stone","Anchor","Velvet Choker","Gremlin Horn","MawBank"],"potions_floor_usage":[8,16,16,27,35,46,50],"damage_taken":[{"damage":1,"enemies":"Cultist","floor":1,"turns":3},{"damage":3,"enemies":"2 Louse","floor":3,"turns":3},{"damage":7,"enemies":"Jaw Worm","floor":5,"turns":3},{"damage":9,"enemies":"Lots of Slimes","floor":8,"turns":3},{"damage":25,"enemies":"Lagavulin","floor":10,"turns":6},{"damage":20,"enemies":"3 Sentries","floor":12,"turns":6},{"damage":11,"enemies":"Looter","floor":13,"turns":2},{"damage":14,"enemies":"3 Louse","floor":14,"turns":4},{"damage":11,"enemies":"Hexaghost","floor":16,"turns":6},{"damage":0,"enemies":"Spheric Guardian","floor":18,"turns":3},{"damage":0,"enemies":"Chosen","floor":21,"turns":3},{"damage":10,"enemies":"Snecko","floor":24,"turns":3},{"damage":30,"enemies":"Snake Plant","floor":25,"turns":4},{"damage":23,"enemies":"Slavers","floor":27,"turns":4},{"damage":6,"enemies":"Centurion and Healer","floor":29,"turns":4},{"damage":0,"enemies":"Sentry and Sphere","floor":30,"turns":3},{"damage":8,"enemies":"Shelled Parasite and Fungi","floor":31,"turns":3},{"damage":34,"enemies":"Champ","floor":33,"turns":10},{"damage":0,"enemies":"Orb Walker","floor":35,"turns":1},{"damage":29,"enemies":"3 Darklings","floor":37,"turns":4},{"damage":36,"enemies":"Spire Growth","floor":38,"turns":3},{"damage":30,"enemies":"Writhing Mass","floor":44,"turns":4},{"damage":13,"enemies":"Transient","floor":46,"turns":6},{"damage":9,"enemies":"Sphere and 2 Shapes","floor":48,"turns":11},{"damage":31,"enemies":"Awakened One","floor":50,"turns":7}],"seed_played":"-1820233726676518153","potions_obtained":[{"floor":3,"key":"SteroidPotion"},{"floor":8,"key":"Explosive Potion"},{"floor":13,"key":"Swift Potion"},{"floor":14,"key":"Strength Potion"},{"floor":18,"key":"Energy Potion"},{"floor":25,"key":"GamblersBrew"},{"floor":30,"key":"Strength Potion"},{"floor":33,"key":"SteroidPotion"},{"floor":35,"key":"Fruit Juice"},{"floor":38,"key":"SkillPotion"}],"is_trial":false,"path_per_floor":["M","$","M","$","M","R","?","M","T","E","?","E","M","M","R","B",null,"M","?","?","M","$","R","M","M","T","E","R","M","M","M","R","B",null,"M","?","M","M","$","R","?","$","T","M","$","M","R","M","R","B",null],"character_chosen":"IRONCLAD","items_purchased":["Shrug It Off","Pommel Strike","Bag of Marbles","Inflame","Ghostly Armor","Gremlin Horn","Shrug It Off","Limit Break"],"campfire_rested":4,"item_purchase_floors":[2,2,4,4,22,39,39,45],"current_hp_per_floor":[68,68,68,68,67,67,67,64,64,45,45,31,26,18,18,13,54,60,60,66,72,72,72,68,44,44,27,49,49,55,53,53,25,62,73,73,50,20,20,43,43,43,43,19,19,12,35,32,55,30],"gold":110,"neow_bonus":"TWO_FIFTY_GOLD","is_prod":false,"is_daily":false,"chose_seed":false,"campfire_upgraded":4,"win_rate":0,"timestamp":1551890082,"path_taken":["M","$","?","$","M","R","?","M","T","E","?","E","?","M","R","BOSS","M","?","?","M","$","R","?","M","T","E","R","M","M","M","R","BOSS","M","?","?","?","$","R","?","?","T","?","$","M","R","M","R","BOSS"],"build_version":"2019-01-23","purchased_purges":1,"victory":true,"max_hp_per_floor":[68,68,68,68,68,68,68,68,68,68,68,68,68,68,68,68,68,68,68,74,74,74,74,74,74,74,74,74,74,74,74,74,74,74,79,79,79,79,79,79,79,79,79,79,79,79,79,79,79,79],"card_choices":[{"not_picked":["Rage","Armaments"],"picked":"Cleave","floor":1},{"not_picked":["Fire Breathing","Shrug It Off"],"picked":"Inflame","floor":3},{"not_picked":["Rupture","Wild Strike","Second Wind"],"picked":"SKIP","floor":5},{"not_picked":["Sentinel","Sever Soul"],"picked":"Twin Strike","floor":8},{"not_picked":["Iron Wave","Bloodletting","Body Slam"],"picked":"SKIP","floor":10},{"not_picked":["Rupture","Pummel"],"picked":"Sword Boomerang","floor":12},{"not_picked":["Clash+1","Thunderclap+1","Perfected Strike+1"],"picked":"SKIP","floor":13},{"not_picked":["Clash+1","Thunderclap+1","Perfected Strike+1"],"picked":"SKIP","floor":13},{"not_picked":["Fiend Fire+1","Wild Strike+1"],"picked":"Shrug It Off","floor":14},{"not_picked":["Juggernaut","Demon Form"],"picked":"Offering","floor":16},{"not_picked":["Iron Wave+1","Clash+1"],"picked":"Heavy Blade+1","floor":18},{"not_picked":["Combust+1","Clash+1","Sword Boomerang+1"],"picked":"SKIP","floor":21},{"not_picked":["Wild Strike+1","Anger+1","Twin Strike+1"],"picked":"SKIP","floor":24},{"not_picked":["Brutality","Heavy Blade+1"],"picked":"True Grit","floor":25},{"not_picked":["Infernal Blade","Clothesline+1","Hemokinesis+1"],"picked":"SKIP","floor":27},{"not_picked":["Evolve","Shrug It Off"],"picked":"True Grit+1","floor":29},{"not_picked":["Twin Strike+1","Havoc+1"],"picked":"Ghostly Armor+1","floor":30},{"not_picked":["Corruption","True Grit"],"picked":"Uppercut+1","floor":31},{"not_picked":["Headbutt+1","Sword Boomerang+1"],"picked":"Whirlwind+1","floor":35},{"not_picked":["Carnage+1","Perfected Strike+1","Entrench"],"picked":"SKIP","floor":37},{"not_picked":["Anger+1","Combust"],"picked":"Shrug It Off","floor":38},{"not_picked":["Dramatic Entrance+1","Purity"],"picked":"Dark Shackles","floor":41},{"not_picked":["Carnage+1","Infernal Blade","Spot Weakness"],"picked":"SKIP","floor":44},{"not_picked":["Power Through+1","Heavy Blade+1","Warcry"],"picked":"SKIP","floor":46},{"not_picked":["Cleave+1","True Grit","Anger+1"],"picked":"SKIP","floor":48}],"player_experience":456998,"relics_obtained":[{"floor":9,"key":"Bottled Tornado"},{"floor":10,"key":"Darkstone Periapt"},{"floor":12,"key":"Molten Egg 2"},{"floor":26,"key":"Oddly Smooth Stone"},{"floor":27,"key":"Anchor"},{"floor":43,"key":"MawBank"}],"event_choices":[{"damage_healed":0,"gold_gain":0,"player_choice":"Ignored","damage_taken":0,"max_hp_gain":0,"max_hp_loss":0,"event_name":"Golden Idol","floor":7,"gold_loss":0},{"cards_removed":["Strike_R"],"damage_healed":0,"gold_gain":0,"player_choice":"Card Removal","damage_taken":0,"max_hp_gain":0,"max_hp_loss":0,"event_name":"Wheel of Change","floor":11,"gold_loss":0},{"damage_healed":0,"gold_gain":0,"player_choice":"Simplicity","damage_taken":0,"max_hp_gain":0,"max_hp_loss":0,"event_name":"Back to Basics","floor":19,"gold_loss":0,"cards_upgraded":["Strike_R","Strike_R","Strike_R","Strike_R","Defend_R","Defend_R","Defend_R","Defend_R"]},{"damage_healed":0,"gold_gain":0,"player_choice":"Opened","damage_taken":0,"relics_obtained":["Vajra"],"max_hp_gain":0,"max_hp_loss":0,"event_name":"The Mausoleum","floor":20,"gold_loss":0,"cards_obtained":["Writhe"]},{"cards_removed":["Strike_R"],"damage_healed":0,"gold_gain":0,"player_choice":"Purged","damage_taken":0,"max_hp_gain":0,"max_hp_loss":0,"event_name":"Purifier","floor":36,"gold_loss":0},{"damage_healed":0,"gold_gain":0,"player_choice":"Memory 1","damage_taken":0,"max_hp_gain":0,"max_hp_loss":0,"event_name":"SensoryStone","floor":41,"gold_loss":0}],"is_beta":false,"boss_relics":[{"not_picked":["Astrolabe","Philosopher\u0027s Stone"],"picked":"Snecko Eye"},{"not_picked":["Runic Pyramid","Runic Dome"],"picked":"Velvet Choker"}],"items_purged_floors":[22],"is_endless":false,"potions_floor_spawned":[3,8,13,14,18,25,30,33,35,38],"ascension_level":18}