{"gold_per_floor":[111,22,37,57,7,7,27,54,79,79,94,124,124,141,141,241,241,253,21,33,0,11,43,43,78,103,103,28,28,44,44,44,149,149,159,59,59,59,59,59,70,94,118,118,118,147,221,237,237,237,237,237,74,109,109],"floor_reached":55,"playtime":10797,"items_purged":["Strike_G","Strike_G","Writhe"],"score":785,"play_id":"371e7477-02c2-4ace-b62b-22452b2b4160","local_time":"20190110163647","is_ascension_mode":true,"campfire_choices":[{"data":"Crippling Poison","floor":6.0,"key":"SMITH"},{"floor":13.0,"key":"REST"},{"floor":15.0,"key":"REST"},{"data":"Glass Knife","floor":24.0,"key":"SMITH"},{"floor":27.0,"key":"RECALL"},{"floor":32.0,"key":"REST"},{"data":"Thinking Ahead","floor":40,"key":"SMITH"},{"data":"Dark Shackles","floor":44,"key":"SMITH"},{"floor":49,"key":"REST"},{"data":"Skewer","floor":52,"key":"SMITH"}],"neow_cost":"NONE","seed_source_timestamp":0,"circlet_count":0,"master_deck":["Defend_G","Defend_G","Defend_G","Defend_G","Strike_G","Strike_G","Survivor","Neutralize","Dagger Throw","Bouncing Flask","Bane","Crippling Poison+1","Skewer+1","Underhanded Strike","Dark Shackles+1","Glass Knife+1","Masterful Stab","Backflip","Acrobatics","Predator","Doppelganger","Acrobatics","Adrenaline","Deflect+1","Leg Sweep+1","Backflip","Underhanded Strike","Quick Slash","Clumsy","Eviscerate","Expertise+1","Leg Sweep+1","Glass Knife","Backflip","Thinking Ahead+1","Bane+1","Pain","Quick Slash+1","Decay","Underhanded Strike+1","Well Laid Plans+1","Caltrops","Cloak And Dagger+1"],"special_seed":0,"relics":["HoveringKite","Happy Flower","Dream Catcher","Oddly Smooth Stone","Cursed Key","Bag of Preparation","Mercury Hourglass","Mummified Hand","Blood Vial","Sozu","Centennial Puzzle","Meat on the Bone","Dodecahedron","Letter Opener"],"potions_floor_usage":[],"damage_taken":[{"damage":2.0,"enemies":"Jaw Worm","floor":1.0,"turns":6.0},{"damage":1.0,"enemies":"Cultist","floor":3.0,"turns":4.0},{"damage":0.0,"enemies":"2 Louse","floor":4.0,"turns":3.0},{"damage":11.0,"enemies":"2 Fungi Beasts","floor":7.0,"turns":3.0},{"damage":3.0,"enemies":"Lagavulin","floor":8.0,"turns":5.0},{"damage":0.0,"enemies":"3 Louse","floor":11.0,"turns":2.0},{"damage":16.0,"enemies":"3 Sentries","floor":12.0,"turns":6.0},{"damage":17.0,"enemies":"Lots of Slimes","floor":14.0,"turns":3.0},{"damage":4.0,"enemies":"Hexaghost","floor":16.0,"turns":7.0},{"damage":11.0,"enemies":"2 Thieves","floor":18.0,"turns":4.0},{"damage":0.0,"enemies":"Spheric Guardian","floor":20.0,"turns":3.0},{"damage":0.0,"enemies":"Snecko","floor":22.0,"turns":4.0},{"damage":3.0,"enemies":"Book of Stabbing","floor":23.0,"turns":5.0},{"damage":4.0,"enemies":"Gremlin Leader","floor":25.0,"turns":5.0},{"damage":0.0,"enemies":"Shelled Parasite and Fungi","floor":30.0,"turns":4.0},{"damage":30.0,"enemies":"Champ","floor":33.0,"turns":11.0},{"damage":12,"enemies":"3 Shapes","floor":35,"turns":3},{"damage":0,"enemies":"Orb Walker","floor":41,"turns":2},{"damage":9,"enemies":"Reptomancer","floor":46,"turns":6},{"damage":11,"enemies":"Spire Growth","floor":48,"turns":4},{"damage":44,"enemies":"Time Eater","floor":50,"turns":15},{"damage":32,"enemies":"Shield and Spear","floor":54,"turns":7},{"damage":59,"enemies":"The Heart","floor":55,"turns":2}],"seed_played":"-2325397936075323749","potions_obtained":[{"floor":1.0,"key":"AttackPotion"},{"floor":7.0,"key":"Swift Potion"},{"floor":8.0,"key":"LiquidBronze"},{"floor":12.0,"key":"Poison Potion"},{"floor":18.0,"key":"GamblersBrew"},{"floor":23.0,"key":"GhostInAJar"},{"floor":25.0,"key":"SpeedPotion"}],"is_trial":false,"path_per_floor":["M","$","M","M","$","R","M","E","T","?","M","E","R","M","R","B",null,"M","$","M","?","M","E","R","E","T","R","?","?","M","$","R","B",null,"M","$","?","?","$","R","M","T","T","R","?","E","T","M","R","B",null,"R","$","E","B"],"character_chosen":"THE_SILENT","items_purchased":["Bouncing Flask","Bane","Underhanded Strike","Bag of Preparation","Caltrops"],"campfire_rested":4,"item_purchase_floors":[2,2,5,19,53],"current_hp_per_floor":[68,68,67,67,67,67,56,53,53,53,53,37,58,41,62,58,70,59,59,59,59,59,56,56,52,52,52,52,52,54,54,70,40,70,58,58,58,58,58,58,60,60,60,60,60,53,53,44,65,35,70,70,70,38,0],"gold":109,"neow_bonus":"BOSS_RELIC","is_prod":false,"is_daily":false,"chose_seed":false,"campfire_upgraded":5,"win_rate":0,"timestamp":1547131007,"path_taken":["M","$","M","M","$","R","M","E","T","?","M","E","R","M","R","BOSS","M","$","?","?","M","E","R","E","T","R","?","?","?","$","R","BOSS","M","$","?","?","?","R","M","?","T","R","?","E","?","?","R","BOSS","R","$","E","BOSS"],"build_version":"2019-01-03v4","purchased_purges":3,"victory":false,"max_hp_per_floor":[70,70,70,70,70,70,70,70,70,70,70,70,70,70,70,70,70,70,70,70,70,70,70,70,70,70,70,70,70,70,70,70,70,70,70,70,70,70,70,70,70,70,70,70,70,70,70,70,70,70,70,70,70,70,70],"card_choices":[{"not_picked":["Dodge and Roll","Masterful Stab"],"picked":"Dagger Throw","floor":1.0},{"not_picked":["Prepared","Bouncing Flask"],"picked":"Crippling Poison","floor":3.0},{"not_picked":["Infinite Blades","Slice"],"picked":"Skewer","floor":4.0},{"not_picked":["Escape Plan","PiercingWail","Outmaneuver"],"picked":"SKIP","floor":7.0},{"not_picked":["Riddle With Holes","Calculated Gamble"],"picked":"Masterful Stab","floor":8.0},{"not_picked":["Dagger Spray","Bane"],"picked":"Backflip","floor":11.0},{"not_picked":["Masterful Stab","Blade Dance"],"picked":"Acrobatics","floor":12.0},{"not_picked":["Choke","Noxious Fumes"],"picked":"Predator","floor":13.0},{"not_picked":["Outmaneuver","Heel Hook"],"picked":"Doppelganger","floor":14.0},{"not_picked":["Flechettes","Bouncing Flask"],"picked":"Acrobatics","floor":15.0},{"not_picked":["Unload","Storm of Steel"],"picked":"Adrenaline","floor":16.0},{"not_picked":["Acrobatics","Cloak And Dagger"],"picked":"Deflect+1","floor":18.0},{"not_picked":["PiercingWail","Cloak And Dagger"],"picked":"Leg Sweep+1","floor":20.0},{"not_picked":["Noxious Fumes","Endless Agony"],"picked":"Backflip","floor":22.0},{"not_picked":["Bouncing Flask","Choke"],"picked":"Underhanded Strike","floor":23.0},{"not_picked":["Corpse Explosion","PiercingWail"],"picked":"Quick Slash","floor":25.0},{"not_picked":["Flying Knee+1","Deadly Poison+1"],"picked":"Expertise+1","floor":30.0},{"not_picked":["Blade Dance","Distraction"],"picked":"Leg Sweep+1","floor":32.0},{"not_picked":["Tools of the Trade","Wraith Form v2"],"picked":"Glass Knife","floor":33.0},{"not_picked":["Deflect+1","Quick Slash"],"picked":"Backflip","floor":35},{"not_picked":["Magnetism","Madness"],"picked":"Thinking Ahead","floor":38},{"not_picked":["Dagger Spray+1","Deflect+1"],"picked":"Bane+1","floor":41},{"not_picked":["Bane+1","Eviscerate"],"picked":"Quick Slash+1","floor":46},{"not_picked":["Bane+1","Quick Slash"],"picked":"Underhanded Strike+1","floor":48},{"not_picked":["Choke+1","Dagger Spray+1"],"picked":"Well Laid Plans+1","floor":49},{"not_picked":["Slice+1","Deflect"],"picked":"Cloak And Dagger+1","floor":54}],"player_experience":176445,"relics_obtained":[{"floor":8.0,"key":"Happy Flower"},{"floor":9.0,"key":"Dream Catcher"},{"floor":12.0,"key":"Oddly Smooth Stone"},{"floor":23.0,"key":"Mercury Hourglass"},{"floor":25.0,"key":"Mummified Hand"},{"floor":26.0,"key":"Blood Vial"},{"floor":43,"key":"Centennial Puzzle"},{"floor":46,"key":"Meat on the Bone"},{"floor":47,"key":"Dodecahedron"},{"floor":54,"key":"Letter Opener"}],"event_choices":[{"damage_healed":0.0,"max_hp_gain":0.0,"max_hp_loss":0.0,"gold_gain":0.0,"event_name":"Match and Keep!","player_choice":"3 cards matched","floor":10.0,"gold_loss":0.0,"damage_taken":0.0,"cards_obtained":["Dark Shackles","Glass Knife","Masterful Stab"]},{"damage_healed":0.0,"max_hp_gain":0.0,"max_hp_loss":0.0,"gold_gain":0.0,"event_name":"Masked Bandits","player_choice":"Paid Fearfully","floor":21.0,"gold_loss":33.0,"damage_taken":0.0},{"cards_removed":["Strike_G"],"damage_healed":0.0,"max_hp_gain":0.0,"max_hp_loss":0.0,"gold_gain":0.0,"event_name":"Beggar","player_choice":"Gave Gold","floor":28.0,"gold_loss":75.0,"damage_taken":0.0},{"damage_healed":0.0,"max_hp_gain":0.0,"max_hp_loss":0.0,"gold_gain":0.0,"cards_transformed":["Defend_G"],"event_name":"Transmorgrifier","player_choice":"Transformed","floor":29.0,"gold_loss":0.0,"damage_taken":0.0,"cards_obtained":["Eviscerate"]},{"cards_removed":["Masterful Stab"],"damage_healed":0,"gold_gain":0,"player_choice":"Removed Attack","damage_taken":0,"max_hp_gain":0,"max_hp_loss":0,"event_name":"Falling","floor":37,"gold_loss":0},{"damage_healed":0,"gold_gain":0,"player_choice":"Memory 1","damage_taken":0,"max_hp_gain":0,"max_hp_loss":0,"event_name":"SensoryStone","floor":38,"gold_loss":0},{"damage_healed":0,"gold_gain":0,"player_choice":"Ignored","damage_taken":0,"max_hp_gain":0,"max_hp_loss":0,"event_name":"Mysterious Sphere","floor":45,"gold_loss":0}],"is_beta":false,"boss_relics":[{"not_picked":["Runic Pyramid","Lizard Tail"],"picked":"Cursed Key"},{"not_picked":["White Beast Statue","Snecko Eye"],"picked":"Sozu"}],"items_purged_floors":[19,36,53],"is_endless":false,"potions_floor_spawned":[1,7,8,12,18,23,25,48,54],"killed_by":"The Heart","ascension_level":2}