{"gold_per_floor":[109,109,109,34,49,64,82,82,82,120,135,135,35,35,35,35],"floor_reached":16,"playtime":393,"items_purged":["Defend_R","Defend_R"],"score":100,"play_id":"cfca7fd9-fbdf-4747-aa96-443afa4456d8","local_time":"20181210163500","is_ascension_mode":false,"campfire_choices":[{"data":"Bash","floor":8,"key":"SMITH"},{"data":"Strike_R","floor":12,"key":"SMITH"},{"data":"Strike_R","floor":15,"key":"SMITH"}],"neow_cost":"NONE","seed_source_timestamp":286450290485346,"circlet_count":0,"master_deck":["Strike_R+1","Strike_R+1","Strike_R","Strike_R","Strike_R","Defend_R","Defend_R","Bash+1"],"relics":["Burning Blood","Bag of Marbles","Golden Idol","PreservedInsect","Gremlin Horn","Champion Belt"],"potions_floor_usage":[16],"damage_taken":[{"damage":5,"enemies":"Small Slimes","floor":1,"turns":4},{"damage":8,"enemies":"Jaw Worm","floor":5,"turns":3},{"damage":1,"enemies":"Cultist","floor":6,"turns":3},{"damage":7,"enemies":"2 Fungi Beasts","floor":7,"turns":4},{"damage":36,"enemies":"Lagavulin","floor":10,"turns":4},{"damage":0,"enemies":"3 Louse","floor":11,"turns":3},{"damage":52,"enemies":"Hexaghost","floor":16,"turns":10}],"seed_played":"-3877086103886340384","potions_obtained":[{"floor":5,"key":"SpeedPotion"},{"floor":6,"key":"Block Potion"},{"floor":10,"key":"Explosive Potion"}],"is_trial":false,"path_per_floor":["M","?","?","$","M","M","M","R","T","E","M","R","$","?","R","B"],"character_chosen":"IRONCLAD","items_purchased":[],"campfire_rested":0,"item_purchase_floors":[],"current_hp_per_floor":[80,74,74,74,72,74,73,73,73,43,49,49,49,49,49,0],"gold":35,"neow_bonus":"RANDOM_COMMON_RELIC","is_prod":false,"is_daily":false,"chose_seed":false,"campfire_upgraded":3,"win_rate":0,"timestamp":1544477700,"path_taken":["M","?","?","$","M","M","?","R","T","E","M","R","$","?","R","BOSS"],"build_version":"2018-12-06","purchased_purges":2,"victory":false,"max_hp_per_floor":[80,74,74,74,74,74,74,74,74,74,74,74,74,74,74,74],"card_choices":[{"not_picked":["Cleave","Headbutt","Pummel"],"picked":"SKIP","floor":1},{"not_picked":["Sever Soul","Body Slam","Metallicize"],"picked":"SKIP","floor":5},{"not_picked":["Thunderclap","Carnage","True Grit"],"picked":"SKIP","floor":6},{"not_picked":["Disarm","Twin Strike","True Grit"],"picked":"SKIP","floor":7},{"not_picked":["Sever Soul","Warcry","Combust"],"picked":"SKIP","floor":10},{"not_picked":["Dual Wield","Sever Soul","Thunderclap"],"picked":"SKIP","floor":11}],"player_experience":313546,"relics_obtained":[{"floor":9,"key":"PreservedInsect"},{"floor":10,"key":"Gremlin Horn"}],"event_choices":[{"damage_healed":0,"gold_gain":0,"player_choice":"Lose Max HP","damage_taken":0,"relics_obtained":["Golden Idol"],"max_hp_gain":0,"max_hp_loss":6,"event_name":"Golden Idol","floor":2,"gold_loss":0},{"damage_healed":0,"gold_gain":0,"player_choice":"Ignored","damage_taken":0,"max_hp_gain":0,"max_hp_loss":0,"event_name":"Shining Light","floor":3,"gold_loss":0},{"damage_healed":0,"gold_gain":0,"player_choice":"Gave Potion","damage_taken":0,"relics_obtained":["Champion Belt"],"max_hp_gain":0,"max_hp_loss":0,"event_name":"WeMeetAgain","floor":14,"gold_loss":0}],"is_beta":false,"boss_relics":[],"items_purged_floors":[4,13],"is_endless":false,"potions_floor_spawned":[5,6,10],"killed_by":"Hexaghost","ascension_level":0}