{"gold_per_floor":[117,133,58,58,23,55,55,82,118,130,156,185,197,225,237,349,361,392,417,379,391,403,742,754,778,843,867,892,583,602,614,614,614],"floor_reached":33,"playtime":2600,"items_purged":["Defend_R","Defend_R"],"score":293,"play_id":"63fef128-af3c-4cea-bad9-e9eb3483e857","local_time":"20190427163445","is_ascension_mode":true,"campfire_choices":[{"data":"Metallicize","floor":7,"key":"SMITH"},{"data":"Metallicize","floor":15,"key":"SMITH"},{"floor":24,"key":"REST"},{"floor":32,"key":"REST"}],"neow_cost":"NONE","seed_source_timestamp":1129575852422819,"circlet_count":0,"master_deck":["Strike_R","Strike_R","Strike_R","Strike_R","Strike_R+1","Defend_R","Defend_R","Bash","Metallicize+1","Battle Trance","Metallicize+1","Twin Strike+1","Pummel","Reaper","Fire Breathing+1","Pummel","Blood for Blood","Feel No Pain","Secret Technique","Reaper","Inflame+1"],"relics":["Black Blood","Oddly Smooth Stone","Orichalcum","MawBank","Boot","Old Coin","Tiny Chest"],"potions_floor_usage":[6,16,23,23,23,23,23,28,31,33],"damage_taken":[{"damage":1,"enemies":"Cultist","floor":1,"turns":4},{"damage":0,"enemies":"2 Louse","floor":2,"turns":3},{"damage":24,"enemies":"3 Sentries","floor":6,"turns":13},{"damage":5,"enemies":"Gremlin Nob","floor":8,"turns":5},{"damage":0,"enemies":"Small Slimes","floor":11,"turns":4},{"damage":17,"enemies":"Exordium Thugs","floor":12,"turns":5},{"damage":3,"enemies":"2 Fungi Beasts","floor":14,"turns":3},{"damage":31,"enemies":"The Guardian","floor":16,"turns":9},{"damage":10,"enemies":"Shell Parasite","floor":18,"turns":9},{"damage":12,"enemies":"Spheric Guardian","floor":19,"turns":6},{"damage":80,"enemies":"Gremlin Leader","floor":23,"turns":9},{"damage":13,"enemies":"3 Cultists","floor":25,"turns":6},{"damage":21,"enemies":"Snake Plant","floor":27,"turns":6},{"damage":23,"enemies":"Shelled Parasite and Fungi","floor":28,"turns":8},{"damage":24,"enemies":"Sentry and Sphere","floor":30,"turns":8},{"damage":35,"enemies":"3 Cultists","floor":31,"turns":6},{"damage":63,"enemies":"Champ","floor":33,"turns":12}],"seed_played":"-6594740733947978436","potions_obtained":[{"floor":2,"key":"Regen Potion"},{"floor":6,"key":"SkillPotion"},{"floor":11,"key":"SpeedPotion"},{"floor":16,"key":"SpeedPotion"},{"floor":18,"key":"EntropicBrew"},{"floor":25,"key":"Block Potion"},{"floor":28,"key":"Fire Potion"},{"floor":30,"key":"Swift Potion"}],"is_trial":false,"path_per_floor":["M","M","$","?","?","E","R","E","T","$","M","M","?","M","R","B",null,"M","M","?","$","?","E","R","M","T","M","M","$","M","M","R","B"],"character_chosen":"IRONCLAD","items_purchased":["Feel No Pain","Secret Technique"],"campfire_rested":2,"item_purchase_floors":[29,29],"current_hp_per_floor":[80,80,80,62,80,76,76,77,77,77,80,69,53,56,56,31,80,80,78,78,78,78,23,47,59,59,53,45,45,31,26,50,0],"gold":614,"neow_bonus":"THREE_CARDS","is_prod":false,"is_daily":false,"chose_seed":false,"campfire_upgraded":2,"win_rate":0,"timestamp":1556397285,"path_taken":["M","M","$","?","?","E","R","E","T","$","M","M","?","M","R","BOSS","M","M","?","?","?","E","R","M","T","?","M","$","M","M","R","BOSS"],"build_version":"2019-01-23","purchased_purges":2,"victory":false,"max_hp_per_floor":[80,80,80,80,80,80,80,80,80,80,80,80,80,80,80,80,80,80,80,80,80,80,80,80,80,80,80,80,80,80,80,80,80],"card_choices":[{"not_picked":["Twin Strike","Infernal Blade"],"picked":"Metallicize","floor":0},{"not_picked":["Sword Boomerang","Armaments"],"picked":"Battle Trance","floor":1},{"not_picked":["True Grit","Spot Weakness"],"picked":"Metallicize","floor":2},{"not_picked":["Entrench","Perfected Strike","Sever Soul"],"picked":"SKIP","floor":6},{"not_picked":["Double Tap","Shrug It Off"],"picked":"Twin Strike","floor":8},{"not_picked":["Intimidate","Cleave"],"picked":"Pummel","floor":11},{"not_picked":["Shrug It Off","Rupture","Armaments"],"picked":"SKIP","floor":12},{"not_picked":["Dropkick","Anger","Wild Strike"],"picked":"SKIP","floor":14},{"not_picked":["Exhume","Bludgeon"],"picked":"Reaper","floor":16},{"not_picked":["Armaments","Uppercut+1","Sentinel"],"picked":"SKIP","floor":18},{"not_picked":["Warcry","Bloodletting"],"picked":"Fire Breathing+1","floor":19},{"not_picked":["Wild Strike","Twin Strike+1"],"picked":"Pummel","floor":23},{"not_picked":["Sword Boomerang","Warcry","Second Wind+1"],"picked":"SKIP","floor":25},{"not_picked":["Reckless Charge","Clothesline"],"picked":"Blood for Blood","floor":27},{"not_picked":["Clothesline","Pommel Strike","Power Through"],"picked":"SKIP","floor":28},{"not_picked":["Iron Wave","Cleave+1"],"picked":"Reaper","floor":30},{"not_picked":["Rampage+1","Flex"],"picked":"Inflame+1","floor":31}],"player_experience":125464,"relics_obtained":[{"floor":6,"key":"Orichalcum"},{"floor":8,"key":"MawBank"},{"floor":9,"key":"Boot"},{"floor":23,"key":"Old Coin"},{"floor":26,"key":"Tiny Chest"}],"event_choices":[{"damage_healed":0,"gold_gain":0,"player_choice":"Success","damage_taken":18,"relics_obtained":["Oddly Smooth Stone"],"max_hp_gain":0,"max_hp_loss":0,"event_name":"Scrap Ooze","floor":4,"gold_loss":0},{"damage_healed":20,"gold_gain":0,"player_choice":"Healed","damage_taken":0,"max_hp_gain":0,"max_hp_loss":0,"event_name":"The Cleric","floor":5,"gold_loss":35},{"damage_healed":0,"gold_gain":0,"player_choice":"Entered Light","damage_taken":16,"max_hp_gain":0,"max_hp_loss":0,"event_name":"Shining Light","floor":13,"gold_loss":0,"cards_upgraded":["Strike_R","Twin Strike"]},{"damage_healed":0,"gold_gain":0,"player_choice":"Bet on Murderer","damage_taken":0,"max_hp_gain":0,"max_hp_loss":0,"event_name":"The Joust","floor":20,"gold_loss":50},{"damage_healed":0,"gold_gain":0,"player_choice":"Ignored","damage_taken":0,"max_hp_gain":0,"max_hp_loss":0,"event_name":"Ghosts","floor":22,"gold_loss":0}],"is_beta":false,"boss_relics":[{"not_picked":["Eternal Feather","Lizard Tail"],"picked":"Black Blood"}],"items_purged_floors":[3,29],"is_endless":false,"potions_floor_spawned":[2,6,11,16,18,25,28,30],"killed_by":"Champ","ascension_level":1}