{"gold_per_floor":[111,126,126,147,46,46,62,62,62,100,113,113,127,166,166,295,295,318,69,93,136,156,156,176,217,265,289,289,302,336,261,261,391,391,415,434,458,474,534,569,581,593,652,679,691,743,977,989,1001,1013],"floor_reached":51,"playtime":3314,"items_purged":["Strike_G"],"score":934,"play_id":"08ff6720-8381-4900-984e-77e1e1b738e4","local_time":"20190517201714","is_ascension_mode":false,"campfire_choices":[{"data":"Neutralize","floor":6.0,"key":"SMITH"},{"data":"Bouncing Flask","floor":15.0,"key":"SMITH"},{"data":"Sucker Punch","floor":23.0,"key":"SMITH"},{"data":"After Image","floor":32.0,"key":"SMITH"},{"data":"Acrobatics","floor":41,"key":"SMITH"},{"data":"Leg Sweep","floor":45,"key":"SMITH"},{"data":"Backflip","floor":49,"key":"SMITH"}],"neow_cost":"NONE","seed_source_timestamp":55066873734100,"circlet_count":0,"master_deck":["Defend_G+1","Defend_G+1","Defend_G+1","Defend_G+1","Defend_G+1","Strike_G+1","Strike_G+1","Survivor","Neutralize+1","Dodge and Roll","Deadly Poison","Poisoned Stab","Sucker Punch+1","Backstab","Leg Sweep+1","Backflip+1","Bouncing Flask+1","PiercingWail","Backstab","Flying Knee","After Image+1","Quick Slash","Backflip","Dagger Spray","Acrobatics+1","Backflip","Blade Dance+1","Adrenaline","Backstab","Backflip+1","Dagger Throw","PiercingWail","Sucker Punch+1","Adrenaline","Backstab","Riddle With Holes+1","PiercingWail","Acrobatics+1","Deadly Poison","Predator","Blur+1","Blur+1","Writhe"],"special_seed":0,"relics":["Ring of the Snake","Golden Idol","Regal Pillow","Mercury Hourglass","Omamori","Centennial Puzzle","Cursed Key","Red Mask","Ancient Tea Set","Juzu Bracelet","Orichalcum","Sozu","Gambling Chip","MawBank","Bronze Scales","Blue Candle"],"potions_floor_usage":[33,33],"damage_taken":[{"damage":0.0,"enemies":"Cultist","floor":1.0,"turns":4.0},{"damage":0.0,"enemies":"2 Louse","floor":2.0,"turns":3.0},{"damage":0.0,"enemies":"Small Slimes","floor":4.0,"turns":5.0},{"damage":0.0,"enemies":"Exordium Thugs","floor":7.0,"turns":5.0},{"damage":11.0,"enemies":"3 Sentries","floor":10.0,"turns":10.0},{"damage":5.0,"enemies":"Looter","floor":11.0,"turns":3.0},{"damage":0.0,"enemies":"Exordium Wildlife","floor":13.0,"turns":2.0},{"damage":0.0,"enemies":"Gremlin Nob","floor":14.0,"turns":3.0},{"damage":1.0,"enemies":"Hexaghost","floor":16.0,"turns":8.0},{"damage":0.0,"enemies":"Shell Parasite","floor":18.0,"turns":4.0},{"damage":3.0,"enemies":"2 Thieves","floor":20.0,"turns":4.0},{"damage":0.0,"enemies":"Masked Bandits","floor":21.0,"turns":2.0},{"damage":0.0,"enemies":"Shelled Parasite and Fungi","floor":22.0,"turns":5.0},{"damage":0.0,"enemies":"Chosen and Byrds","floor":24.0,"turns":4.0},{"damage":0.0,"enemies":"Slavers","floor":25.0,"turns":6.0},{"damage":1.0,"enemies":"Centurion and Healer","floor":27.0,"turns":5.0},{"damage":0.0,"enemies":"3 Cultists","floor":29.0,"turns":4.0},{"damage":0.0,"enemies":"Gremlin Leader","floor":30.0,"turns":6.0},{"damage":4,"enemies":"Automaton","floor":33,"turns":9},{"damage":0,"enemies":"3 Shapes","floor":35,"turns":3},{"damage":0,"enemies":"3 Darklings","floor":36,"turns":5},{"damage":0,"enemies":"Jaw Worm Horde","floor":37,"turns":3},{"damage":0,"enemies":"Spire Growth","floor":38,"turns":4},{"damage":0,"enemies":"2 Orb Walkers","floor":39,"turns":5},{"damage":0,"enemies":"Reptomancer","floor":40,"turns":7},{"damage":0,"enemies":"4 Shapes","floor":44,"turns":4},{"damage":8,"enemies":"Nemesis","floor":46,"turns":6},{"damage":37,"enemies":"Donu and Deca","floor":50,"turns":14}],"seed_played":"1596132165320899643","potions_obtained":[{"floor":0.0,"key":"Ancient Potion"},{"floor":0.0,"key":"GamblersBrew"},{"floor":0.0,"key":"Regen Potion"},{"floor":2.0,"key":"Dexterity Potion"},{"floor":10.0,"key":"Block Potion"},{"floor":11.0,"key":"Energy Potion"},{"floor":14.0,"key":"Energy Potion"},{"floor":16.0,"key":"Block Potion"},{"floor":21.0,"key":"Swift Potion"},{"floor":25.0,"key":"AttackPotion"},{"floor":27.0,"key":"EssenceOfSteel"},{"floor":30.0,"key":"SteroidPotion"}],"is_trial":false,"path_per_floor":["M","M","?","M","$","R","M","?","T","E","M","?","M","E","R","B",null,"M","$","M","?","M","R","M","E","T","M","?","M","E","?","R","B",null,"M","M","M","M","?","E","R","?","T","M","R","E","?","?","R","B",null],"character_chosen":"THE_SILENT","items_purchased":["Sucker Punch","Backstab","Backflip","Dagger Spray","Acrobatics","Strength Potion"],"campfire_rested":0,"item_purchase_floors":[5,5,19,19,19,19],"current_hp_per_floor":[70,70,53,68,68,68,68,68,68,57,52,40,40,40,40,39,70,70,70,67,67,67,67,67,67,67,66,66,66,66,66,66,62,70,70,70,70,70,70,70,70,70,70,70,70,62,62,70,70,33],"gold":1025,"neow_bonus":"THREE_SMALL_POTIONS","is_prod":false,"is_daily":false,"chose_seed":false,"campfire_upgraded":7,"win_rate":1,"timestamp":1558149434,"path_taken":["M","M","?","M","$","R","M","?","T","E","?","?","M","E","R","BOSS","M","$","M","?","M","R","M","E","T","M","?","M","E","?","R","BOSS","M","M","M","M","?","E","R","?","T","M","R","E","?","?","R","BOSS"],"build_version":"2019-01-23","purchased_purges":1,"victory":true,"max_hp_per_floor":[70,70,70,70,70,70,70,70,70,70,70,70,70,70,70,70,70,70,70,70,70,70,70,70,70,70,70,70,70,70,70,70,70,70,70,70,70,70,70,70,70,70,70,70,70,70,70,70,70,70],"card_choices":[{"not_picked":["Distraction","Infinite Blades"],"picked":"Dodge and Roll","floor":1.0},{"not_picked":["Malaise","Deflect"],"picked":"Deadly Poison","floor":2.0},{"not_picked":["Deflect","Heel Hook"],"picked":"Poisoned Stab","floor":4.0},{"not_picked":["Dagger Throw","Escape Plan"],"picked":"Leg Sweep","floor":7.0},{"not_picked":["Endless Agony","Backflip"],"picked":"Bouncing Flask","floor":10.0},{"not_picked":["Deadly Poison","Eviscerate"],"picked":"PiercingWail","floor":11.0},{"not_picked":["Cloak And Dagger","Corpse Explosion"],"picked":"Backstab","floor":13.0},{"not_picked":["Blade Dance","Acrobatics"],"picked":"Flying Knee","floor":14.0},{"not_picked":["Envenom","Bullet Time"],"picked":"After Image","floor":16.0},{"not_picked":["Deadly Poison","Outmaneuver"],"picked":"Quick Slash","floor":18.0},{"not_picked":["Outmaneuver+1","Expertise"],"picked":"Backflip","floor":20.0},{"not_picked":["Cloak And Dagger","Quick Slash"],"picked":"Blade Dance+1","floor":21.0},{"not_picked":["Leg Sweep","Dodge and Roll"],"picked":"Adrenaline","floor":22.0},{"not_picked":["Expertise","Flechettes"],"picked":"Backstab","floor":24.0},{"not_picked":["Outmaneuver","Flying Knee+1"],"picked":"Backflip+1","floor":25.0},{"not_picked":["Flechettes","Slice"],"picked":"Dagger Throw","floor":27.0},{"not_picked":["Outmaneuver","Quick Slash+1"],"picked":"PiercingWail","floor":29.0},{"not_picked":["Flying Knee","Die Die Die"],"picked":"Sucker Punch+1","floor":30.0},{"not_picked":["Glass Knife","Die Die Die"],"picked":"Adrenaline","floor":33},{"not_picked":["Bane","Setup+1"],"picked":"Backstab","floor":35},{"not_picked":["Sucker Punch+1","Distraction"],"picked":"Riddle With Holes+1","floor":36},{"not_picked":["Caltrops","Dagger Throw"],"picked":"PiercingWail","floor":37},{"not_picked":["Bane","Prepared+1"],"picked":"Acrobatics+1","floor":38},{"not_picked":["Masterful Stab","Dodge and Roll"],"picked":"Deadly Poison","floor":39},{"not_picked":["Bane","Burst"],"picked":"Predator","floor":40},{"not_picked":["Infinite Blades","Prepared"],"picked":"Blur+1","floor":44},{"not_picked":["Flechettes","Predator"],"picked":"Blur+1","floor":46}],"player_experience":805790,"relics_obtained":[{"floor":9.0,"key":"Regal Pillow"},{"floor":10.0,"key":"Mercury Hourglass"},{"floor":14.0,"key":"Centennial Puzzle"},{"floor":21.0,"key":"Red Mask"},{"floor":25.0,"key":"Ancient Tea Set"},{"floor":26.0,"key":"Juzu Bracelet"},{"floor":30.0,"key":"Orichalcum"},{"floor":39,"key":"Gambling Chip"},{"floor":40,"key":"MawBank"},{"floor":43,"key":"Bronze Scales"},{"floor":46,"key":"Blue Candle"}],"event_choices":[{"damage_healed":0.0,"max_hp_gain":0.0,"max_hp_loss":0.0,"gold_gain":0.0,"event_name":"Golden Idol","player_choice":"Take Damage","floor":3.0,"gold_loss":0.0,"damage_taken":17.0,"relics_obtained":["Golden Idol"]},{"damage_healed":0.0,"max_hp_gain":0.0,"max_hp_loss":0.0,"gold_gain":0.0,"cards_transformed":["Strike_G"],"event_name":"Transmorgrifier","player_choice":"Transformed","floor":8.0,"gold_loss":0.0,"damage_taken":0.0,"cards_obtained":["Backflip"]},{"damage_healed":0.0,"max_hp_gain":0.0,"max_hp_loss":0.0,"gold_gain":0.0,"event_name":"Scrap Ooze","player_choice":"Success","floor":12.0,"gold_loss":0.0,"damage_taken":12.0,"relics_obtained":["Omamori"]},{"damage_healed":0.0,"max_hp_gain":0.0,"max_hp_loss":0.0,"gold_gain":0.0,"event_name":"Masked Bandits","player_choice":"Fought Bandits","floor":21.0,"gold_loss":0.0,"damage_taken":0.0},{"damage_healed":0.0,"max_hp_gain":0.0,"max_hp_loss":0.0,"gold_gain":0.0,"event_name":"Back to Basics","player_choice":"Simplicity","floor":28.0,"gold_loss":0.0,"damage_taken":0.0,"cards_upgraded":["Defend_G","Defend_G","Defend_G","Defend_G","Defend_G","Strike_G","Strike_G","Strike_G"]},{"cards_removed":["Strike_G"],"damage_healed":0.0,"max_hp_gain":0.0,"max_hp_loss":0.0,"gold_gain":0.0,"event_name":"Beggar","player_choice":"Gave Gold","floor":31.0,"gold_loss":75.0,"damage_taken":0.0},{"damage_healed":0,"gold_gain":0,"player_choice":"Fight","damage_taken":0,"max_hp_gain":0,"max_hp_loss":0,"event_name":"Mysterious Sphere","floor":39,"gold_loss":0},{"damage_healed":0,"gold_gain":0,"player_choice":"Got Potions","damage_taken":0,"max_hp_gain":0,"max_hp_loss":0,"event_name":"Lab","floor":42,"gold_loss":0},{"damage_healed":0,"gold_gain":222,"player_choice":"Wore Mask","damage_taken":0,"max_hp_gain":0,"max_hp_loss":0,"event_name":"Tomb of Lord Red Mask","floor":47,"gold_loss":0},{"damage_healed":18,"gold_gain":0,"player_choice":"Writhe","damage_taken":0,"max_hp_gain":0,"max_hp_loss":0,"event_name":"Winding Halls","floor":48,"gold_loss":0,"cards_obtained":["Writhe"]}],"is_beta":false,"boss_relics":[{"not_picked":["Tiny House","Orrery"],"picked":"Cursed Key"},{"not_picked":["Lizard Tail","Eternal Feather"],"picked":"Sozu"}],"items_purged_floors":[19],"is_endless":false,"potions_floor_spawned":[2,10,11,14,16,21,25,27,30,39,40],"ascension_level":0}