{"gold_per_floor":[119,24,24,34,34,65,65,84,84,110,110,120,120],"floor_reached":13,"playtime":1191,"items_purged":[],"score":102,"play_id":"5b4824c2-a78f-445e-9b86-571200e4c550","local_time":"20190110103450","is_ascension_mode":true,"campfire_choices":[{"floor":7,"key":"REST"},{"floor":11,"key":"REST"}],"neow_cost":"NONE","seed_source_timestamp":444062341428,"circlet_count":0,"master_deck":["Defend_G","Defend_G","Defend_G","Defend_G","Defend_G","Strike_G","Strike_G","Strike_G","Strike_G","Strike_G","Survivor","Neutralize","Bane","Quick Slash","Caltrops+1","Cloak And Dagger","Flechettes+1","Bouncing Flask"],"relics":["Black Star","Frozen Egg 2","Blood Vial","Lantern","Omamori","Molten Egg 2","Dodecahedron","Bottled Tornado"],"potions_floor_usage":[6,10],"damage_taken":[{"damage":2,"enemies":"Jaw Worm","floor":1,"turns":6},{"damage":3,"enemies":"Cultist","floor":4,"turns":4},{"damage":42,"enemies":"Gremlin Nob","floor":6,"turns":6},{"damage":0,"enemies":"2 Louse","floor":8,"turns":2},{"damage":46,"enemies":"Lagavulin","floor":10,"turns":12},{"damage":11,"enemies":"Lots of Slimes","floor":12,"turns":3},{"damage":19,"enemies":"Large Slime","floor":13,"turns":4}],"seed_played":"6875404049601872601","potions_obtained":[{"floor":4,"key":"EssenceOfSteel"},{"floor":8,"key":"GhostInAJar"},{"floor":12,"key":"Ancient Potion"}],"is_trial":false,"path_per_floor":["M","?","$","M","?","E","R","M","T","E","R","M","M"],"character_chosen":"THE_SILENT","items_purchased":[],"campfire_rested":2,"item_purchase_floors":[],"current_hp_per_floor":[68,68,68,65,65,25,46,48,48,4,25,16,0],"gold":120,"neow_bonus":"BOSS_RELIC","is_prod":false,"is_daily":false,"chose_seed":false,"campfire_upgraded":0,"win_rate":0,"timestamp":1547109290,"path_taken":["M","?","?","M","?","E","R","?","T","E","R","M","M"],"build_version":"2019-01-03v4","purchased_purges":0,"victory":false,"max_hp_per_floor":[70,70,70,70,70,70,70,70,70,70,70,70,70],"card_choices":[{"not_picked":["Deflect","Dagger Spray"],"picked":"Bane","floor":1},{"not_picked":["Prepared","Dagger Throw"],"picked":"Quick Slash","floor":4},{"not_picked":["Endless Agony","Masterful Stab"],"picked":"Caltrops+1","floor":6},{"not_picked":["Sucker Punch","Choke"],"picked":"Cloak And Dagger","floor":8},{"not_picked":["Reflex","Deflect"],"picked":"Flechettes+1","floor":10},{"not_picked":["Acrobatics","Prepared"],"picked":"Bouncing Flask","floor":12}],"player_experience":172139,"relics_obtained":[{"floor":5,"key":"Blood Vial"},{"floor":6,"key":"Lantern"},{"floor":6,"key":"Omamori"},{"floor":9,"key":"Molten Egg 2"},{"floor":10,"key":"Dodecahedron"},{"floor":10,"key":"Bottled Tornado"}],"event_choices":[{"damage_healed":0,"gold_gain":0,"player_choice":"Paid Gold","damage_taken":0,"relics_obtained":["Frozen Egg 2"],"max_hp_gain":0,"max_hp_loss":0,"event_name":"WeMeetAgain","floor":2,"gold_loss":95},{"damage_healed":0,"gold_gain":0,"player_choice":"Relic","damage_taken":0,"max_hp_gain":0,"max_hp_loss":0,"event_name":"Wheel of Change","floor":5,"gold_loss":0}],"is_beta":false,"boss_relics":[],"items_purged_floors":[],"is_endless":false,"potions_floor_spawned":[4,8,12],"killed_by":"Large Slime","ascension_level":2}