{"gold_per_floor":[114,114,114,114,137,137,156,156,156,156,170,170,193,143,143,274,337,350,350,368,388,406,406,426,426,426,111,111,111,111,131,131,259,259,283,283,299,315,440,440,464,464,518,518,518],"floor_reached":45,"playtime":1313,"items_purged":[],"score":405,"play_id":"df15a60b-55e2-4cb8-a1a6-6e960f27d1b7","local_time":"20190505220929","is_ascension_mode":false,"campfire_choices":[{"data":"Flying Knee","floor":6,"key":"SMITH"},{"data":"Underhanded Strike","floor":8,"key":"SMITH"},{"data":"Finisher","floor":10,"key":"SMITH"},{"data":"Crippling Poison","floor":15,"key":"SMITH"},{"data":"Die Die Die","floor":23,"key":"SMITH"},{"data":"Choke","floor":25,"key":"SMITH"},{"data":"Apotheosis","floor":29,"key":"SMITH"},{"floor":32,"key":"REST"},{"floor":40,"key":"REST"},{"data":"A Thousand Cuts","floor":42,"key":"SMITH"},{"data":"Terror","floor":44,"key":"SMITH"}],"neow_cost":"NONE","seed_source_timestamp":9939416439700,"circlet_count":0,"master_deck":["Defend_G+1","Defend_G+1","Defend_G+1","Defend_G+1","Strike_G+1","Strike_G+1","Strike_G+1","Strike_G+1","Strike_G+1","Survivor","Neutralize+1","Flying Knee+1","Underhanded Strike+1","Finisher+1","Crippling Poison+1","Blade Dance+1","Die Die Die+1","Poisoned Stab","Crippling Poison+1","Terror+1","Cloak And Dagger","Poisoned Stab+1","Choke+1","Apotheosis+1","Noxious Fumes+1","A Thousand Cuts+1","Choke","Underhanded Strike","Blade Dance","Poisoned Stab"],"relics":["Ring of the Snake","Centennial Puzzle","Golden Idol","Regal Pillow","Tiny House","Bottled Flame","War Paint","Gremlin Horn","Snecko Eye","Shuriken","FossilizedHelix","Lantern"],"potions_floor_usage":[13,16,18,20,22,22,33,37,38,41],"damage_taken":[{"damage":1,"enemies":"Jaw Worm","floor":1,"turns":5},{"damage":0,"enemies":"Cultist","floor":5,"turns":4},{"damage":2,"enemies":"Small Slimes","floor":7,"turns":2},{"damage":2,"enemies":"Blue Slaver","floor":11,"turns":3},{"damage":0,"enemies":"3 Louse","floor":13,"turns":1},{"damage":44,"enemies":"The Guardian","floor":16,"turns":10},{"damage":7,"enemies":"3 Byrds","floor":18,"turns":3},{"damage":2,"enemies":"Spheric Guardian","floor":20,"turns":4},{"damage":17,"enemies":"Snake Plant","floor":21,"turns":4},{"damage":6,"enemies":"Sentry and Sphere","floor":22,"turns":4},{"damage":13,"enemies":"Centurion and Healer","floor":24,"turns":5},{"damage":10,"enemies":"Cultist and Chosen","floor":31,"turns":5},{"damage":32,"enemies":"Collector","floor":33,"turns":8},{"damage":19,"enemies":"3 Darklings","floor":35,"turns":3},{"damage":0,"enemies":"Orb Walker","floor":37,"turns":1},{"damage":20,"enemies":"3 Darklings","floor":38,"turns":3},{"damage":22,"enemies":"Mind Bloom Boss Battle","floor":39,"turns":6},{"damage":0,"enemies":"4 Shapes","floor":41,"turns":4},{"damage":52,"enemies":"Spire Growth","floor":45,"turns":4}],"seed_played":"-509613852145053664","potions_obtained":[{"floor":1,"key":"Ancient Potion"},{"floor":5,"key":"SteroidPotion"},{"floor":7,"key":"Fire Potion"},{"floor":17,"key":"PowerPotion"},{"floor":18,"key":"GhostInAJar"},{"floor":21,"key":"PowerPotion"},{"floor":31,"key":"Block Potion"},{"floor":35,"key":"Swift Potion"},{"floor":37,"key":"Energy Potion"},{"floor":38,"key":"Explosive Potion"}],"is_trial":false,"path_per_floor":["M","?","$","?","M","R","M","R","T","R","M","$","M","?","R","B",null,"M","?","M","M","M","R","M","R","T","$","?","R","T","M","R","B",null,"M","T","M","M","?","R","M","R","T","R","M"],"character_chosen":"THE_SILENT","items_purchased":["Apotheosis","War Paint"],"campfire_rested":2,"item_purchase_floors":[27,27],"current_hp_per_floor":[69,69,69,52,52,52,50,50,50,50,48,48,48,48,48,4,75,68,68,66,49,43,43,30,30,30,30,30,30,30,20,57,25,75,56,56,56,36,14,51,51,51,51,51,0],"gold":518,"neow_bonus":"RANDOM_COMMON_RELIC","is_prod":false,"is_daily":false,"chose_seed":false,"campfire_upgraded":9,"win_rate":0,"timestamp":1557083369,"path_taken":["M","?","?","?","M","R","M","R","T","R","?","$","M","?","R","BOSS","M","?","M","?","M","R","M","R","T","$","?","R","?","M","R","BOSS","M","?","M","M","?","R","M","R","T","R","M"],"build_version":"2019-01-23","purchased_purges":0,"victory":false,"max_hp_per_floor":[70,70,70,70,70,70,70,70,70,70,70,70,70,70,70,70,75,75,75,75,75,75,75,75,75,75,75,75,75,75,75,75,75,75,75,75,75,75,75,75,75,75,75,75,75],"card_choices":[{"not_picked":["Distraction","Catalyst"],"picked":"Flying Knee","floor":1},{"not_picked":["Prepared","Bane"],"picked":"Underhanded Strike","floor":5},{"not_picked":["Flying Knee","Calculated Gamble"],"picked":"Finisher","floor":7},{"not_picked":["Catalyst","Expertise"],"picked":"Crippling Poison","floor":11},{"not_picked":["Tools of the Trade","Bane"],"picked":"Blade Dance","floor":13},{"not_picked":["Storm of Steel","Glass Knife"],"picked":"Die Die Die","floor":16},{"not_picked":["Bouncing Flask","Well Laid Plans+1"],"picked":"Poisoned Stab","floor":18},{"not_picked":["Flying Knee","Skewer+1"],"picked":"Terror","floor":20},{"not_picked":["Reflex","Eviscerate+1"],"picked":"Cloak And Dagger","floor":21},{"not_picked":["Skewer+1","Outmaneuver"],"picked":"Poisoned Stab+1","floor":22},{"not_picked":["PiercingWail","Quick Slash"],"picked":"Choke","floor":24},{"not_picked":["Underhanded Strike","Backflip"],"picked":"Noxious Fumes+1","floor":31},{"not_picked":["After Image","Grand Finale"],"picked":"A Thousand Cuts","floor":33},{"not_picked":["Underhanded Strike","Sucker Punch+1"],"picked":"Choke","floor":35},{"not_picked":["Bouncing Flask+1","Endless Agony"],"picked":"Underhanded Strike","floor":37},{"not_picked":["Leg Sweep+1","Outmaneuver+1"],"picked":"Blade Dance","floor":38},{"not_picked":["After Image","Deflect+1"],"picked":"Poisoned Stab","floor":39},{"not_picked":["PiercingWail","Prepared+1","Cloak And Dagger"],"picked":"SKIP","floor":41}],"player_experience":282987,"relics_obtained":[{"floor":9,"key":"Regal Pillow"},{"floor":26,"key":"Bottled Flame"},{"floor":30,"key":"Gremlin Horn"},{"floor":36,"key":"Shuriken"},{"floor":39,"key":"FossilizedHelix"},{"floor":43,"key":"Lantern"}],"event_choices":[{"damage_healed":0,"gold_gain":0,"player_choice":"Ignored","damage_taken":0,"max_hp_gain":0,"max_hp_loss":0,"event_name":"NoteForYourself","floor":2,"gold_loss":0},{"damage_healed":0,"gold_gain":0,"player_choice":"Take Damage","damage_taken":17,"relics_obtained":["Golden Idol"],"max_hp_gain":0,"max_hp_loss":0,"event_name":"Golden Idol","floor":4,"gold_loss":0},{"cards_removed":["Defend_G"],"damage_healed":0,"gold_gain":0,"player_choice":"Card Removal","damage_taken":0,"max_hp_gain":0,"max_hp_loss":0,"event_name":"The Cleric","floor":14,"gold_loss":50},{"damage_healed":0,"gold_gain":0,"player_choice":"Copied","damage_taken":0,"max_hp_gain":0,"max_hp_loss":0,"event_name":"Duplicator","floor":19,"gold_loss":0,"cards_obtained":["Crippling Poison"]},{"damage_healed":0,"gold_gain":0,"player_choice":"Simplicity","damage_taken":0,"max_hp_gain":0,"max_hp_loss":0,"event_name":"Back to Basics","floor":28,"gold_loss":0,"cards_upgraded":["Defend_G","Defend_G","Defend_G","Strike_G","Strike_G","Strike_G","Strike_G","Strike_G"]},{"damage_healed":0,"gold_gain":0,"player_choice":"Fight","damage_taken":0,"max_hp_gain":0,"max_hp_loss":0,"event_name":"MindBloom","floor":39,"gold_loss":0}],"is_beta":false,"boss_relics":[{"not_picked":["Fusion Hammer","Philosopher\u0027s Stone"],"picked":"Tiny House"},{"not_picked":["Calling Bell","Coffee Dripper"],"picked":"Snecko Eye"}],"items_purged_floors":[],"is_endless":false,"potions_floor_spawned":[1,5,7,18,21,31,35,37,38],"killed_by":"Spire Growth","ascension_level":0}