{"gold_per_floor":[115,115,133,146,165,165,192,222,302,302,321,321,321],"floor_reached":13,"playtime":468,"items_purged":[],"score":162,"play_id":"0e95befb-41d7-453f-af01-f9bd313e2cf1","local_time":"20190327115547","is_ascension_mode":true,"campfire_choices":[{"data":"Darkness","floor":6.0,"key":"SMITH"},{"floor":10,"key":"REST"}],"neow_cost":"NONE","seed_source_timestamp":520178101849831,"circlet_count":0,"master_deck":["AscendersBane","Strike_B","Strike_B","Strike_B","Strike_B","Defend_B","Defend_B","Defend_B","Defend_B","Zap","Dualcast","Darkness+1","Tempest","Coolheaded","Ball Lightning"],"special_seed":0,"relics":["Cracked Core","Shovel","Blue Candle"],"potions_floor_usage":[11,13],"damage_taken":[{"damage":3.0,"enemies":"Small Slimes","floor":1.0,"turns":3.0},{"damage":2.0,"enemies":"Cultist","floor":3.0,"turns":4.0},{"damage":0.0,"enemies":"2 Louse","floor":4.0,"turns":3.0},{"damage":22.0,"enemies":"2 Fungi Beasts","floor":5.0,"turns":3.0},{"damage":39.0,"enemies":"Lagavulin","floor":7.0,"turns":6.0},{"damage":25,"enemies":"3 Louse","floor":11,"turns":3},{"damage":19,"enemies":"Exordium Thugs","floor":13,"turns":3}],"seed_played":"8357309063650207591","potions_obtained":[{"floor":4.0,"key":"LiquidBronze"},{"floor":11,"key":"Block Potion"}],"is_trial":false,"path_per_floor":["M","?","M","M","M","R","E","?","T","R","M","?","M"],"character_chosen":"DEFECT","items_purchased":[],"campfire_rested":1,"item_purchase_floors":[],"current_hp_per_floor":[68,78,76,76,54,54,15,15,15,38,13,13,0],"gold":321,"neow_bonus":"TEN_PERCENT_HP_BONUS","is_prod":false,"is_daily":false,"chose_seed":false,"campfire_upgraded":1,"win_rate":0,"timestamp":1553680547,"path_taken":["M","?","?","M","M","R","E","?","T","R","M","?","M"],"build_version":"2019-01-23","purchased_purges":0,"victory":false,"max_hp_per_floor":[78,78,78,78,78,78,78,78,78,78,78,78,78],"card_choices":[{"not_picked":["Leap","Scrape"],"picked":"Darkness","floor":1.0},{"not_picked":["Cold Snap","Steam"],"picked":"Tempest","floor":3.0},{"not_picked":["Redo","Barrage"],"picked":"Coolheaded","floor":4.0},{"not_picked":["Lockon","Barrage","Turbo"],"picked":"SKIP","floor":5.0},{"not_picked":["Go for the Eyes","Barrage"],"picked":"Ball Lightning","floor":7.0},{"not_picked":["Sweeping Beam","Rebound","FTL"],"picked":"SKIP","floor":11}],"player_experience":786155,"relics_obtained":[{"floor":7.0,"key":"Shovel"},{"floor":9,"key":"Blue Candle"}],"event_choices":[{"damage_healed":10.0,"max_hp_gain":0.0,"max_hp_loss":0.0,"gold_gain":0.0,"event_name":"Wheel of Change","player_choice":"Full Heal","floor":2.0,"gold_loss":0.0,"damage_taken":0.0},{"damage_healed":0,"gold_gain":30,"player_choice":"Searched \u00271\u0027 times","damage_taken":0,"max_hp_gain":0,"max_hp_loss":0,"event_name":"Dead Adventurer","floor":8,"gold_loss":0},{"damage_healed":0,"gold_gain":0,"player_choice":"Ignored","damage_taken":0,"max_hp_gain":0,"max_hp_loss":0,"event_name":"Liars Game","floor":12,"gold_loss":0}],"is_beta":false,"boss_relics":[],"items_purged_floors":[],"is_endless":false,"potions_floor_spawned":[4,11],"killed_by":"Exordium Thugs","ascension_level":18}