{"gold_per_floor":[119,119,131,145,162,162,162,162,162,162,180,201,217,70,70,195,195,195,195,150,150,150,150,150,150,150,150,150],"floor_reached":28,"playtime":608,"items_purged":[],"score":235,"play_id":"41271b27-b7f5-495c-b7f8-de106a20b0a9","local_time":"20190506195606","is_ascension_mode":false,"campfire_choices":[{"data":"Flying Knee","floor":6,"key":"SMITH"},{"data":"Bouncing Flask","floor":15,"key":"SMITH"},{"data":"Poisoned Stab","floor":23,"key":"SMITH"}],"neow_cost":"NONE","seed_source_timestamp":3216932285900,"circlet_count":0,"master_deck":["Defend_G","Defend_G","Defend_G","Defend_G","Defend_G","Survivor","Neutralize","Flying Knee+1","Pain","Poisoned Stab","Poisoned Stab+1","Footwork","Bouncing Flask+1","Poisoned Stab","Burst","Deadly Poison","Flying Knee","Bite","Bite","Bite","Bite","Bite"],"relics":["Ring of the Snake","Bag of Marbles","WarpedTongs","Golden Idol","Pear","Omamori","Ectoplasm","Bronze Scales","Anchor"],"potions_floor_usage":[16,16,28,28,28],"damage_taken":[{"damage":0,"enemies":"2 Louse","floor":1,"turns":2},{"damage":1,"enemies":"Cultist","floor":3,"turns":3},{"damage":5,"enemies":"Small Slimes","floor":4,"turns":2},{"damage":8,"enemies":"Blue Slaver","floor":5,"turns":4},{"damage":3,"enemies":"Red Slaver","floor":11,"turns":3},{"damage":0,"enemies":"3 Louse","floor":12,"turns":2},{"damage":20,"enemies":"Exordium Wildlife","floor":13,"turns":3},{"damage":18,"enemies":"Hexaghost","floor":16,"turns":7},{"damage":32,"enemies":"3 Byrds","floor":18,"turns":5},{"damage":18,"enemies":"2 Thieves","floor":20,"turns":4},{"damage":26,"enemies":"Shelled Parasite and Fungi","floor":21,"turns":4},{"damage":34,"enemies":"Slavers","floor":28,"turns":3}],"seed_played":"-1261098785468448838","potions_obtained":[{"floor":1,"key":"Strength Potion"},{"floor":11,"key":"GhostInAJar"},{"floor":16,"key":"GamblersBrew"},{"floor":20,"key":"Weak Potion"},{"floor":21,"key":"Block Potion"}],"is_trial":false,"path_per_floor":["M","?","M","M","M","R","?","$","T","?","M","M","M","$","R","B",null,"M","?","M","M","?","R","$","$","T","T","E"],"character_chosen":"THE_SILENT","items_purchased":["Omamori"],"campfire_rested":0,"item_purchase_floors":[14],"current_hp_per_floor":[70,70,69,64,56,56,56,56,66,66,63,63,43,43,43,25,75,43,68,50,24,24,24,24,24,24,24,0],"gold":150,"neow_bonus":"RANDOM_COMMON_RELIC","is_prod":false,"is_daily":false,"chose_seed":false,"campfire_upgraded":3,"win_rate":0,"timestamp":1557161766,"path_taken":["M","?","M","?","M","R","?","$","T","?","M","M","?","$","R","BOSS","M","?","M","M","?","R","?","$","T","?","E"],"build_version":"2019-01-23","purchased_purges":0,"victory":false,"max_hp_per_floor":[70,70,70,70,70,70,65,65,75,75,75,75,75,75,75,75,75,75,75,75,75,52,52,52,52,52,52,52],"card_choices":[{"not_picked":["Catalyst","Blur"],"picked":"Flying Knee","floor":1},{"not_picked":["Distraction","Eviscerate","Terror"],"picked":"SKIP","floor":3},{"not_picked":["Noxious Fumes","Tactician"],"picked":"Poisoned Stab","floor":4},{"not_picked":["Dagger Spray","Sucker Punch"],"picked":"Poisoned Stab","floor":5},{"not_picked":["Cloak And Dagger","Flechettes"],"picked":"Footwork","floor":11},{"not_picked":["Acrobatics","Catalyst"],"picked":"Bouncing Flask","floor":12},{"not_picked":["Footwork","Storm of Steel"],"picked":"Poisoned Stab","floor":13},{"not_picked":["After Image","Adrenaline"],"picked":"Burst","floor":16},{"not_picked":["Eviscerate","Blade Dance"],"picked":"Deadly Poison","floor":18},{"not_picked":["Caltrops","Infinite Blades","Acrobatics"],"picked":"SKIP","floor":20},{"not_picked":["Backflip","Blade Dance"],"picked":"Flying Knee","floor":21}],"player_experience":286160,"relics_obtained":[{"floor":9,"key":"Pear"},{"floor":26,"key":"Bronze Scales"},{"floor":27,"key":"Anchor"}],"event_choices":[{"damage_healed":0,"gold_gain":0,"player_choice":"Rummage","damage_taken":0,"relics_obtained":["WarpedTongs"],"max_hp_gain":0,"max_hp_loss":0,"event_name":"Accursed Blacksmith","floor":2,"gold_loss":0,"cards_obtained":["Pain"]},{"damage_healed":0,"gold_gain":0,"player_choice":"Lose Max HP","damage_taken":0,"relics_obtained":["Golden Idol"],"max_hp_gain":0,"max_hp_loss":5,"event_name":"Golden Idol","floor":7,"gold_loss":0},{"damage_healed":0,"gold_gain":0,"player_choice":"Ignored","damage_taken":0,"max_hp_gain":0,"max_hp_loss":0,"event_name":"NoteForYourself","floor":10,"gold_loss":0},{"damage_healed":25,"gold_gain":0,"player_choice":"Heal","damage_taken":0,"max_hp_gain":0,"max_hp_loss":0,"event_name":"The Library","floor":19,"gold_loss":0},{"damage_healed":0,"gold_gain":0,"player_choice":"Became a vampire","damage_taken":0,"max_hp_gain":0,"max_hp_loss":23,"event_name":"Vampires","floor":22,"gold_loss":0,"cards_obtained":["Bite","Bite","Bite","Bite","Bite"]}],"is_beta":false,"boss_relics":[{"not_picked":["Runic Dome","Lizard Tail"],"picked":"Ectoplasm"}],"items_purged_floors":[],"is_endless":false,"potions_floor_spawned":[1,11,16,20,21],"killed_by":"Slavers","ascension_level":0}