{"gold_per_floor":[109,109,129,152,217,217,217,217,217,250,325,325,27,63,63,152,152,176,197,197,97,97],"floor_reached":22,"playtime":464,"items_purged":["Strike_R","Strike_R+1"],"score":374,"play_id":"0c38dc1b-e03e-4879-835f-45dfbf0f9d80","local_time":"20190325184223","is_ascension_mode":true,"campfire_choices":[{"data":"Bash","floor":6,"key":"SMITH"},{"data":"Clothesline","floor":8,"key":"SMITH"},{"floor":12,"key":"REST"},{"data":"Spot Weakness","floor":15,"key":"SMITH"}],"neow_cost":"NONE","seed_source_timestamp":188806521959104,"circlet_count":0,"master_deck":["AscendersBane","Strike_R+1","Strike_R+1","Strike_R+1","Defend_R+1","Defend_R+1","Defend_R+1","Defend_R+1","Bash+1","Clothesline+1","Spot Weakness+1","Immolate","Anger","Limit Break","Inflame","Power Through"],"relics":["Burning Blood","NeowsBlessing","Golden Idol","Pantograph","Girya","Vajra","Matryoshka","Mark of Pain"],"potions_floor_usage":[7,14,16,19],"damage_taken":[{"damage":0,"enemies":"2 Louse","floor":1,"turns":1},{"damage":0,"enemies":"Small Slimes","floor":3,"turns":1},{"damage":0,"enemies":"Jaw Worm","floor":4,"turns":1},{"damage":3,"enemies":"Exordium Wildlife","floor":7,"turns":3},{"damage":42,"enemies":"Gremlin Nob","floor":10,"turns":5},{"damage":30,"enemies":"Lagavulin","floor":14,"turns":4},{"damage":33,"enemies":"Hexaghost","floor":16,"turns":8},{"damage":23,"enemies":"2 Thieves","floor":18,"turns":3},{"damage":29,"enemies":"Shell Parasite","floor":19,"turns":5},{"damage":31,"enemies":"Colosseum Slavers","floor":22,"turns":4}],"seed_played":"1662326440079813366","potions_obtained":[{"floor":1,"key":"FearPotion"},{"floor":4,"key":"SmokeBomb"},{"floor":10,"key":"Weak Potion"},{"floor":18,"key":"BloodPotion"}],"is_trial":false,"path_per_floor":["M","?","M","M","?","R","M","R","T","E","?","R","$","E","R","B",null,"M","M","?","$","?"],"character_chosen":"IRONCLAD","items_purchased":["Vajra","Anger"],"campfire_rested":1,"item_purchase_floors":[13,13],"current_hp_per_floor":[74,68,68,68,68,68,68,68,68,32,21,41,41,17,17,15,55,38,21,21,21,0],"gold":97,"neow_bonus":"THREE_ENEMY_KILL","is_prod":false,"is_daily":false,"chose_seed":false,"campfire_upgraded":3,"win_rate":0,"timestamp":1553553743,"path_taken":["M","?","M","M","?","R","M","R","T","E","?","R","$","E","R","BOSS","M","M","?","$","?"],"build_version":"2019-01-23","purchased_purges":2,"victory":false,"max_hp_per_floor":[75,68,68,68,68,68,68,68,68,68,68,68,68,68,68,68,68,68,68,68,68,68],"card_choices":[{"not_picked":["Sever Soul","Perfected Strike","Fire Breathing"],"picked":"SKIP","floor":1},{"not_picked":["Body Slam","Heavy Blade"],"picked":"Clothesline","floor":3},{"not_picked":["Havoc","Anger"],"picked":"Spot Weakness","floor":4},{"not_picked":["Clothesline","Wild Strike"],"picked":"Immolate","floor":10},{"not_picked":["Intimidate","Clash","Body Slam"],"picked":"SKIP","floor":14},{"not_picked":["Brutality","Feed"],"picked":"Limit Break","floor":16},{"not_picked":["Pommel Strike","Thunderclap"],"picked":"Inflame","floor":18},{"not_picked":["Combust","Inflame"],"picked":"Power Through","floor":19}],"player_experience":517837,"relics_obtained":[{"floor":9,"key":"Pantograph"},{"floor":10,"key":"Girya"},{"floor":14,"key":"Matryoshka"}],"event_choices":[{"damage_healed":0,"gold_gain":0,"player_choice":"Lose Max HP","damage_taken":0,"relics_obtained":["Golden Idol"],"max_hp_gain":0,"max_hp_loss":7,"event_name":"Golden Idol","floor":2,"gold_loss":0},{"damage_healed":0,"gold_gain":65,"player_choice":"Gained Gold","damage_taken":0,"max_hp_gain":0,"max_hp_loss":0,"event_name":"Golden Wing","floor":5,"gold_loss":0},{"damage_healed":0,"gold_gain":75,"player_choice":"Gather Gold","damage_taken":11,"max_hp_gain":0,"max_hp_loss":0,"event_name":"World of Goop","floor":11,"gold_loss":0},{"damage_healed":0,"gold_gain":0,"player_choice":"Simplicity","damage_taken":0,"max_hp_gain":0,"max_hp_loss":0,"event_name":"Back to Basics","floor":20,"gold_loss":0,"cards_upgraded":["Strike_R","Strike_R","Strike_R","Strike_R","Defend_R","Defend_R","Defend_R","Defend_R"]},{"damage_healed":0,"gold_gain":0,"player_choice":"Fight","damage_taken":0,"max_hp_gain":0,"max_hp_loss":0,"event_name":"Colosseum","floor":22,"gold_loss":0}],"is_beta":false,"boss_relics":[{"not_picked":["White Beast Statue","Coffee Dripper"],"picked":"Mark of Pain"}],"items_purged_floors":[13,21],"is_endless":false,"potions_floor_spawned":[1,4,10,18],"killed_by":"Colosseum Slavers","ascension_level":19}