{"gold_per_floor":[118,128,138,66,79,79,91,91,165,148,174,174,200,210,210,287,287,304,322,341,341,352,352,352],"floor_reached":24,"playtime":2158,"items_purged":[],"score":354,"play_id":"13114b41-ce3b-49f0-90c1-e7317c031141","local_time":"20190308201807","is_ascension_mode":true,"campfire_choices":[{"floor":6,"key":"REST"},{"floor":12,"key":"REST"},{"floor":15,"key":"REST"},{"floor":23,"key":"REST"}],"neow_cost":"NONE","seed_source_timestamp":585103097199972,"circlet_count":0,"master_deck":["AscendersBane","Strike_B","Strike_B","Defend_B","Defend_B","Defend_B","Defend_B","Zap","Dualcast","Chaos","Compile Driver","Leap","Self Repair","Capacitor","Ball Lightning","Conserve Battery","FTL","Core Surge","Gash","Rebound","Undo"],"relics":["Empty Cage","Gremlin Horn","Shovel","Potion Belt","Runic Pyramid"],"potions_floor_usage":[10,11,14,16,18,22,24],"damage_taken":[{"damage":19,"enemies":"Cultist","floor":1,"turns":5},{"damage":4,"enemies":"Jaw Worm","floor":2,"turns":4},{"damage":19,"enemies":"Small Slimes","floor":3,"turns":5},{"damage":5,"enemies":"Exordium Wildlife","floor":5,"turns":5},{"damage":14,"enemies":"Red Slaver","floor":7,"turns":5},{"damage":10,"enemies":"Exordium Thugs","floor":10,"turns":5},{"damage":34,"enemies":"Gremlin Nob","floor":11,"turns":4},{"damage":1,"enemies":"Blue Slaver","floor":14,"turns":4},{"damage":67,"enemies":"Slime Boss","floor":16,"turns":12},{"damage":10,"enemies":"Shell Parasite","floor":18,"turns":11},{"damage":16,"enemies":"Chosen","floor":19,"turns":6},{"damage":21,"enemies":"Snake Plant","floor":20,"turns":5},{"damage":17,"enemies":"Chosen and Byrds","floor":22,"turns":8},{"damage":53,"enemies":"Gremlin Leader","floor":24,"turns":6}],"seed_played":"162464609127467299","potions_obtained":[{"floor":1,"key":"Fire Potion"},{"floor":3,"key":"Regen Potion"},{"floor":10,"key":"PowerPotion"},{"floor":11,"key":"Block Potion"},{"floor":16,"key":"GamblersBrew"},{"floor":18,"key":"Ancient Potion"},{"floor":19,"key":"Fire Potion"},{"floor":22,"key":"EssenceOfSteel"}],"is_trial":false,"path_per_floor":["M","M","M","$","M","R","M","?","T","M","E","R","T","M","R","B",null,"M","M","M","?","M","R","E"],"character_chosen":"DEFECT","items_purchased":["Self Repair"],"campfire_rested":4,"item_purchase_floors":[4],"current_hp_per_floor":[45,41,22,22,24,45,38,38,38,47,20,41,41,47,68,8,55,52,43,29,29,19,40,0],"gold":352,"neow_bonus":"BOSS_RELIC","is_prod":false,"is_daily":false,"chose_seed":false,"campfire_upgraded":0,"win_rate":0,"timestamp":1552069087,"path_taken":["M","M","M","$","?","R","M","?","T","M","E","R","?","M","R","BOSS","M","M","M","?","M","R","E"],"build_version":"2019-01-23","purchased_purges":0,"victory":false,"max_hp_per_floor":[71,71,71,71,71,71,71,71,71,71,71,71,71,71,71,71,71,71,71,71,71,71,71,71],"card_choices":[{"not_picked":["Genetic Algorithm","Auto Shields"],"picked":"Chaos","floor":1},{"not_picked":["Barrage","Sunder"],"picked":"Compile Driver","floor":2},{"not_picked":["Double Energy","Turbo"],"picked":"Leap","floor":3},{"not_picked":["Skim","Rebound"],"picked":"Capacitor","floor":5},{"not_picked":["Beam Cell","Melter"],"picked":"Ball Lightning","floor":7},{"not_picked":["Self Repair","Tempest"],"picked":"Conserve Battery","floor":10},{"not_picked":["Beam Cell","Steam"],"picked":"FTL","floor":11},{"not_picked":["Redo","Reboot","Sweeping Beam"],"picked":"SKIP","floor":14},{"not_picked":["Reboot","Multi-Cast"],"picked":"Core Surge","floor":16},{"not_picked":["Compile Driver","Sweeping Beam"],"picked":"Gash","floor":18},{"not_picked":["Skim","Hologram"],"picked":"Rebound","floor":19},{"not_picked":["Recycle+1","Turbo"],"picked":"Undo","floor":20},{"not_picked":["Steam","Ball Lightning","Stack"],"picked":"SKIP","floor":22}],"player_experience":729454,"relics_obtained":[{"floor":9,"key":"Gremlin Horn"},{"floor":11,"key":"Shovel"},{"floor":13,"key":"Potion Belt"}],"event_choices":[{"damage_healed":0,"gold_gain":0,"player_choice":"Ignored","damage_taken":0,"max_hp_gain":0,"max_hp_loss":0,"event_name":"Golden Idol","floor":8,"gold_loss":0},{"damage_healed":0,"gold_gain":0,"player_choice":"Ignored","damage_taken":0,"max_hp_gain":0,"max_hp_loss":0,"event_name":"Cursed Tome","floor":21,"gold_loss":0}],"is_beta":false,"boss_relics":[{"not_picked":["Pandora\u0027s Box","Coffee Dripper"],"picked":"Runic Pyramid"}],"items_purged_floors":[],"is_endless":false,"potions_floor_spawned":[1,3,10,11,16,18,19,22],"killed_by":"Gremlin Leader","ascension_level":15}