{"gold_per_floor":[109,126,51,51,1,30,30,46,71,71,89,101,113,133,133,232,282,297,307,307,332,332,332,364,364,364,375,31,46,46],"floor_reached":30,"playtime":1397,"items_purged":["Strike_R","Strike_R"],"score":265,"play_id":"679b6979-3288-4ecf-b846-1ae12e6daff1","local_time":"20190428200620","is_ascension_mode":true,"campfire_choices":[{"data":"Bash","floor":7,"key":"SMITH"},{"floor":15,"key":"REST"},{"floor":23,"key":"REST"},{"floor":25,"key":"REST"}],"neow_cost":"NONE","seed_source_timestamp":1229862711139997,"circlet_count":0,"master_deck":["Strike_R","Strike_R","Defend_R+1","Defend_R","Defend_R","Bash+1","Warcry","Infernal Blade","Rampage","Warcry+1"],"relics":["Busted Crown","Lantern","Orichalcum","Tiny House","MutagenicStrength","Red Mask","Strawberry","Kunai","Shuriken"],"potions_floor_usage":[6,13,30],"damage_taken":[{"damage":6,"enemies":"Jaw Worm","floor":1,"turns":3},{"damage":0,"enemies":"2 Louse","floor":2,"turns":2},{"damage":10,"enemies":"Gremlin Nob","floor":6,"turns":3},{"damage":0,"enemies":"Small Slimes","floor":8,"turns":1},{"damage":0,"enemies":"Looter","floor":11,"turns":2},{"damage":0,"enemies":"Blue Slaver","floor":12,"turns":1},{"damage":5,"enemies":"Large Slime","floor":13,"turns":5},{"damage":8,"enemies":"Red Slaver","floor":14,"turns":3},{"damage":66,"enemies":"The Guardian","floor":16,"turns":9},{"damage":28,"enemies":"2 Thieves","floor":18,"turns":4},{"damage":4,"enemies":"Chosen","floor":19,"turns":3},{"damage":37,"enemies":"Masked Bandits","floor":21,"turns":6},{"damage":68,"enemies":"Gremlin Leader","floor":24,"turns":6},{"damage":20,"enemies":"Snake Plant","floor":27,"turns":4},{"damage":21,"enemies":"Snecko","floor":29,"turns":5},{"damage":9,"enemies":"Sentry and Sphere","floor":30,"turns":3}],"seed_played":"-4036110493929273474","potions_obtained":[{"floor":2,"key":"Fire Potion"},{"floor":8,"key":"GamblersBrew"},{"floor":11,"key":"LiquidBronze"},{"floor":14,"key":"GamblersBrew"},{"floor":17,"key":"FairyPotion"}],"is_trial":false,"path_per_floor":["M","M","$","?","?","E","R","M","T","?","M","M","M","M","R","B",null,"M","M","?","?","?","R","E","R","T","M","$","M","M"],"character_chosen":"IRONCLAD","items_purchased":["Shuriken"],"campfire_rested":3,"item_purchase_floors":[28],"current_hp_per_floor":[74,74,74,67,67,57,57,57,57,57,57,57,52,44,68,2,85,57,53,53,16,44,69,8,35,35,15,15,9,0],"gold":46,"neow_bonus":"BOSS_RELIC","is_prod":false,"is_daily":false,"chose_seed":false,"campfire_upgraded":1,"win_rate":0,"timestamp":1556496380,"path_taken":["M","M","$","?","?","E","R","M","T","?","M","M","M","M","R","BOSS","M","M","?","?","?","R","E","R","T","M","?","M","M"],"build_version":"2019-01-23","purchased_purges":2,"victory":false,"max_hp_per_floor":[80,80,80,80,80,80,80,80,80,80,80,80,80,80,80,80,85,85,85,85,85,85,85,92,92,92,92,92,92,92],"card_choices":[{"not_picked":[],"picked":"Warcry","floor":1},{"not_picked":[],"picked":"Infernal Blade","floor":2},{"not_picked":["Power Through"],"picked":"SKIP","floor":6},{"not_picked":["Havoc"],"picked":"SKIP","floor":8},{"not_picked":[],"picked":"Rampage","floor":11},{"not_picked":["Pommel Strike"],"picked":"SKIP","floor":12},{"not_picked":["Shrug It Off"],"picked":"SKIP","floor":13},{"not_picked":["Pommel Strike"],"picked":"SKIP","floor":14},{"not_picked":["Havoc"],"picked":"SKIP","floor":18},{"not_picked":[],"picked":"Warcry+1","floor":19},{"not_picked":["Pommel Strike+1"],"picked":"SKIP","floor":24},{"not_picked":["Dual Wield+1"],"picked":"SKIP","floor":27},{"not_picked":["Evolve"],"picked":"SKIP","floor":29}],"player_experience":157763,"relics_obtained":[{"floor":6,"key":"Lantern"},{"floor":9,"key":"Orichalcum"},{"floor":21,"key":"Red Mask"},{"floor":24,"key":"Strawberry"},{"floor":26,"key":"Kunai"}],"event_choices":[{"cards_removed":["Defend_R"],"damage_healed":0,"gold_gain":0,"player_choice":"Card Removal","damage_taken":7,"max_hp_gain":0,"max_hp_loss":0,"event_name":"Golden Wing","floor":4,"gold_loss":0},{"cards_removed":["Strike_R"],"damage_healed":0,"gold_gain":0,"player_choice":"Card Removal","damage_taken":0,"max_hp_gain":0,"max_hp_loss":0,"event_name":"The Cleric","floor":5,"gold_loss":50},{"damage_healed":0,"gold_gain":0,"player_choice":"Ignored","damage_taken":0,"max_hp_gain":0,"max_hp_loss":0,"event_name":"Liars Game","floor":10,"gold_loss":0},{"damage_healed":0,"gold_gain":0,"player_choice":"Inject Mutagens","damage_taken":0,"relics_obtained":["MutagenicStrength"],"max_hp_gain":0,"max_hp_loss":0,"event_name":"Drug Dealer","floor":20,"gold_loss":0},{"damage_healed":0,"gold_gain":0,"player_choice":"Fought Bandits","damage_taken":0,"max_hp_gain":0,"max_hp_loss":0,"event_name":"Masked Bandits","floor":21,"gold_loss":0},{"damage_healed":28,"gold_gain":0,"player_choice":"Heal","damage_taken":0,"max_hp_gain":0,"max_hp_loss":0,"event_name":"The Library","floor":22,"gold_loss":0}],"is_beta":false,"boss_relics":[{"not_picked":["Runic Pyramid","Mark of Pain"],"picked":"Tiny House"}],"items_purged_floors":[3,28],"is_endless":false,"potions_floor_spawned":[2,8,11,14,19,21],"killed_by":"Sentry and Sphere","ascension_level":1}