{"gold_per_floor":[113,113,113,113,130,163,163,177,225,225,250,250,280,11,11,107,107,118,148,148,33,47,82,82],"floor_reached":24,"playtime":794,"items_purged":["Shame"],"score":392,"play_id":"7c5a3d3b-3a5b-4910-aced-2e74156d7045","local_time":"20190227154002","is_ascension_mode":true,"campfire_choices":[{"data":"A Thousand Cuts","floor":10.0,"key":"SMITH"},{"data":"Riddle With Holes","floor":12.0,"key":"SMITH"},{"data":"Noxious Fumes","floor":15.0,"key":"SMITH"}],"neow_cost":"NONE","seed_source_timestamp":0,"circlet_count":0,"master_deck":["AscendersBane","Defend_G","Defend_G","Defend_G","Defend_G","Defend_G","Strike_G","Strike_G","Strike_G","Strike_G","Strike_G","Survivor","Neutralize+1","Quick Slash","Riddle With Holes+1","Endless Agony","Neutralize","Leg Sweep","A Thousand Cuts+1","PiercingWail","Well Laid Plans","Escape Plan","Noxious Fumes+1","PiercingWail","Corpse Explosion","Deflect","Catalyst+1","Escape Plan+1"],"special_seed":0,"relics":["Ring of the Snake","NeowsBlessing","Vajra","Question Card","Boot","Odd Mushroom","Regal Pillow","Membership Card","Coffee Dripper","Tiny Chest","Strawberry","Happy Flower"],"potions_floor_usage":[],"damage_taken":[{"damage":0.0,"enemies":"2 Louse","floor":1.0,"turns":1.0},{"damage":0.0,"enemies":"Small Slimes","floor":5.0,"turns":1.0},{"damage":0.0,"enemies":"Lagavulin","floor":6.0,"turns":1.0},{"damage":0.0,"enemies":"Cultist","floor":8.0,"turns":3.0},{"damage":7.0,"enemies":"The Mushroom Lair","floor":11.0,"turns":3.0},{"damage":14.0,"enemies":"3 Sentries","floor":13.0,"turns":6.0},{"damage":7.0,"enemies":"Hexaghost","floor":16.0,"turns":11.0},{"damage":13.0,"enemies":"2 Thieves","floor":18.0,"turns":2.0},{"damage":2.0,"enemies":"3 Byrds","floor":22.0,"turns":3.0},{"damage":54.0,"enemies":"Book of Stabbing","floor":23.0,"turns":6.0},{"damage":7,"enemies":"Shelled Parasite and Fungi","floor":24,"turns":2}],"seed_played":"-7890369767307509668","potions_obtained":[{"floor":1.0,"key":"FearPotion"},{"floor":5.0,"key":"FearPotion"},{"floor":18.0,"key":"Fire Potion"},{"floor":23.0,"key":"SteroidPotion"}],"is_trial":false,"path_per_floor":["M","?","?","?","M","E","?","M","T","R","?","R","E","$","R","B",null,"M","?","?","$","M","E","M"],"character_chosen":"THE_SILENT","items_purchased":["Membership Card","Noxious Fumes","PiercingWail","Strawberry"],"campfire_rested":0,"item_purchase_floors":[14,14,14,21],"current_hp_per_floor":[63,63,60,65,65,65,65,65,65,65,58,58,44,44,44,37,66,53,53,53,60,58,4,0],"gold":82,"neow_bonus":"THREE_ENEMY_KILL","is_prod":false,"is_daily":false,"chose_seed":false,"campfire_upgraded":3,"win_rate":0,"timestamp":1551300002,"path_taken":["M","?","?","?","M","E","?","?","T","R","?","R","E","?","R","BOSS","M","?","?","$","M","E","M"],"build_version":"2019-01-23","purchased_purges":1,"victory":false,"max_hp_per_floor":[70,70,70,75,75,75,75,75,75,75,75,75,75,75,75,75,75,75,75,75,82,82,82,82],"card_choices":[{"not_picked":["Outmaneuver","Deflect"],"picked":"Quick Slash","floor":1.0},{"not_picked":["Flechettes","Bane"],"picked":"Riddle With Holes","floor":5.0},{"not_picked":["Deadly Poison","Calculated Gamble"],"picked":"Endless Agony","floor":6.0},{"not_picked":["Bouncing Flask","Slice","Outmaneuver"],"picked":"PiercingWail","floor":8.0},{"not_picked":["Slice","Dodge and Roll","Underhanded Strike"],"picked":"Well Laid Plans","floor":11.0},{"not_picked":["Dagger Spray","Dagger Throw","Grand Finale"],"picked":"Escape Plan","floor":13.0},{"not_picked":["After Image","Phantasmal Killer","Wraith Form v2"],"picked":"Corpse Explosion","floor":16.0},{"not_picked":["Infinite Blades","PiercingWail","Dagger Throw"],"picked":"Deflect","floor":18.0},{"not_picked":["Deadly Poison","Outmaneuver","Finisher"],"picked":"Catalyst+1","floor":22.0},{"not_picked":["Dagger Throw","Night Terror","Blade Dance"],"picked":"Escape Plan+1","floor":23.0}],"player_experience":437941,"relics_obtained":[{"floor":6.0,"key":"Question Card"},{"floor":9.0,"key":"Boot"},{"floor":11.0,"key":"Odd Mushroom"},{"floor":13.0,"key":"Regal Pillow"},{"floor":23.0,"key":"Happy Flower"}],"event_choices":[{"damage_healed":0.0,"max_hp_gain":0.0,"max_hp_loss":0.0,"gold_gain":0.0,"event_name":"Living Wall","player_choice":"Grow","floor":2.0,"gold_loss":0.0,"damage_taken":0.0,"cards_upgraded":["Neutralize"]},{"damage_healed":0.0,"max_hp_gain":0.0,"max_hp_loss":0.0,"gold_gain":0.0,"event_name":"Scrap Ooze","player_choice":"Success","floor":3.0,"gold_loss":0.0,"damage_taken":3.0,"relics_obtained":["Vajra"]},{"damage_healed":0.0,"max_hp_gain":5.0,"max_hp_loss":0.0,"gold_gain":0.0,"event_name":"Big Fish","player_choice":"Donut","floor":4.0,"gold_loss":0.0,"damage_taken":0.0},{"damage_healed":0.0,"max_hp_gain":0.0,"max_hp_loss":0.0,"gold_gain":0.0,"event_name":"Match and Keep!","player_choice":"3 cards matched","floor":7.0,"gold_loss":0.0,"damage_taken":0.0,"cards_obtained":["Neutralize","Leg Sweep","A Thousand Cuts"]},{"damage_healed":0.0,"max_hp_gain":0.0,"max_hp_loss":0.0,"gold_gain":0.0,"event_name":"Mushrooms","player_choice":"Fought Mushrooms","floor":11.0,"gold_loss":0.0,"damage_taken":0.0},{"damage_healed":0.0,"max_hp_gain":0.0,"max_hp_loss":0.0,"gold_gain":0.0,"event_name":"Addict","player_choice":"Stole Relic","floor":19.0,"gold_loss":0.0,"damage_taken":0.0,"relics_obtained":["Tiny Chest"],"cards_obtained":["Shame"]},{"damage_healed":0.0,"max_hp_gain":0.0,"max_hp_loss":0.0,"gold_gain":0.0,"event_name":"The Mausoleum","player_choice":"Ignored","floor":20.0,"gold_loss":0.0,"damage_taken":0.0}],"is_beta":false,"boss_relics":[{"not_picked":["Snecko Eye","Pandora\u0027s Box"],"picked":"Coffee Dripper"}],"items_purged_floors":[21],"is_endless":false,"potions_floor_spawned":[1,5,11,13,18,23],"killed_by":"Shelled Parasite and Fungi","ascension_level":12}