{"gold_per_floor":[112,126,138,138,138,138,14,14,14,46,66,66,98,10,10,109,109,127,137,60,70,170,170,170,201,274,300,300,300,300,319,319,421,421,435,446,142,155,255,255],"floor_reached":40,"playtime":3197,"items_purged":["Strike_R","Defend_R","Defend_R"],"score":479,"play_id":"40cc9843-0c1d-4f01-88b6-f22e352bf650","local_time":"20190427040224","is_ascension_mode":true,"campfire_choices":[{"data":"Intimidate","floor":6,"key":"SMITH"},{"data":"Dual Wield","floor":8,"key":"SMITH"},{"data":"Sword Boomerang","floor":15,"key":"SMITH"},{"data":"Inflame","floor":23,"key":"SMITH"},{"data":"Inflame","floor":24,"key":"SMITH"},{"data":"Clash","floor":28,"key":"SMITH"},{"data":"Iron Wave","floor":29,"key":"SMITH"},{"data":"Cleave","floor":32,"key":"SMITH"}],"neow_cost":"NONE","seed_source_timestamp":1083836959910543,"circlet_count":0,"master_deck":["Strike_R","Strike_R","Defend_R","Bash","Dramatic Entrance","Dual Wield+1","Sword Boomerang+1","Intimidate+1","Thunderclap","Thunderclap","Clash+1","Flex","Immolate","Uppercut","Inflame+1","Inflame+1","Cleave+1","Heavy Blade+1","Flex","Iron Wave+1","Whirlwind","Cleave+1","Reaper","Warcry+1","Cleave+1","Inflame","Bandage Up+1","Warcry+1"],"relics":["Burning Blood","FaceOfCleric","WingedGreaves","Pen Nib","MawBank","Eternal Feather","Dead Branch","Gremlin Horn","Meat on the Bone","Self Forming Clay","Toxic Egg 2","Black Star"],"potions_floor_usage":[16,16,16,16,16,22,36,36,40],"damage_taken":[{"damage":0,"enemies":"Small Slimes","floor":1,"turns":2},{"damage":11,"enemies":"Jaw Worm","floor":2,"turns":2},{"damage":1,"enemies":"Cultist","floor":3,"turns":3},{"damage":39,"enemies":"3 Sentries","floor":10,"turns":6},{"damage":9,"enemies":"Blue Slaver","floor":11,"turns":3},{"damage":2,"enemies":"Gremlin Nob","floor":13,"turns":3},{"damage":42,"enemies":"Hexaghost","floor":16,"turns":8},{"damage":10,"enemies":"Shell Parasite","floor":18,"turns":2},{"damage":5,"enemies":"Spheric Guardian","floor":19,"turns":3},{"damage":10,"enemies":"Cultist and Chosen","floor":21,"turns":3},{"damage":9,"enemies":"Colosseum Slavers","floor":22,"turns":3},{"damage":29,"enemies":"Colosseum Nobs","floor":22,"turns":4},{"damage":27,"enemies":"Slavers","floor":25,"turns":2},{"damage":12,"enemies":"Gremlin Leader","floor":27,"turns":2},{"damage":16,"enemies":"Snecko","floor":31,"turns":4},{"damage":34,"enemies":"Automaton","floor":33,"turns":6},{"damage":12,"enemies":"3 Shapes","floor":35,"turns":1},{"damage":0,"enemies":"3 Darklings","floor":36,"turns":1},{"damage":0,"enemies":"4 Shapes","floor":38,"turns":1},{"damage":109,"enemies":"Giant Head","floor":40,"turns":8}],"seed_played":"262571749657248096","potions_obtained":[{"floor":3,"key":"Ancient Potion"},{"floor":10,"key":"Strength Potion"},{"floor":11,"key":"EntropicBrew"},{"floor":16,"key":"SneckoOil"},{"floor":19,"key":"Poison Potion"},{"floor":21,"key":"GamblersBrew"},{"floor":22,"key":"SpeedPotion"},{"floor":33,"key":"Energy Potion"}],"is_trial":false,"path_per_floor":["M","M","M","?","?","R","$","R","T","E","M","?","E","$","R","B",null,"M","M","$","M","?","R","R","E","T","E","R","R","?","M","R","B",null,"M","M","$","M","?","E"],"character_chosen":"IRONCLAD","items_purchased":["Thunderclap","Inflame","Inflame","Bandage Up+1"],"campfire_rested":0,"item_purchase_floors":[7,20,37,37],"current_hp_per_floor":[80,75,80,73,73,73,73,73,73,41,39,39,44,44,44,17,84,81,83,83,80,56,68,80,60,60,55,67,79,79,70,82,55,93,88,95,95,96,96,0],"gold":255,"neow_bonus":"RANDOM_COLORLESS","is_prod":false,"is_daily":false,"chose_seed":false,"campfire_upgraded":8,"win_rate":0,"timestamp":1556352144,"path_taken":["M","M","M","?","?","R","$","R","T","E","?","?","E","?","R","BOSS","M","?","$","M","?","R","R","E","T","E","R","R","?","M","R","BOSS","M","M","$","?","?","E"],"build_version":"2019-01-23","purchased_purges":3,"victory":false,"max_hp_per_floor":[80,80,80,80,80,80,80,80,80,81,82,82,83,83,83,84,84,85,86,86,87,89,89,89,90,90,91,91,91,91,92,92,93,93,94,95,95,96,96,96],"card_choices":[{"not_picked":["Cleave","Heavy Blade"],"picked":"Dual Wield","floor":1},{"not_picked":["True Grit","Hemokinesis"],"picked":"Sword Boomerang","floor":2},{"not_picked":["Warcry","Flex"],"picked":"Intimidate","floor":3},{"not_picked":["Clash","Perfected Strike"],"picked":"Thunderclap","floor":10},{"not_picked":["Searing Blow","True Grit"],"picked":"Clash","floor":11},{"not_picked":["Dual Wield","Clothesline"],"picked":"Flex","floor":13},{"not_picked":["Exhume","Juggernaut"],"picked":"Immolate","floor":16},{"not_picked":["Hemokinesis","Pommel Strike"],"picked":"Uppercut","floor":18},{"not_picked":["Havoc","Sword Boomerang"],"picked":"Inflame","floor":19},{"not_picked":["Pommel Strike","Sever Soul"],"picked":"Cleave","floor":21},{"not_picked":["Evolve","Second Wind+1"],"picked":"Heavy Blade+1","floor":22},{"not_picked":["Clash","Carnage"],"picked":"Flex","floor":25},{"not_picked":["Barricade","Carnage"],"picked":"Iron Wave","floor":27},{"not_picked":["Spot Weakness+1","Pommel Strike+1"],"picked":"Cleave+1","floor":31},{"not_picked":["Juggernaut","Immolate"],"picked":"Reaper","floor":33},{"not_picked":["Headbutt+1","Havoc+1"],"picked":"Warcry+1","floor":35},{"not_picked":["Flex+1","Armaments+1"],"picked":"Cleave+1","floor":36},{"not_picked":["Ghostly Armor+1","Juggernaut"],"picked":"Warcry+1","floor":38}],"player_experience":118368,"relics_obtained":[{"floor":9,"key":"WingedGreaves"},{"floor":10,"key":"Pen Nib"},{"floor":13,"key":"MawBank"},{"floor":22,"key":"Dead Branch"},{"floor":22,"key":"Gremlin Horn"},{"floor":25,"key":"Meat on the Bone"},{"floor":26,"key":"Self Forming Clay"},{"floor":27,"key":"Toxic Egg 2"}],"event_choices":[{"cards_removed":["Strike_R"],"damage_healed":0,"gold_gain":0,"player_choice":"Card Removal","damage_taken":7,"max_hp_gain":0,"max_hp_loss":0,"event_name":"Golden Wing","floor":4,"gold_loss":0},{"damage_healed":0,"gold_gain":0,"player_choice":"Trade","damage_taken":0,"relics_obtained":["FaceOfCleric"],"max_hp_gain":0,"max_hp_loss":0,"event_name":"FaceTrader","floor":5,"gold_loss":0},{"cards_removed":["Defend_R"],"damage_healed":0,"gold_gain":0,"player_choice":"Forget","damage_taken":0,"max_hp_gain":0,"max_hp_loss":0,"event_name":"Living Wall","floor":12,"gold_loss":0},{"damage_healed":0,"gold_gain":0,"player_choice":"Fight","damage_taken":0,"max_hp_gain":0,"max_hp_loss":0,"event_name":"Colosseum","floor":22,"gold_loss":0},{"damage_healed":0,"gold_gain":0,"player_choice":"Fought Nobs","damage_taken":0,"max_hp_gain":0,"max_hp_loss":0,"event_name":"Colosseum","floor":22,"gold_loss":0},{"damage_healed":0,"gold_gain":0,"cards_transformed":["Strike_R"],"player_choice":"Transformed","damage_taken":0,"max_hp_gain":0,"max_hp_loss":0,"event_name":"Transmorgrifier","floor":30,"gold_loss":0,"cards_obtained":["Whirlwind"]},{"damage_healed":0,"gold_gain":100,"player_choice":"Pray","damage_taken":0,"max_hp_gain":0,"max_hp_loss":0,"event_name":"Golden Shrine","floor":39,"gold_loss":0}],"is_beta":false,"boss_relics":[{"not_picked":["White Beast Statue","Busted Crown"],"picked":"Eternal Feather"},{"not_picked":["Black Blood","Astrolabe"],"picked":"Black Star"}],"items_purged_floors":[7,14,37],"is_endless":false,"potions_floor_spawned":[3,10,11,16,19,21,22,22,33,35],"killed_by":"Giant Head","ascension_level":1}