{"gold_per_floor":[117,128,78,78,92,127,141,141,141,1,17,41,41,41,41,162,162,183,31,31,55,75,75,0,0,25,40,54,54,67,105,105,229,229,243,39,261,276,276,311,53,73,373,373,51,65,80,80,80,80],"floor_reached":51,"playtime":7594,"items_purged":["Defend_B","Writhe"],"score":656,"play_id":"ee3ba568-299c-4b43-ae6b-5b2960c200a7","local_time":"20190105181609","is_ascension_mode":false,"campfire_choices":[{"floor":8,"key":"REST"},{"floor":13,"key":"REST"},{"floor":15,"key":"REST"},{"floor":23,"key":"REST"},{"data":"Redo","floor":25,"key":"SMITH"},{"floor":32,"key":"REST"},{"data":"Storm","floor":44,"key":"SMITH"},{"floor":49,"key":"REST"}],"neow_cost":"NONE","seed_source_timestamp":254960750282918,"circlet_count":0,"master_deck":["Defend_B","Defend_B","Defend_B","Zap","Dualcast","Redo","Doom and Gloom","Redo+1","White Noise+1","Rainbow+1","Ball Lightning","Storm+1","Coolheaded+1","Consume+1","White Noise+1","Seek+1","Fusion+1","Static Discharge+1","Blizzard+1","Conserve Battery+1","Coolheaded+1","Fusion+1","Stack+1","Reinforced Body+1","Lockon+1","Consume+1","Electrodynamics","Conserve Battery+1","Static Discharge","Reprogram+1","Conserve Battery+1","Multi-Cast+1","Tempest+1","Consume+1"],"relics":["Cracked Core","NeowsBlessing","Golden Idol","Toxic Egg 2","Mummified Hand","Astrolabe","WarpedTongs","PreservedInsect","Ornamental Fan","Red Mask","Inserter","Regal Pillow","Old Coin","Bottled Tornado"],"potions_floor_usage":[11,14,21,33,33,50,50],"damage_taken":[{"damage":0,"enemies":"Cultist","floor":1,"turns":1},{"damage":0,"enemies":"2 Louse","floor":2,"turns":1},{"damage":0,"enemies":"Jaw Worm","floor":5,"turns":1},{"damage":41,"enemies":"Lagavulin","floor":6,"turns":7},{"damage":7,"enemies":"Looter","floor":7,"turns":4},{"damage":0,"enemies":"Lots of Slimes","floor":11,"turns":1},{"damage":5,"enemies":"Exordium Wildlife","floor":12,"turns":4},{"damage":0,"enemies":"Blue Slaver","floor":14,"turns":1},{"damage":25,"enemies":"Slime Boss","floor":16,"turns":5},{"damage":3,"enemies":"3 Byrds","floor":18,"turns":2},{"damage":22,"enemies":"2 Thieves","floor":21,"turns":3},{"damage":16,"enemies":"Sentry and Sphere","floor":22,"turns":4},{"damage":2,"enemies":"Snecko","floor":27,"turns":4},{"damage":5,"enemies":"Centurion and Healer","floor":28,"turns":3},{"damage":7,"enemies":"3 Cultists","floor":30,"turns":5},{"damage":12,"enemies":"Masked Bandits","floor":31,"turns":4},{"damage":39,"enemies":"Collector","floor":33,"turns":9},{"damage":7,"enemies":"3 Darklings","floor":35,"turns":5},{"damage":0,"enemies":"Orb Walker","floor":38,"turns":4},{"damage":11,"enemies":"Giant Head","floor":40,"turns":6},{"damage":0,"enemies":"Sphere and 2 Shapes","floor":42,"turns":1},{"damage":0,"enemies":"Jaw Worm Horde","floor":46,"turns":2},{"damage":0,"enemies":"4 Shapes","floor":47,"turns":1},{"damage":51,"enemies":"Awakened One","floor":50,"turns":10}],"seed_played":"1860091289670482821","potions_obtained":[{"floor":7,"key":"LiquidBronze"},{"floor":11,"key":"LiquidBronze"},{"floor":12,"key":"SmokeBomb"},{"floor":27,"key":"FearPotion"},{"floor":30,"key":"Poison Potion"},{"floor":33,"key":"Ancient Potion"},{"floor":40,"key":"FocusPotion"},{"floor":46,"key":"Ancient Potion"},{"floor":47,"key":"Explosive Potion"}],"is_trial":false,"path_per_floor":["M","M","?","?","M","E","M","R","T","$","M","M","R","M","R","B",null,"M","$","?","M","M","R","?","R","T","M","M","T","M","?","R","B",null,"M","$","?","M","?","E","$","M","T","R","$","M","M","?","R","B",null],"character_chosen":"DEFECT","items_purchased":["Ball Lightning","Storm","Coolheaded+1","Conserve Battery+1","Coolheaded+1","Static Discharge","Reprogram+1","Conserve Battery+1","Multi-Cast+1","Consume+1","Bottled Tornado"],"campfire_rested":6,"item_purchase_floors":[10,10,10,19,19,36,36,36,41,45,45],"current_hp_per_floor":[75,75,75,57,57,16,9,31,31,31,31,26,48,48,70,45,75,72,72,72,50,34,56,56,56,56,54,49,49,42,30,52,13,75,68,68,68,68,75,64,64,64,64,64,64,64,64,64,75,24],"gold":80,"neow_bonus":"THREE_ENEMY_KILL","is_prod":false,"is_daily":false,"chose_seed":false,"campfire_upgraded":2,"win_rate":0.0,"timestamp":1546704969,"path_taken":["M","?","?","?","M","E","M","R","T","$","M","M","R","M","R","BOSS","M","$","?","M","?","R","?","R","T","M","M","?","?","?","R","BOSS","M","$","?","M","?","E","$","M","T","R","?","M","?","?","R","BOSS"],"build_version":"2019-01-03v4","purchased_purges":2,"victory":true,"max_hp_per_floor":[75,75,75,75,75,75,75,75,75,75,75,75,75,75,75,75,75,75,75,75,75,75,75,75,75,75,75,75,75,75,75,75,75,75,75,75,75,75,75,75,75,75,75,75,75,75,75,75,75,75],"card_choices":[{"not_picked":["Go for the Eyes","Force Field"],"picked":"Redo","floor":1},{"not_picked":["Hologram","Steam"],"picked":"Doom and Gloom","floor":2},{"not_picked":["Hologram","BootSequence"],"picked":"Redo","floor":5},{"not_picked":["Sweeping Beam","Hologram"],"picked":"White Noise","floor":6},{"not_picked":["Consume+1","Tempest+1"],"picked":"Rainbow+1","floor":7},{"not_picked":["Streamline","Lockon"],"picked":"Consume+1","floor":11},{"not_picked":["Steam Power+1","Chaos+1"],"picked":"White Noise+1","floor":12},{"not_picked":["Creative AI","All For One"],"picked":"Seek+1","floor":16},{"not_picked":["Rip and Tear","Streamline","Steam+1"],"picked":"SKIP","floor":18},{"not_picked":["Ball Lightning","Streamline"],"picked":"Fusion+1","floor":21},{"not_picked":["Compile Driver","Streamline"],"picked":"Stack+1","floor":22},{"not_picked":["Chill+1","Static Discharge"],"picked":"Reinforced Body+1","floor":27},{"not_picked":["Ball Lightning+1","Gash+1","Hologram+1"],"picked":"SKIP","floor":28},{"not_picked":["Hello World+1","Gash+1"],"picked":"Lockon+1","floor":30},{"not_picked":["Beam Cell","Leap+1"],"picked":"Consume+1","floor":31},{"not_picked":["Seek+1","Biased Cognition"],"picked":"Electrodynamics","floor":33},{"not_picked":["Darkness+1","Hologram+1"],"picked":"Conserve Battery+1","floor":35},{"not_picked":["Leap+1","Hologram+1","Aggregate+1"],"picked":"SKIP","floor":38},{"not_picked":["Darkness+1","Steam+1","Leap+1"],"picked":"SKIP","floor":40},{"not_picked":["Cold Snap","Coolheaded+1"],"picked":"Tempest+1","floor":42},{"not_picked":["Steam+1","Barrage+1","Capacitor+1"],"picked":"SKIP","floor":46},{"not_picked":["Cold Snap+1","Barrage+1","Hologram+1"],"picked":"SKIP","floor":47}],"player_experience":73383,"relics_obtained":[{"floor":6,"key":"Toxic Egg 2"},{"floor":9,"key":"Mummified Hand"},{"floor":26,"key":"PreservedInsect"},{"floor":29,"key":"Ornamental Fan"},{"floor":31,"key":"Red Mask"},{"floor":40,"key":"Regal Pillow"},{"floor":43,"key":"Old Coin"}],"event_choices":[{"cards_removed":["Strike_B"],"damage_healed":0,"gold_gain":0,"player_choice":"Card Removal","damage_taken":0,"max_hp_gain":0,"max_hp_loss":0,"event_name":"The Cleric","floor":3,"gold_loss":50},{"damage_healed":0,"gold_gain":0,"player_choice":"Take Damage","damage_taken":18,"relics_obtained":["Golden Idol"],"max_hp_gain":0,"max_hp_loss":0,"event_name":"Golden Idol","floor":4,"gold_loss":0},{"damage_healed":0,"gold_gain":0,"player_choice":"Rummage","damage_taken":0,"relics_obtained":["WarpedTongs"],"max_hp_gain":0,"max_hp_loss":0,"event_name":"Accursed Blacksmith","floor":20,"gold_loss":0,"cards_obtained":["Pain"]},{"cards_removed":["Pain"],"damage_healed":0,"gold_gain":0,"player_choice":"Gave Gold","damage_taken":0,"max_hp_gain":0,"max_hp_loss":0,"event_name":"Beggar","floor":24,"gold_loss":75},{"damage_healed":0,"gold_gain":0,"player_choice":"Fought Bandits","damage_taken":0,"max_hp_gain":0,"max_hp_loss":0,"event_name":"Masked Bandits","floor":31,"gold_loss":0},{"damage_healed":0,"gold_gain":222,"player_choice":"Wore Mask","damage_taken":0,"max_hp_gain":0,"max_hp_loss":0,"event_name":"Tomb of Lord Red Mask","floor":37,"gold_loss":0},{"damage_healed":19,"gold_gain":0,"player_choice":"Writhe","damage_taken":0,"max_hp_gain":0,"max_hp_loss":0,"event_name":"Winding Halls","floor":39,"gold_loss":0,"cards_obtained":["Writhe"]},{"damage_healed":0,"gold_gain":0,"player_choice":"Ignored","damage_taken":0,"max_hp_gain":0,"max_hp_loss":0,"event_name":"The Moai Head","floor":48,"gold_loss":0}],"is_beta":false,"boss_relics":[{"not_picked":["Calling Bell","FrozenCore"],"picked":"Astrolabe"},{"not_picked":["Black Star","Orrery"],"picked":"Inserter"}],"items_purged_floors":[19,41],"is_endless":false,"potions_floor_spawned":[7,11,12,14,27,30,33,40,46,47],"ascension_level":0}