{"gold_per_floor":[112,123,42,42,54,81,81,95,95,95,105,105,131,149,149,221,221,241,241,255,255,32,32,32,32,32,32,50,66,86,185,185,262,262,281,292,308,11,11,11,11,11,93,108,120,120,130,144,144,144],"floor_reached":51,"playtime":4061,"items_purged":["Hyperbeam","Strike_B"],"score":1039,"play_id":"fb6ed3b1-4782-427c-8e93-f9745af121b7","local_time":"20190303004054","is_ascension_mode":true,"campfire_choices":[{"floor":7.0,"key":"REST"},{"data":"Static Discharge","floor":10.0,"key":"SMITH"},{"floor":15.0,"key":"REST"},{"floor":23.0,"key":"REST"},{"data":"Buffer","floor":25.0,"key":"SMITH"},{"data":"Defragment","floor":32.0,"key":"SMITH"},{"floor":40,"key":"REST"},{"data":"Capacitor","floor":42,"key":"SMITH"},{"data":"Heatsinks","floor":46,"key":"SMITH"},{"data":"Echo Form","floor":49,"key":"SMITH"}],"neow_cost":"NONE","seed_source_timestamp":80244869164018,"circlet_count":0,"master_deck":["AscendersBane","Strike_B","Defend_B","Defend_B","Defend_B","Defend_B","Zap","Dualcast","Go for the Eyes","Go for the Eyes","Echo Form+1","Static Discharge+1","BootSequence","Leap","Defragment+1","Heatsinks+1","Buffer+1","Leap","Creative AI+1","Storm","Glacier","Capacitor+1","Leap"],"special_seed":0,"relics":["Eternal Feather","Bag of Preparation","Cables","Gambling Chip","Busted Crown","Pen Nib","Omamori","Oddly Smooth Stone","Symbiotic Virus"],"potions_floor_usage":[44,48,50],"damage_taken":[{"damage":3.0,"enemies":"2 Louse","floor":1.0,"turns":5.0},{"damage":0.0,"enemies":"Cultist","floor":2.0,"turns":4.0},{"damage":0.0,"enemies":"Small Slimes","floor":5.0,"turns":3.0},{"damage":27.0,"enemies":"3 Sentries","floor":6.0,"turns":7.0},{"damage":9.0,"enemies":"Blue Slaver","floor":8.0,"turns":5.0},{"damage":4.0,"enemies":"Exordium Wildlife","floor":11.0,"turns":3.0},{"damage":25.0,"enemies":"Gremlin Nob","floor":13.0,"turns":4.0},{"damage":5.0,"enemies":"2 Fungi Beasts","floor":14.0,"turns":3.0},{"damage":10.0,"enemies":"The Guardian","floor":16.0,"turns":11.0},{"damage":8.0,"enemies":"3 Byrds","floor":18.0,"turns":3.0},{"damage":38.0,"enemies":"2 Thieves","floor":20.0,"turns":4.0},{"damage":2.0,"enemies":"Chosen and Byrds","floor":28.0,"turns":6.0},{"damage":9.0,"enemies":"Snake Plant","floor":29.0,"turns":6.0},{"damage":0.0,"enemies":"Centurion and Healer","floor":30.0,"turns":7.0},{"damage":32.0,"enemies":"Automaton","floor":33.0,"turns":11.0},{"damage":9,"enemies":"3 Darklings","floor":35,"turns":8},{"damage":26,"enemies":"3 Shapes","floor":36,"turns":3},{"damage":0,"enemies":"Spire Growth","floor":37,"turns":10},{"damage":0,"enemies":"Writhing Mass","floor":44,"turns":5},{"damage":10,"enemies":"4 Shapes","floor":45,"turns":5},{"damage":16,"enemies":"Sphere and 2 Shapes","floor":47,"turns":3},{"damage":0,"enemies":"Maw","floor":48,"turns":5},{"damage":51,"enemies":"Time Eater","floor":50,"turns":12}],"seed_played":"6187711320130781907","potions_obtained":[{"floor":1.0,"key":"SkillPotion"},{"floor":5.0,"key":"Energy Potion"},{"floor":11.0,"key":"PowerPotion"},{"floor":13.0,"key":"LiquidBronze"},{"floor":18.0,"key":"Dexterity Potion"},{"floor":30.0,"key":"Swift Potion"},{"floor":36,"key":"SkillPotion"},{"floor":47,"key":"Fruit Juice"}],"is_trial":false,"path_per_floor":["M","M","$","?","M","E","R","M","T","R","M","?","E","M","R","B",null,"M","?","M","?","$","R","$","R","T","T","M","M","M","?","R","B",null,"M","M","M","$","?","R","$","R","T","M","M","R","M","M","R","B",null],"character_chosen":"DEFECT","items_purchased":["Echo Form","Glacier","Capacitor","Oddly Smooth Stone","Leap"],"campfire_rested":4,"item_purchase_floors":[3,22,22,38,38],"current_hp_per_floor":[61,61,61,66,66,39,70,61,61,70,66,66,41,36,70,60,72,64,64,26,26,26,60,60,72,72,72,70,61,61,61,73,41,67,58,32,32,32,32,66,66,76,76,76,66,76,60,65,77,26],"gold":144,"neow_bonus":"BOSS_RELIC","is_prod":false,"is_daily":false,"chose_seed":false,"campfire_upgraded":6,"win_rate":0,"timestamp":1551566454,"path_taken":["M","M","$","?","M","E","R","M","T","R","M","?","E","?","R","BOSS","M","?","M","?","$","R","$","R","T","?","M","M","?","?","R","BOSS","M","M","M","$","?","R","$","R","T","M","M","R","M","M","R","BOSS"],"build_version":"2019-01-23","purchased_purges":2,"victory":true,"max_hp_per_floor":[71,71,71,76,76,76,76,76,76,76,76,76,76,76,76,76,76,76,76,76,76,76,76,76,76,76,76,76,76,76,76,76,76,76,76,76,76,76,76,76,76,76,76,76,76,76,76,81,81,81],"card_choices":[{"not_picked":["BootSequence","Double Energy"],"picked":"Go for the Eyes","floor":1.0},{"not_picked":["Stack","Steam Power"],"picked":"Go for the Eyes","floor":2.0},{"not_picked":["Beam Cell","Scrape"],"picked":"Static Discharge","floor":5.0},{"not_picked":["Sunder","Compile Driver"],"picked":"BootSequence","floor":6.0},{"not_picked":["Aggregate","Compile Driver"],"picked":"Leap","floor":8.0},{"not_picked":["Darkness","Stack"],"picked":"Defragment","floor":11.0},{"not_picked":["Loop","Ball Lightning"],"picked":"Buffer","floor":13.0},{"not_picked":["Gash","Doom and Gloom"],"picked":"Leap","floor":14.0},{"not_picked":["Buffer","All For One"],"picked":"Creative AI","floor":16.0},{"not_picked":["Stack"],"picked":"SKIP","floor":18.0},{"not_picked":["Genetic Algorithm"],"picked":"SKIP","floor":20.0},{"not_picked":["Cold Snap"],"picked":"SKIP","floor":28.0},{"not_picked":["Go for the Eyes"],"picked":"SKIP","floor":29.0},{"not_picked":["Coolheaded"],"picked":"SKIP","floor":30.0},{"not_picked":["Compile Driver+1"],"picked":"SKIP","floor":35},{"not_picked":["Redo+1"],"picked":"SKIP","floor":36},{"not_picked":["Leap"],"picked":"SKIP","floor":37},{"not_picked":["Steam Power"],"picked":"SKIP","floor":44},{"not_picked":["Cold Snap"],"picked":"SKIP","floor":45},{"not_picked":["Redo"],"picked":"SKIP","floor":47},{"not_picked":["Multi-Cast"],"picked":"SKIP","floor":48}],"player_experience":717765,"relics_obtained":[{"floor":6.0,"key":"Bag of Preparation"},{"floor":9.0,"key":"Cables"},{"floor":13.0,"key":"Gambling Chip"},{"floor":26.0,"key":"Pen Nib"},{"floor":27.0,"key":"Omamori"},{"floor":43,"key":"Symbiotic Virus"}],"event_choices":[{"damage_healed":0.0,"max_hp_gain":5.0,"max_hp_loss":0.0,"gold_gain":0.0,"event_name":"Big Fish","player_choice":"Donut","floor":4.0,"gold_loss":0.0,"damage_taken":0.0},{"damage_healed":0.0,"max_hp_gain":0.0,"max_hp_loss":0.0,"gold_gain":0.0,"event_name":"Match and Keep!","player_choice":"1 cards matched","floor":12.0,"gold_loss":0.0,"damage_taken":0.0,"cards_obtained":["Heatsinks"]},{"damage_healed":0.0,"max_hp_gain":0.0,"max_hp_loss":0.0,"gold_gain":0.0,"event_name":"The Mausoleum","player_choice":"Ignored","floor":19.0,"gold_loss":0.0,"damage_taken":0.0},{"damage_healed":0.0,"max_hp_gain":0.0,"max_hp_loss":0.0,"gold_gain":0.0,"cards_transformed":["Strike_B","Strike_B"],"event_name":"Drug Dealer","player_choice":"Became Test Subject","floor":21.0,"gold_loss":0.0,"damage_taken":0.0,"cards_obtained":["Hyperbeam","Storm"]},{"damage_healed":0.0,"max_hp_gain":0.0,"max_hp_loss":0.0,"gold_gain":99.0,"event_name":"Nest","player_choice":"Stole From Cult","floor":31.0,"gold_loss":0.0,"damage_taken":0.0},{"damage_healed":0,"gold_gain":0,"player_choice":"Upgraded","damage_taken":0,"max_hp_gain":0,"max_hp_loss":0,"event_name":"Upgrade Shrine","floor":39,"gold_loss":0,"cards_upgraded":["Creative AI"]}],"is_beta":false,"boss_relics":[{"not_picked":["White Beast Statue","Orrery"],"picked":"Busted Crown"},{"not_picked":["Snecko Eye","Runic Dome","Coffee Dripper"]}],"items_purged_floors":[22,38],"is_endless":false,"potions_floor_spawned":[1,5,11,13,18,30,36,47],"ascension_level":14}