{"gold_per_floor":[110,60,60,76,87,87,120,132,132,159,176,176,188,198,198,294,294,312,312,54,74,174,174,194,214,214,240,165,165,223,240,240,341,341,353,353,366,416,433,433,445,445,445,478,494,504,535,545,545,545],"floor_reached":51,"playtime":4065,"items_purged":["Slice"],"score":813,"play_id":"4f74d7f6-9af6-40c9-b5fa-0f6f20bd33ea","local_time":"20190519011638","is_ascension_mode":false,"campfire_choices":[{"data":"Neutralize","floor":6,"key":"SMITH"},{"data":"Finisher","floor":15,"key":"SMITH"},{"data":"Flechettes","floor":23,"key":"SMITH"},{"data":"Crippling Poison","floor":29,"key":"SMITH"},{"data":"Footwork","floor":32,"key":"SMITH"},{"data":"Doppelganger","floor":40,"key":"SMITH"},{"floor":49,"key":"DIG"}],"neow_cost":"NONE","seed_source_timestamp":158765354867800,"circlet_count":0,"master_deck":["Defend_G","Defend_G","Defend_G","Defend_G","Defend_G","Strike_G","Strike_G+1","Strike_G","Strike_G","Survivor","Neutralize+1","Riddle With Holes","Predator","Finisher+1","Dash+1","Crippling Poison+1","Backflip","Outmaneuver","Venomology","Blur","Flechettes+1","Crippling Poison+1","Footwork+1","Dagger Spray","Sucker Punch+1","Quick Slash","PiercingWail","Terror","Bullet Time","Backflip","Flying Knee+1","Finisher+1","Doppelganger+1","Predator+1","Terror","Outmaneuver+1","Outmaneuver","Acrobatics","Dash+1"],"relics":["Ring of the Snake","Potion Belt","Omamori","Darkstone Periapt","Shovel","Snecko Eye","MutagenicStrength","Bag of Marbles","Tough Bandages","Sundial","Whetstone","Letter Opener","Tiny Chest","Velvet Choker","Nunchaku","Pear","Happy Flower","Lantern","Orichalcum"],"potions_floor_usage":[7,10,16,16,22,24,30,31,33,33,37,38,39,41,44,45,48,50,50,50,50],"damage_taken":[{"damage":5,"enemies":"Small Slimes","floor":1,"turns":6},{"damage":0,"enemies":"Jaw Worm","floor":4,"turns":3},{"damage":2,"enemies":"2 Louse","floor":5,"turns":3},{"damage":30,"enemies":"Lagavulin","floor":7,"turns":8},{"damage":0,"enemies":"Large Slime","floor":8,"turns":7},{"damage":6,"enemies":"Gremlin Nob","floor":10,"turns":3},{"damage":0,"enemies":"Looter","floor":11,"turns":3},{"damage":0,"enemies":"Blue Slaver","floor":13,"turns":4},{"damage":0,"enemies":"Lots of Slimes","floor":14,"turns":6},{"damage":19,"enemies":"Hexaghost","floor":16,"turns":11},{"damage":5,"enemies":"Chosen","floor":18,"turns":5},{"damage":0,"enemies":"2 Thieves","floor":21,"turns":3},{"damage":0,"enemies":"Colosseum Slavers","floor":22,"turns":2},{"damage":0,"enemies":"Colosseum Nobs","floor":22,"turns":1},{"damage":1,"enemies":"Chosen and Byrds","floor":24,"turns":3},{"damage":0,"enemies":"Centurion and Healer","floor":25,"turns":3},{"damage":0,"enemies":"Gremlin Leader","floor":27,"turns":2},{"damage":5,"enemies":"Slavers","floor":30,"turns":2},{"damage":0,"enemies":"Snake Plant","floor":31,"turns":4},{"damage":29,"enemies":"Collector","floor":33,"turns":8},{"damage":0,"enemies":"3 Darklings","floor":35,"turns":5},{"damage":0,"enemies":"3 Shapes","floor":37,"turns":4},{"damage":0,"enemies":"2 Orb Walkers","floor":38,"turns":4},{"damage":3,"enemies":"3 Darklings","floor":39,"turns":4},{"damage":2,"enemies":"4 Shapes","floor":41,"turns":5},{"damage":1,"enemies":"Giant Head","floor":44,"turns":6},{"damage":3,"enemies":"Writhing Mass","floor":45,"turns":5},{"damage":0,"enemies":"Spire Growth","floor":46,"turns":2},{"damage":0,"enemies":"Nemesis","floor":47,"turns":3},{"damage":0,"enemies":"Jaw Worm Horde","floor":48,"turns":3},{"damage":20,"enemies":"Awakened One","floor":50,"turns":15}],"seed_played":"-2980572586889846378","potions_obtained":[{"floor":1,"key":"Regen Potion"},{"floor":8,"key":"SteroidPotion"},{"floor":10,"key":"GamblersBrew"},{"floor":11,"key":"PowerPotion"},{"floor":13,"key":"PowerPotion"},{"floor":24,"key":"GamblersBrew"},{"floor":30,"key":"Strength Potion"},{"floor":39,"key":"FearPotion"},{"floor":41,"key":"Fire Potion"},{"floor":45,"key":"Block Potion"}],"is_trial":false,"path_per_floor":["M","?","?","M","M","R","E","M","T","E","M","?","M","M","R","B",null,"M","?","$","M","?","R","M","M","T","E","?","R","E","M","R","B",null,"M","?","M","?","M","R","M","?","T","E","M","M","E","M","R","B",null],"character_chosen":"THE_SILENT","items_purchased":["Bag of Marbles","Flechettes"],"campfire_rested":0,"item_purchase_floors":[20,20],"current_hp_per_floor":[65,65,70,70,68,68,52,52,52,46,46,46,46,46,46,27,75,70,70,70,70,70,70,69,69,69,69,69,69,64,64,64,35,75,75,75,75,75,72,72,70,70,80,79,76,76,76,76,76,56],"gold":545,"neow_bonus":"RANDOM_COMMON_RELIC","is_prod":false,"is_daily":false,"chose_seed":false,"campfire_upgraded":6,"win_rate":1,"timestamp":1558253798,"path_taken":["M","?","?","M","M","R","E","M","T","E","M","?","M","M","R","BOSS","M","?","$","M","?","R","M","M","T","E","?","R","E","M","R","BOSS","M","?","?","?","M","R","M","?","T","E","M","M","E","?","R","BOSS"],"build_version":"2019-01-23","purchased_purges":1,"victory":true,"max_hp_per_floor":[70,70,75,75,75,75,75,75,75,75,75,75,75,75,75,75,75,75,75,75,75,75,75,75,75,75,75,75,75,75,75,75,75,75,75,75,75,75,75,75,75,75,85,85,85,85,85,85,85,85],"card_choices":[{"not_picked":["Heel Hook","Bane"],"picked":"Riddle With Holes","floor":1},{"not_picked":["Skewer","Cloak And Dagger"],"picked":"Predator","floor":4},{"not_picked":["Blur","Poisoned Stab"],"picked":"Finisher","floor":5},{"not_picked":["Venomology","Acrobatics"],"picked":"Dash","floor":7},{"not_picked":["Masterful Stab","PiercingWail"],"picked":"Crippling Poison","floor":8},{"not_picked":["Skewer","Bane"],"picked":"Deflect","floor":10},{"not_picked":["Finisher","Slice"],"picked":"Backflip","floor":11},{"not_picked":["Bane","Tactician"],"picked":"Outmaneuver","floor":13},{"not_picked":["Choke","Underhanded Strike"],"picked":"Slice","floor":14},{"not_picked":["Storm of Steel","Phantasmal Killer"],"picked":"Venomology","floor":16},{"not_picked":["Dagger Throw","Finisher+1"],"picked":"Blur","floor":18},{"not_picked":["Quick Slash+1","Underhanded Strike"],"picked":"Crippling Poison+1","floor":21},{"not_picked":["Well Laid Plans","Quick Slash"],"picked":"Footwork","floor":22},{"not_picked":["Poisoned Stab","Dagger Throw+1"],"picked":"Dagger Spray","floor":24},{"not_picked":["Quick Slash","Backflip"],"picked":"Sucker Punch+1","floor":25},{"not_picked":["Deflect","Sucker Punch+1"],"picked":"Quick Slash","floor":27},{"not_picked":["Underhanded Strike","Flying Knee"],"picked":"PiercingWail","floor":30},{"not_picked":["Underhanded Strike","Finisher"],"picked":"Terror","floor":31},{"not_picked":["Envenom","Grand Finale"],"picked":"Bullet Time","floor":33},{"not_picked":["Dagger Throw+1","Acrobatics"],"picked":"Backflip","floor":35},{"not_picked":["Deadly Poison","Sucker Punch"],"picked":"Flying Knee+1","floor":37},{"not_picked":["Deadly Poison","Prepared"],"picked":"Finisher+1","floor":38},{"not_picked":["Cloak And Dagger","Dagger Throw+1"],"picked":"Doppelganger","floor":39},{"not_picked":["Quick Slash","Backflip+1"],"picked":"Predator+1","floor":41},{"not_picked":["Heel Hook+1","Caltrops"],"picked":"Terror","floor":44},{"not_picked":["Cloak And Dagger+1","Slice"],"picked":"Outmaneuver+1","floor":45},{"not_picked":["Phantasmal Killer","Poisoned Stab"],"picked":"Outmaneuver","floor":46},{"not_picked":["Deadly Poison","Outmaneuver"],"picked":"Acrobatics","floor":47},{"not_picked":["Distraction","Deadly Poison"],"picked":"Dash+1","floor":48}],"player_experience":820025,"relics_obtained":[{"floor":7,"key":"Omamori"},{"floor":9,"key":"Darkstone Periapt"},{"floor":10,"key":"Shovel"},{"floor":22,"key":"Tough Bandages"},{"floor":22,"key":"Sundial"},{"floor":26,"key":"Whetstone"},{"floor":27,"key":"Letter Opener"},{"floor":30,"key":"Tiny Chest"},{"floor":38,"key":"Nunchaku"},{"floor":43,"key":"Pear"},{"floor":44,"key":"Happy Flower"},{"floor":47,"key":"Lantern"},{"floor":49,"key":"Orichalcum"}],"event_choices":[{"cards_removed":["Strike_G"],"damage_healed":0,"gold_gain":0,"player_choice":"Card Removal","damage_taken":0,"max_hp_gain":0,"max_hp_loss":0,"event_name":"The Cleric","floor":2,"gold_loss":50},{"damage_healed":0,"gold_gain":0,"player_choice":"Donut","damage_taken":0,"max_hp_gain":5,"max_hp_loss":0,"event_name":"Big Fish","floor":3,"gold_loss":0},{"damage_healed":0,"gold_gain":0,"player_choice":"Ignored","damage_taken":0,"max_hp_gain":0,"max_hp_loss":0,"event_name":"Liars Game","floor":12,"gold_loss":0},{"damage_healed":0,"gold_gain":0,"player_choice":"Inject Mutagens","damage_taken":0,"relics_obtained":["MutagenicStrength"],"max_hp_gain":0,"max_hp_loss":0,"event_name":"Drug Dealer","floor":19,"gold_loss":0},{"damage_healed":0,"gold_gain":0,"player_choice":"Fight","damage_taken":0,"max_hp_gain":0,"max_hp_loss":0,"event_name":"Colosseum","floor":22,"gold_loss":0},{"damage_healed":0,"gold_gain":0,"player_choice":"Fought Nobs","damage_taken":0,"max_hp_gain":0,"max_hp_loss":0,"event_name":"Colosseum","floor":22,"gold_loss":0},{"cards_removed":["Deflect"],"damage_healed":0,"gold_gain":0,"player_choice":"Gave Gold","damage_taken":0,"max_hp_gain":0,"max_hp_loss":0,"event_name":"Beggar","floor":28,"gold_loss":75},{"damage_healed":0,"gold_gain":0,"player_choice":"Ignored","damage_taken":0,"max_hp_gain":0,"max_hp_loss":0,"event_name":"SecretPortal","floor":36,"gold_loss":0},{"damage_healed":0,"gold_gain":0,"player_choice":"Fight","damage_taken":0,"max_hp_gain":0,"max_hp_loss":0,"event_name":"Mysterious Sphere","floor":38,"gold_loss":0},{"damage_healed":0,"gold_gain":0,"player_choice":"Ignored","damage_taken":0,"max_hp_gain":0,"max_hp_loss":0,"event_name":"NoteForYourself","floor":42,"gold_loss":0}],"is_beta":false,"boss_relics":[{"not_picked":["Calling Bell","Black Star"],"picked":"Snecko Eye"},{"not_picked":["Eternal Feather","White Beast Statue"],"picked":"Velvet Choker"}],"items_purged_floors":[20],"is_endless":false,"potions_floor_spawned":[1,8,10,11,13,22,24,30,39,41,45,46],"ascension_level":0}