{"gold_per_floor":[109,109,124,141,153,153,188,188,188,199,199,212,228,328,328,431,431,446,446,371,371,296,296,331,244,324,336,336,349,349,360,360,465,465,479,479,496,27,40,40,50,69,69,80,80,80,80,80,80,80],"floor_reached":51,"playtime":4727,"items_purged":["Strike_B"],"score":619,"play_id":"52013b6b-d776-4357-b736-3297d2b0b3ba","local_time":"20181105164627","is_ascension_mode":false,"campfire_choices":[{"data":"Defragment","floor":6,"key":"SMITH"},{"data":"Echo Form","floor":8,"key":"SMITH"},{"floor":11,"key":"REST"},{"floor":15,"key":"REST"},{"data":"Dualcast","floor":23,"key":"SMITH"},{"floor":28,"key":"REST"},{"data":"Zap","floor":30,"key":"SMITH"},{"data":"Consume","floor":32,"key":"SMITH"},{"floor":45,"key":"REST"},{"data":"Coolheaded","floor":47,"key":"SMITH"},{"floor":49,"key":"REST"}],"neow_cost":"NONE","seed_source_timestamp":0,"circlet_count":0,"master_deck":["Strike_B","Strike_B","Defend_B","Defend_B","Defend_B","Defend_B","Zap+1","Dualcast+1","Defragment+1","Echo Form+1","Leap","Coolheaded","Compile Driver","Go for the Eyes","Hologram","Coolheaded+1","Defragment+1","Streamline","Self Repair+1","Capacitor+1","Cold Snap","Injury","Double Energy+1","Consume+1","All For One","Redo","Flash of Steel","Reinforced Body","Loop+1","Conserve Battery","Steam","FTL+1","Clumsy","Redo+1"],"special_seed":0,"relics":["Cracked Core","Juzu Bracelet","Oddly Smooth Stone","Calipers","Frozen Egg 2","Cursed Key","Vajra","Gremlin Horn","Sozu","FossilizedHelix","Unceasing Top"],"potions_floor_usage":[16,31,39,50,50],"damage_taken":[{"damage":1.0,"enemies":"Jaw Worm","floor":1.0,"turns":4.0},{"damage":0.0,"enemies":"Cultist","floor":3.0,"turns":3.0},{"damage":1.0,"enemies":"2 Louse","floor":4.0,"turns":2.0},{"damage":4.0,"enemies":"Looter","floor":5.0,"turns":3.0},{"damage":9,"enemies":"3 Sentries","floor":7,"turns":10},{"damage":18,"enemies":"Exordium Thugs","floor":10,"turns":5},{"damage":12,"enemies":"2 Fungi Beasts","floor":12,"turns":5},{"damage":0,"enemies":"Blue Slaver","floor":13,"turns":5},{"damage":12,"enemies":"The Guardian","floor":16,"turns":15},{"damage":28,"enemies":"Spheric Guardian","floor":18,"turns":6},{"damage":12,"enemies":"2 Thieves","floor":22,"turns":5},{"damage":46,"enemies":"Slavers","floor":24,"turns":9},{"damage":9,"enemies":"Shelled Parasite and Fungi","floor":27,"turns":8},{"damage":4,"enemies":"Sentry and Sphere","floor":29,"turns":8},{"damage":11,"enemies":"Centurion and Healer","floor":31,"turns":9},{"damage":12,"enemies":"Automaton","floor":33,"turns":14},{"damage":6,"enemies":"3 Shapes","floor":35,"turns":4},{"damage":31,"enemies":"3 Darklings","floor":37,"turns":6},{"damage":36,"enemies":"Jaw Worm Horde","floor":39,"turns":7},{"damage":0,"enemies":"Transient","floor":41,"turns":5},{"damage":19,"enemies":"Spire Growth","floor":42,"turns":8},{"damage":15,"enemies":"3 Darklings","floor":44,"turns":8},{"damage":62,"enemies":"Donu and Deca","floor":50,"turns":11}],"seed_played":"7907968135719442896","potions_obtained":[{"floor":4.0,"key":"Dexterity Potion"},{"floor":7,"key":"LiquidBronze"},{"floor":13,"key":"Regen Potion"},{"floor":24,"key":"PowerPotion"},{"floor":33,"key":"LiquidBronze"}],"is_trial":false,"path_per_floor":["M","?","M","M","M","R","E","R","T","M","R","M","M","?","R","B",null,"M","?","?","?","M","R","E","$","T","M","R","M","R","M","R","B",null,"M","?","M","$","M","?","M","M","T","M","R","?","R","?","R","B",null],"character_chosen":"DEFECT","items_purchased":["Capacitor+1","Cold Snap","Loop+1","FossilizedHelix","Conserve Battery"],"campfire_rested":5,"item_purchase_floors":[25,25,38,38,38],"current_hp_per_floor":[74,56,56,55,51,51,42,42,42,24,46,34,34,34,56,44,75,47,47,47,85,73,73,27,27,27,28,53,59,59,73,73,71,85,85,85,64,64,38,38,38,29,29,24,49,49,49,49,73,11],"gold":80,"neow_bonus":"RANDOM_COMMON_RELIC","is_prod":false,"is_daily":false,"chose_seed":false,"campfire_upgraded":6,"win_rate":0.0,"timestamp":1541454387,"path_taken":["M","?","M","M","M","R","E","R","T","M","R","M","M","?","R","BOSS","M","?","?","?","M","R","E","$","T","M","R","M","R","M","R","BOSS","M","?","M","$","M","?","M","M","T","M","R","?","R","?","R","BOSS"],"build_version":"2018-11-01","purchased_purges":1,"victory":true,"max_hp_per_floor":[75,75,75,75,75,75,75,75,75,75,75,75,75,75,75,75,75,75,75,75,85,85,85,85,85,85,85,85,85,85,85,85,85,85,85,85,85,85,85,85,85,85,85,85,85,81,81,81,81,81],"card_choices":[{"not_picked":["Coolheaded","Streamline"],"picked":"Defragment","floor":1.0},{"not_picked":["Tempest","Rebound"],"picked":"Echo Form","floor":3.0},{"not_picked":["Sweeping Beam","Undo"],"picked":"Leap","floor":4.0},{"not_picked":["Storm","Static Discharge"],"picked":"Coolheaded","floor":5.0},{"not_picked":["Steam","Coolheaded"],"picked":"Compile Driver","floor":7},{"not_picked":["Melter","Sweeping Beam"],"picked":"Go for the Eyes","floor":10},{"not_picked":["Sweeping Beam","Rainbow"],"picked":"Hologram","floor":12},{"not_picked":["Aggregate","Sunder"],"picked":"Coolheaded","floor":13},{"not_picked":["Fission","Echo Form+1"],"picked":"Thunder Strike","floor":16},{"not_picked":["Consume","Streamline"],"picked":"Defragment+1","floor":18},{"not_picked":["Gash+1","Leap"],"picked":"Streamline","floor":22},{"not_picked":["White Noise","Steam Power"],"picked":"Self Repair+1","floor":24},{"not_picked":["Cold Snap+1","FTL"],"picked":"Double Energy+1","floor":27},{"not_picked":["Compile Driver","Fusion+1"],"picked":"Consume","floor":29},{"not_picked":["Compile Driver","Hologram+1","Gash+1"],"picked":"SKIP","floor":31},{"not_picked":["Buffer+1","Biased Cognition+1"],"picked":"All For One","floor":33},{"not_picked":["Streamline","Beam Cell"],"picked":"Redo","floor":35},{"not_picked":["Transmutation","Enlightenment"],"picked":"Flash of Steel","floor":36},{"not_picked":["Streamline","Cold Snap+1"],"picked":"Reinforced Body","floor":37},{"not_picked":["Streamline","Cold Snap+1","Turbo"],"picked":"SKIP","floor":39},{"not_picked":["Go for the Eyes","Barrage+1"],"picked":"Steam","floor":41},{"not_picked":["Rip and Tear+1","Turbo"],"picked":"FTL+1","floor":42},{"not_picked":["Ball Lightning+1","Conserve Battery"],"picked":"Redo+1","floor":44}],"player_experience":111427,"relics_obtained":[{"floor":7,"key":"Calipers"},{"floor":9,"key":"Frozen Egg 2"},{"floor":24,"key":"Vajra"},{"floor":26,"key":"Gremlin Horn"},{"floor":43,"key":"Unceasing Top"}],"event_choices":[{"damage_healed":0.0,"max_hp_gain":0.0,"max_hp_loss":0.0,"gold_gain":0.0,"event_name":"Scrap Ooze","player_choice":"Success","floor":2.0,"gold_loss":0.0,"damage_taken":18.0,"relics_obtained":["Oddly Smooth Stone"]},{"damage_healed":0,"gold_gain":100,"player_choice":"Gold","damage_taken":0,"max_hp_gain":0,"max_hp_loss":0,"event_name":"Wheel of Change","floor":14,"gold_loss":0},{"damage_healed":0,"gold_gain":0,"player_choice":"Ignored","damage_taken":0,"max_hp_gain":0,"max_hp_loss":0,"event_name":"Ghosts","floor":19,"gold_loss":0},{"cards_removed":["Strike_B"],"damage_healed":0,"gold_gain":0,"player_choice":"Gave Gold","damage_taken":0,"max_hp_gain":0,"max_hp_loss":0,"event_name":"Beggar","floor":20,"gold_loss":75},{"cards_removed":["Thunder Strike"],"damage_healed":28,"gold_gain":0,"player_choice":"Offered Rare","damage_taken":0,"max_hp_gain":10,"max_hp_loss":0,"event_name":"Bonfire Elementals","floor":21,"gold_loss":0},{"damage_healed":0,"gold_gain":0,"player_choice":"Memory 1","damage_taken":0,"max_hp_gain":0,"max_hp_loss":0,"event_name":"SensoryStone","floor":36,"gold_loss":0},{"damage_healed":0,"gold_gain":0,"player_choice":"0 cards matched","damage_taken":0,"max_hp_gain":0,"max_hp_loss":0,"event_name":"Match and Keep!","floor":40,"gold_loss":0,"cards_obtained":[]},{"damage_healed":0,"gold_gain":0,"player_choice":"Max HP","damage_taken":0,"max_hp_gain":0,"max_hp_loss":4,"event_name":"Winding Halls","floor":46,"gold_loss":0},{"damage_healed":0,"gold_gain":0,"player_choice":"Ignored","damage_taken":0,"max_hp_gain":0,"max_hp_loss":0,"event_name":"Mysterious Sphere","floor":48,"gold_loss":0}],"is_beta":false,"boss_relics":[{"not_picked":["Tiny House","Astrolabe"],"picked":"Cursed Key"},{"not_picked":["Empty Cage","Snecko Eye"],"picked":"Sozu"}],"items_purged_floors":[38],"is_endless":false,"potions_floor_spawned":[4,7,13,24,33,37],"ascension_level":0}