{"gold_per_floor":[215,52,0,0,16,44,44,76,76,93,124,144,144,160,160,234,234,247,260,331,531,531],"floor_reached":22,"playtime":790,"items_purged":[],"score":408,"play_id":"6a578068-55d5-41b5-904f-c3e00ad3f317","local_time":"20190514134454","is_ascension_mode":true,"campfire_choices":[{"floor":7,"key":"REST"},{"data":"Inflame","floor":13,"key":"SMITH"},{"data":"Limit Break","floor":15,"key":"SMITH"}],"neow_cost":"NONE","seed_source_timestamp":0,"circlet_count":0,"master_deck":["AscendersBane","Strike_R","Strike_R","Strike_R","Strike_R","Strike_R","Defend_R","Defend_R","Defend_R","Defend_R","Bash","Cleave","Inflame+1","Carnage","Clothesline","Limit Break+1","Battle Trance","Immolate","Shrug It Off"],"special_seed":0,"relics":["Burning Blood","Self Forming Clay","Lantern","Pantograph","Darkstone Periapt","Charon\u0027s Ashes","Black Star","Letter Opener"],"potions_floor_usage":[8,16,22],"damage_taken":[{"damage":6,"enemies":"Small Slimes","floor":1,"turns":5},{"damage":1,"enemies":"Cultist","floor":5,"turns":3},{"damage":39,"enemies":"Lagavulin","floor":6,"turns":7},{"damage":23,"enemies":"Gremlin Nob","floor":8,"turns":4},{"damage":1,"enemies":"2 Louse","floor":10,"turns":3},{"damage":25,"enemies":"3 Sentries","floor":11,"turns":6},{"damage":16,"enemies":"Exordium Thugs","floor":12,"turns":4},{"damage":17,"enemies":"Lots of Slimes","floor":14,"turns":4},{"damage":7,"enemies":"Slime Boss","floor":16,"turns":6},{"damage":22,"enemies":"2 Thieves","floor":18,"turns":3},{"damage":47,"enemies":"Shell Parasite","floor":19,"turns":6},{"damage":14,"enemies":"Snake Plant","floor":22,"turns":1}],"seed_played":"4589385279176257006","potions_obtained":[{"floor":6,"key":"Weak Potion"},{"floor":11,"key":"Fire Potion"},{"floor":12,"key":"FearPotion"}],"is_trial":false,"path_per_floor":["M","$","?","$","M","E","R","E","T","M","E","M","R","M","R","B",null,"M","M","T","?","M"],"character_chosen":"IRONCLAD","items_purchased":["Inflame","Carnage"],"campfire_rested":1,"item_purchase_floors":[2,2],"current_hp_per_floor":[68,68,68,68,73,40,62,45,45,50,31,21,21,10,10,34,65,49,8,8,8,0],"gold":531,"neow_bonus":"HUNDRED_GOLD","is_prod":false,"is_daily":false,"chose_seed":false,"campfire_upgraded":2,"win_rate":0,"timestamp":1557855894,"path_taken":["M","$","?","?","M","E","R","E","T","M","E","M","R","M","R","BOSS","M","?","?","?","M"],"build_version":"2019-01-23","purchased_purges":0,"victory":false,"max_hp_per_floor":[75,75,75,75,75,75,75,75,75,75,75,75,75,75,75,75,75,75,75,75,75,75],"card_choices":[{"not_picked":["Havoc","Wild Strike"],"picked":"Cleave","floor":1},{"not_picked":["Wild Strike","Cleave"],"picked":"Clothesline","floor":5},{"not_picked":["Entrench","Clash","Headbutt"],"picked":"SKIP","floor":6},{"not_picked":["Infernal Blade","Spot Weakness"],"picked":"Limit Break","floor":8},{"not_picked":["Wild Strike","Intimidate","Havoc"],"picked":"SKIP","floor":10},{"not_picked":["Wild Strike","Cleave","Fire Breathing"],"picked":"SKIP","floor":11},{"not_picked":["Carnage","Body Slam","Dual Wield"],"picked":"SKIP","floor":12},{"not_picked":["Flex","Shockwave"],"picked":"Battle Trance","floor":14},{"not_picked":["Offering","Bludgeon"],"picked":"Immolate","floor":16},{"not_picked":["Perfected Strike+1","Pommel Strike","Warcry"],"picked":"SKIP","floor":18},{"not_picked":["Rage","Armaments"],"picked":"Shrug It Off","floor":19}],"player_experience":623503,"relics_obtained":[{"floor":6,"key":"Lantern"},{"floor":8,"key":"Pantograph"},{"floor":9,"key":"Darkstone Periapt"},{"floor":11,"key":"Charon\u0027s Ashes"},{"floor":20,"key":"Letter Opener"}],"event_choices":[{"damage_healed":0,"gold_gain":0,"player_choice":"Paid Gold","damage_taken":0,"relics_obtained":["Self Forming Clay"],"max_hp_gain":0,"max_hp_loss":0,"event_name":"WeMeetAgain","floor":3,"gold_loss":52},{"damage_healed":0,"gold_gain":200,"player_choice":"Gold","damage_taken":0,"max_hp_gain":0,"max_hp_loss":0,"event_name":"Wheel of Change","floor":21,"gold_loss":0}],"is_beta":false,"boss_relics":[{"not_picked":["Lizard Tail","Busted Crown"],"picked":"Black Star"}],"items_purged_floors":[],"is_endless":false,"potions_floor_spawned":[6,11,12],"killed_by":"Snake Plant","ascension_level":20}