{"gold_per_floor":[216,226,47,67,67,95,95,127,151,170,170,187,187,152,152,223,223,237,336,336,348,363,363,378,378],"floor_reached":25,"playtime":1217,"items_purged":[],"score":362,"play_id":"d80dd504-b455-455d-ae72-04f4a7f6e0c7","local_time":"20190314024552","is_ascension_mode":true,"campfire_choices":[{"floor":7,"key":"REST"},{"floor":13,"key":"REST"},{"data":"Poisoned Stab","floor":15,"key":"SMITH"},{"data":"Wraith Form v2","floor":23,"key":"SMITH"}],"neow_cost":"NONE","seed_source_timestamp":67884098738487,"circlet_count":0,"master_deck":["AscendersBane","Defend_G","Defend_G","Defend_G","Defend_G","Defend_G","Strike_G","Strike_G","Survivor","Neutralize","Cloak And Dagger","Flying Knee","Deadly Poison","Wraith Form v2+1","Dagger Spray+1","Adrenaline","Poisoned Stab+1","Backflip","Dodge and Roll","PiercingWail","Corpse Explosion","Cloak And Dagger+1","PiercingWail+1","Setup+1","PiercingWail"],"relics":["Ring of the Snake","CultistMask","Dream Catcher","Bag of Marbles","Bronze Scales","Astrolabe","Tingsha"],"potions_floor_usage":[16,16],"damage_taken":[{"damage":0,"enemies":"Small Slimes","floor":1,"turns":3},{"damage":2,"enemies":"Cultist","floor":2,"turns":4},{"damage":5,"enemies":"Jaw Worm","floor":4,"turns":4},{"damage":49,"enemies":"Lagavulin","floor":6,"turns":7},{"damage":20,"enemies":"3 Sentries","floor":8,"turns":10},{"damage":0,"enemies":"Looter","floor":10,"turns":2},{"damage":0,"enemies":"Exordium Wildlife","floor":12,"turns":2},{"damage":35,"enemies":"Slime Boss","floor":16,"turns":12},{"damage":0,"enemies":"Spheric Guardian","floor":18,"turns":5},{"damage":5,"enemies":"Chosen","floor":21,"turns":4},{"damage":0,"enemies":"Snake Plant","floor":22,"turns":5},{"damage":2,"enemies":"Snecko","floor":24,"turns":6},{"damage":47,"enemies":"Gremlin Leader","floor":25,"turns":6}],"seed_played":"-1068894351207059068","potions_obtained":[{"floor":2,"key":"EssenceOfSteel"},{"floor":12,"key":"GhostInAJar"},{"floor":16,"key":"LiquidBronze"},{"floor":18,"key":"Regen Potion"}],"is_trial":false,"path_per_floor":["M","M","$","M","?","E","R","E","T","M","?","M","R","?","R","B",null,"M","?","T","M","M","R","M","E"],"character_chosen":"THE_SILENT","items_purchased":["Deadly Poison","Wraith Form v2"],"campfire_rested":2,"item_purchase_floors":[3,3],"current_hp_per_floor":[59,57,57,52,52,3,22,2,2,2,2,2,21,37,37,2,50,50,50,50,45,45,45,43,0],"gold":378,"neow_bonus":"HUNDRED_GOLD","is_prod":false,"is_daily":false,"chose_seed":false,"campfire_upgraded":2,"win_rate":0,"timestamp":1552545952,"path_taken":["M","M","$","M","?","E","R","E","T","?","?","M","R","?","R","BOSS","M","?","?","M","M","R","M","E"],"build_version":"2019-01-23","purchased_purges":0,"victory":false,"max_hp_per_floor":[66,66,66,66,66,66,66,66,66,66,66,66,66,66,66,66,66,66,66,66,66,66,66,66,66],"card_choices":[{"not_picked":["Slice","Sucker Punch"],"picked":"Cloak And Dagger","floor":1},{"not_picked":["Outmaneuver","Choke"],"picked":"Flying Knee","floor":2},{"not_picked":["Distraction","Grand Finale"],"picked":"Dagger Spray","floor":4},{"not_picked":["Slice","Setup"],"picked":"Adrenaline","floor":6},{"not_picked":["All Out Attack","Dodge and Roll"],"picked":"Poisoned Stab","floor":7},{"not_picked":["Storm of Steel","Finisher"],"picked":"Backflip","floor":8},{"not_picked":["Deflect","Quick Slash"],"picked":"Dodge and Roll","floor":10},{"not_picked":["Blade Dance","Dodge and Roll","Masterful Stab"],"picked":"SKIP","floor":12},{"not_picked":["Blade Dance","Envenom"],"picked":"PiercingWail","floor":13},{"not_picked":["A Thousand Cuts","Unload"],"picked":"Corpse Explosion","floor":16},{"not_picked":["All Out Attack","PiercingWail","Calculated Gamble"],"picked":"SKIP","floor":18},{"not_picked":["Bouncing Flask","Infinite Blades+1"],"picked":"PiercingWail","floor":21},{"not_picked":["Tactician","Bane","Reflex"],"picked":"SKIP","floor":22},{"not_picked":["Deflect+1","Tactician","Prepared"],"picked":"SKIP","floor":24}],"player_experience":486563,"relics_obtained":[{"floor":6,"key":"Dream Catcher"},{"floor":8,"key":"Bag of Marbles"},{"floor":9,"key":"Bronze Scales"},{"floor":20,"key":"Tingsha"}],"event_choices":[{"damage_healed":0,"gold_gain":0,"player_choice":"Trade","damage_taken":0,"relics_obtained":["CultistMask"],"max_hp_gain":0,"max_hp_loss":0,"event_name":"FaceTrader","floor":5,"gold_loss":0},{"damage_healed":0,"gold_gain":0,"player_choice":"Grow","damage_taken":0,"max_hp_gain":0,"max_hp_loss":0,"event_name":"Living Wall","floor":11,"gold_loss":0,"cards_upgraded":["Dagger Spray"]},{"damage_healed":16,"gold_gain":0,"player_choice":"Healed","damage_taken":0,"max_hp_gain":0,"max_hp_loss":0,"event_name":"The Cleric","floor":14,"gold_loss":35},{"damage_healed":0,"gold_gain":99,"player_choice":"Stole From Cult","damage_taken":0,"max_hp_gain":0,"max_hp_loss":0,"event_name":"Nest","floor":19,"gold_loss":0}],"is_beta":false,"boss_relics":[{"not_picked":["Fusion Hammer","Eternal Feather"],"picked":"Astrolabe"}],"items_purged_floors":[],"is_endless":false,"potions_floor_spawned":[2,12,16,18,24],"killed_by":"Gremlin Leader","ascension_level":14}