{"gold_per_floor":[111,111,111,126,126,155,155,169,169,179,179,179,206,121,121,195,195,208,223,223,223,53,53,88,88,88,88,88,108,125,137,137,137],"floor_reached":33,"playtime":1966,"items_purged":["Regret"],"score":532,"play_id":"68020f66-7d11-4905-94b7-d8db28caff84","local_time":"20190313171239","is_ascension_mode":true,"campfire_choices":[{"floor":7,"key":"REST"},{"data":"Clothesline","floor":11,"key":"SMITH"},{"data":"Inflame","floor":15,"key":"SMITH"},{"data":"Flame Barrier","floor":23,"key":"SMITH"},{"floor":25,"key":"REST"},{"data":"True Grit","floor":32,"key":"SMITH"}],"neow_cost":"NONE","seed_source_timestamp":32741342964256,"circlet_count":0,"master_deck":["AscendersBane","Strike_R","Strike_R","Strike_R","Defend_R","Defend_R","Defend_R","Defend_R","Bash+1","Shrug It Off","Clothesline+1","Flame Barrier+1","Corruption","Cleave","Inflame+1","Dark Embrace","Dropkick","Reckless Charge","Disarm","Armaments","Ghostly","Ghostly","Ghostly","True Grit+1","Disarm+1"],"relics":["Burning Blood","Self Forming Clay","Strawberry","Calipers","Cursed Key","PreservedInsect","Centennial Puzzle","Nilry\u0027s Codex"],"potions_floor_usage":[13,16,16,16,16,33,33],"damage_taken":[{"damage":9,"enemies":"Jaw Worm","floor":1,"turns":5},{"damage":12,"enemies":"2 Louse","floor":4,"turns":3},{"damage":44,"enemies":"Gremlin Nob","floor":6,"turns":5},{"damage":0,"enemies":"Small Slimes","floor":8,"turns":4},{"damage":1,"enemies":"Exordium Wildlife","floor":10,"turns":3},{"damage":23,"enemies":"Lagavulin","floor":13,"turns":9},{"damage":59,"enemies":"The Guardian","floor":16,"turns":17},{"damage":14,"enemies":"3 Byrds","floor":18,"turns":6},{"damage":29,"enemies":"Shell Parasite","floor":19,"turns":5},{"damage":19,"enemies":"Gremlin Leader","floor":24,"turns":4},{"damage":3,"enemies":"3 Cultists","floor":29,"turns":5},{"damage":3,"enemies":"Cultist and Chosen","floor":30,"turns":7},{"damage":9,"enemies":"Snecko","floor":31,"turns":5},{"damage":64,"enemies":"Champ","floor":33,"turns":30}],"seed_played":"3101753479298826628","potions_obtained":[{"floor":4,"key":"FearPotion"},{"floor":10,"key":"EntropicBrew"},{"floor":13,"key":"Ancient Potion"},{"floor":16,"key":"GamblersBrew"},{"floor":18,"key":"GamblersBrew"},{"floor":19,"key":"FearPotion"},{"floor":30,"key":"PowerPotion"}],"is_trial":false,"path_per_floor":["M","?","?","M","?","E","R","M","T","M","R","?","E","$","R","B",null,"M","M","?","T","$","R","E","R","T","?","?","M","M","M","R","B"],"character_chosen":"IRONCLAD","items_purchased":["Inflame","Disarm","Armaments"],"campfire_rested":2,"item_purchase_floors":[14,22,22],"current_hp_per_floor":[72,77,77,71,71,33,59,65,72,77,77,77,60,60,60,7,72,64,41,41,41,41,41,28,56,56,35,35,38,41,38,38,0],"gold":137,"neow_bonus":"TEN_PERCENT_HP_BONUS","is_prod":false,"is_daily":false,"chose_seed":false,"campfire_upgraded":4,"win_rate":0,"timestamp":1552511559,"path_taken":["M","?","?","M","?","E","R","M","T","?","R","?","E","?","R","BOSS","M","M","?","?","$","R","E","R","T","?","?","M","M","?","R","BOSS"],"build_version":"2019-01-23","purchased_purges":1,"victory":false,"max_hp_per_floor":[82,87,87,87,87,87,87,87,94,94,94,94,94,94,94,94,94,94,94,94,94,94,94,94,94,94,94,47,47,47,47,47,47],"card_choices":[{"not_picked":["Armaments","Entrench"],"picked":"Shrug It Off","floor":1},{"not_picked":["Whirlwind","Dropkick"],"picked":"Clothesline","floor":4},{"not_picked":["Whirlwind","Armaments"],"picked":"Flame Barrier","floor":6},{"not_picked":["Iron Wave","Sentinel"],"picked":"Corruption","floor":8},{"not_picked":["Entrench","Heavy Blade"],"picked":"Cleave","floor":10},{"not_picked":["Pommel Strike","Bloodletting","Cleave"],"picked":"SKIP","floor":13},{"not_picked":["Fiend Fire","Double Tap"],"picked":"Dark Embrace","floor":16},{"not_picked":["Wild Strike+1","Perfected Strike+1","Pommel Strike"],"picked":"SKIP","floor":18},{"not_picked":["Dark Embrace","Clash","Searing Blow"],"picked":"SKIP","floor":19},{"not_picked":["Cleave","Anger","Wild Strike"],"picked":"SKIP","floor":24},{"not_picked":["Rage+1","Headbutt"],"picked":"True Grit","floor":29},{"not_picked":["Clothesline+1","Thunderclap","True Grit"],"picked":"SKIP","floor":30},{"not_picked":["Wild Strike","Clothesline"],"picked":"Disarm+1","floor":31}],"player_experience":483673,"relics_obtained":[{"floor":6,"key":"Self Forming Clay"},{"floor":9,"key":"Strawberry"},{"floor":13,"key":"Calipers"},{"floor":21,"key":"PreservedInsect"},{"floor":24,"key":"Centennial Puzzle"},{"floor":27,"key":"Nilry\u0027s Codex"}],"event_choices":[{"damage_healed":0,"gold_gain":0,"player_choice":"Donut","damage_taken":0,"max_hp_gain":5,"max_hp_loss":0,"event_name":"Big Fish","floor":2,"gold_loss":0},{"damage_healed":0,"gold_gain":0,"player_choice":"Grow","damage_taken":0,"max_hp_gain":0,"max_hp_loss":0,"event_name":"Living Wall","floor":3,"gold_loss":0,"cards_upgraded":["Bash"]},{"damage_healed":0,"gold_gain":0,"player_choice":"Ignored","damage_taken":0,"max_hp_gain":0,"max_hp_loss":0,"event_name":"Liars Game","floor":5,"gold_loss":0},{"damage_healed":0,"gold_gain":0,"player_choice":"Ignored","damage_taken":0,"max_hp_gain":0,"max_hp_loss":0,"event_name":"Shining Light","floor":12,"gold_loss":0},{"damage_healed":0,"gold_gain":0,"cards_transformed":["Strike_R","Strike_R"],"player_choice":"Became Test Subject","damage_taken":0,"max_hp_gain":0,"max_hp_loss":0,"event_name":"Drug Dealer","floor":20,"gold_loss":0,"cards_obtained":["Dropkick","Reckless Charge"]},{"damage_healed":0,"gold_gain":0,"player_choice":"Obtained Book","damage_taken":21,"max_hp_gain":0,"max_hp_loss":0,"event_name":"Cursed Tome","floor":27,"gold_loss":0},{"damage_healed":0,"gold_gain":0,"player_choice":"Became a Ghost","damage_taken":0,"max_hp_gain":0,"max_hp_loss":47,"event_name":"Ghosts","floor":28,"gold_loss":0,"cards_obtained":["Ghostly","Ghostly","Ghostly"]}],"is_beta":false,"boss_relics":[{"not_picked":["Calling Bell","Orrery"],"picked":"Cursed Key"}],"items_purged_floors":[22],"is_endless":false,"potions_floor_spawned":[4,10,13,16,18,19,30,31],"killed_by":"Champ","ascension_level":19}