{"gold_per_floor":[99,99,72,72,72,72,72,72,72,72,72,72,42,19,19,19,19,19,19,0,0,0,0,0,0,0,0,0],"floor_reached":28,"playtime":5365,"items_purged":[],"score":381,"play_id":"f1d68677-553a-4b3d-900d-f9ea17a4d537","local_time":"20190129152203","is_ascension_mode":true,"campfire_choices":[{"floor":6,"key":"REST"},{"data":"Ghostly Armor","floor":11,"key":"SMITH"},{"floor":15,"key":"REST"},{"floor":24,"key":"REST"},{"floor":27,"key":"REST"}],"neow_cost":"NONE","seed_source_timestamp":1540740186070330,"circlet_count":0,"master_deck":["AscendersBane","Strike_R+1","Strike_R","Strike_R","Defend_R","Defend_R","Defend_R","Defend_R","Bash+1","Headbutt","Ghostly Armor+1","Headbutt","Regret","Headbutt","Evolve","Shrug It Off","Impervious","Cleave","Offering","True Grit","Inflame"],"relics":["Ectoplasm","Bird Faced Urn","Whetstone","Sundial","Fusion Hammer"],"potions_floor_usage":[16,16,18,19,19],"damage_taken":[{"damage":8,"enemies":"Jaw Worm","floor":1,"turns":4},{"damage":1,"enemies":"2 Louse","floor":4,"turns":3},{"damage":0,"enemies":"Cultist","floor":5,"turns":3},{"damage":8,"enemies":"Gremlin Nob","floor":10,"turns":3},{"damage":27,"enemies":"Lagavulin","floor":12,"turns":6},{"damage":8,"enemies":"Looter","floor":13,"turns":3},{"damage":35,"enemies":"Slime Boss","floor":16,"turns":15},{"damage":16,"enemies":"Shell Parasite","floor":18,"turns":5},{"damage":33,"enemies":"Chosen","floor":19,"turns":5},{"damage":30,"enemies":"Snake Plant","floor":25,"turns":6},{"damage":39,"enemies":"Book of Stabbing","floor":28,"turns":5}],"seed_played":"4288797740747923833","potions_obtained":[{"floor":1,"key":"LiquidBronze"},{"floor":12,"key":"AttackPotion"},{"floor":16,"key":"Poison Potion"},{"floor":18,"key":"EntropicBrew"}],"is_trial":false,"path_per_floor":["M","?","?","M","M","R","?","$","T","E","R","E","M","$","R","B",null,"M","M","?","?","$","?","R","M","T","R","E"],"character_chosen":"IRONCLAD","items_purchased":["Shrug It Off"],"campfire_rested":4,"item_purchase_floors":[14],"current_hp_per_floor":[60,60,60,59,59,75,75,75,75,67,67,40,34,34,56,23,62,48,24,24,24,24,10,34,6,6,30,0],"gold":0,"neow_bonus":"BOSS_RELIC","is_prod":false,"is_daily":false,"chose_seed":false,"campfire_upgraded":1,"win_rate":0,"timestamp":1548768123,"path_taken":["M","?","?","?","M","R","?","$","T","E","R","E","M","?","R","BOSS","M","M","?","?","$","?","R","M","T","R","E"],"build_version":"2019-01-23","purchased_purges":0,"victory":false,"max_hp_per_floor":[75,75,75,75,75,75,75,75,75,75,75,75,75,75,75,75,75,75,75,75,75,75,80,80,80,80,80,80],"card_choices":[{"not_picked":["Pummel","Heavy Blade"],"picked":"Headbutt","floor":1},{"not_picked":["Pummel","Twin Strike"],"picked":"Ghostly Armor","floor":4},{"not_picked":["Iron Wave","Wild Strike"],"picked":"Headbutt","floor":5},{"not_picked":["Body Slam","Thunderclap"],"picked":"Headbutt","floor":10},{"not_picked":["Pummel","Battle Trance"],"picked":"Evolve","floor":12},{"not_picked":["Combust","Clash","Feel No Pain"],"picked":"SKIP","floor":13},{"not_picked":["Berserk","Exhume"],"picked":"Impervious","floor":16},{"not_picked":["Body Slam","Pommel Strike","Pummel+1"],"picked":"SKIP","floor":18},{"not_picked":["Disarm","Body Slam"],"picked":"Cleave","floor":19},{"not_picked":["Heavy Blade","Anger"],"picked":"Inflame","floor":25}],"player_experience":450375,"relics_obtained":[{"floor":9,"key":"Bird Faced Urn"},{"floor":10,"key":"Whetstone"},{"floor":12,"key":"Sundial"}],"event_choices":[{"damage_healed":0,"gold_gain":0,"player_choice":"Ignored","damage_taken":0,"max_hp_gain":0,"max_hp_loss":0,"event_name":"Golden Idol","floor":2,"gold_loss":0},{"damage_healed":0,"gold_gain":0,"player_choice":"Left Gold","damage_taken":0,"max_hp_gain":0,"max_hp_loss":0,"event_name":"World of Goop","floor":3,"gold_loss":27},{"damage_healed":0,"gold_gain":275,"player_choice":"Desecrate","damage_taken":0,"max_hp_gain":0,"max_hp_loss":0,"event_name":"Golden Shrine","floor":7,"gold_loss":0,"cards_obtained":["Regret"]},{"damage_healed":0,"gold_gain":0,"player_choice":"Paid Fearfully","damage_taken":0,"max_hp_gain":0,"max_hp_loss":0,"event_name":"Masked Bandits","floor":20,"gold_loss":19},{"damage_healed":0,"gold_gain":0,"cards_transformed":["Strike_R","Strike_R"],"player_choice":"Became Test Subject","damage_taken":0,"max_hp_gain":0,"max_hp_loss":0,"event_name":"Drug Dealer","floor":21,"gold_loss":0,"cards_obtained":["Offering","True Grit"]},{"damage_healed":0,"gold_gain":0,"player_choice":"Shed Blood","damage_taken":19,"max_hp_gain":5,"max_hp_loss":0,"event_name":"Forgotten Altar","floor":23,"gold_loss":0}],"is_beta":false,"boss_relics":[{"not_picked":["Coffee Dripper","Eternal Feather"],"picked":"Fusion Hammer"}],"items_purged_floors":[],"is_endless":false,"potions_floor_spawned":[1,12,13,16,18],"killed_by":"Book of Stabbing","ascension_level":14}