{"gold_per_floor":[112,123,1,11,11,36,36,36,36,52,71,103,174,202,202,300,300,320,220,220,220,95,95,109,120,120,120,71,86,119,119],"floor_reached":31,"playtime":4526,"items_purged":["Strike_G","Strike_G+1","Strike_G"],"score":273,"play_id":"5e22cf92-c2c4-4066-a975-bcf2dacda432","local_time":"20180705222908","is_ascension_mode":false,"campfire_choices":[{"data":"Neutralize","floor":7,"key":"SMITH"},{"floor":15,"key":"REST"},{"data":"Noxious Fumes","floor":23,"key":"SMITH"},{"floor":27,"key":"REST"}],"neow_cost":"NONE","seed_source_timestamp":1897635725442220,"circlet_count":0,"master_deck":["Defend_G","Defend_G","Defend_G","Defend_G+1","Defend_G","Strike_G","Strike_G","Survivor+1","Neutralize+1","Poisoned Stab","Terror","Poisoned Stab","Dagger Throw+1","Bane","Dagger Throw","Bouncing Flask","Underhanded Strike","Bane","Tools of the Trade","Noxious Fumes+1","Prepared","Prepared","Adrenaline","Noxious Fumes","Deadly Poison+1","Backflip+1","A Thousand Cuts","Venomology"],"relics":["Ring of the Snake","Unceasing Top","Ice Cream","Whetstone","Snake Skull","Orrery","Mercury Hourglass","Bottled Flame"],"potions_floor_usage":[6,6,12,16,18,24,29,30,31,31],"damage_taken":[{"damage":0,"enemies":"2 Louse","floor":1,"turns":5},{"damage":0,"enemies":"Jaw Worm","floor":2,"turns":4},{"damage":1,"enemies":"Cultist","floor":4,"turns":4},{"damage":7,"enemies":"3 Sentries","floor":6,"turns":10},{"damage":0,"enemies":"Looter","floor":10,"turns":3},{"damage":0,"enemies":"3 Louse","floor":11,"turns":3},{"damage":3,"enemies":"Gremlin Nob","floor":12,"turns":4},{"damage":11,"enemies":"3 Sentries","floor":14,"turns":7},{"damage":27,"enemies":"The Guardian","floor":16,"turns":7},{"damage":4,"enemies":"Shell Parasite","floor":18,"turns":3},{"damage":17,"enemies":"3 Byrds","floor":24,"turns":4},{"damage":15,"enemies":"Snake Plant","floor":25,"turns":3},{"damage":0,"enemies":"Snecko","floor":29,"turns":4},{"damage":48,"enemies":"Book of Stabbing","floor":30,"turns":6},{"damage":10,"enemies":"Slaver and Parasite","floor":31,"turns":2}],"seed_played":"-6833857574860694049","potions_obtained":[{"floor":1,"key":"SpeedPotion"},{"floor":6,"key":"SkillPotion"},{"floor":11,"key":"LiquidBronze"},{"floor":12,"key":"Energy Potion"},{"floor":25,"key":"Block Potion"},{"floor":30,"key":"AttackPotion"}],"is_trial":false,"path_per_floor":["M","M","$","M","?","E","R","?","T","M","M","E","?","E","R","B",null,"M","$","?","?","$","R","M","M","T","R","$","M","E"],"character_chosen":"THE_SILENT","items_purchased":["Poisoned Stab","Poison Potion"],"campfire_rested":2,"item_purchase_floors":[3,28],"current_hp_per_floor":[70,70,70,69,69,62,62,48,48,48,48,45,45,34,55,28,70,66,66,66,66,66,66,49,34,34,55,55,55,7,0],"gold":119,"neow_bonus":"THREE_SMALL_POTIONS","is_prod":false,"is_daily":false,"chose_seed":false,"campfire_upgraded":2,"win_rate":0.0,"timestamp":1530844148,"path_taken":["M","M","$","M","?","E","R","?","T","?","M","E","?","E","R","BOSS","M","$","?","?","$","R","?","M","T","R","$","M","E","M"],"build_version":"2018-06-28","purchased_purges":3,"victory":false,"max_hp_per_floor":[70,70,70,70,70,70,70,70,70,70,70,70,70,70,70,70,70,70,70,70,70,70,70,70,70,70,70,70,70,70,70],"card_choices":[{"not_picked":["Heel Hook","PiercingWail"],"picked":"Poisoned Stab","floor":1},{"not_picked":["Slice","Riddle With Holes"],"picked":"Terror","floor":2},{"not_picked":["Reflex","Outmaneuver"],"picked":"Dagger Throw","floor":4},{"not_picked":["Eviscerate","Malaise"],"picked":"Bane","floor":6},{"not_picked":["Outmaneuver","Riddle With Holes"],"picked":"Dagger Throw","floor":10},{"not_picked":["Backflip","Endless Agony"],"picked":"Bouncing Flask","floor":11},{"not_picked":["Acrobatics","Endless Agony"],"picked":"Underhanded Strike","floor":12},{"not_picked":["PiercingWail","Footwork"],"picked":"Bane","floor":14},{"not_picked":["After Image","Wraith Form v2"],"picked":"Tools of the Trade","floor":16},{"not_picked":["Dagger Spray","Predator"],"picked":"Noxious Fumes","floor":17},{"not_picked":["Dodge and Roll","Outmaneuver"],"picked":"Prepared","floor":17},{"not_picked":["Footwork","Deflect"],"picked":"Prepared","floor":17},{"not_picked":["Skewer","Flying Knee"],"picked":"Adrenaline","floor":18},{"not_picked":["Flying Knee","Quick Slash"],"picked":"Deadly Poison+1","floor":24},{"not_picked":["Dagger Spray","Finisher"],"picked":"Backflip+1","floor":25},{"not_picked":["Dodge and Roll","Sucker Punch"],"picked":"A Thousand Cuts","floor":29},{"not_picked":["Heel Hook","Distraction"],"picked":"Venomology","floor":30}],"player_experience":54152,"relics_obtained":[{"floor":6,"key":"Unceasing Top"},{"floor":9,"key":"Ice Cream"},{"floor":12,"key":"Whetstone"},{"floor":14,"key":"Snake Skull"},{"floor":26,"key":"Mercury Hourglass"},{"floor":30,"key":"Bottled Flame"}],"event_choices":[{"event_name":"Liars Game","player_choice":"disagreed","floor":5,"damage_taken":0},{"event_name":"Shining Light","player_choice":"Entered Light","floor":8,"damage_taken":0},{"event_name":"Golden Wing","player_choice":"Gained Gold","floor":13,"damage_taken":0},{"event_name":"Ghosts","player_choice":"Ignored","floor":20,"damage_taken":0},{"event_name":"The Library","player_choice":"Read","floor":21,"damage_taken":0}],"boss_relics":[{"not_picked":["Lizard Tail","Philosopher\u0027s Stone"],"picked":"Orrery"}],"items_purged_floors":[3,19,22],"is_endless":false,"potions_floor_spawned":[1,6,11,12,25,30],"killed_by":"Slaver and Parasite","ascension_level":0}