{"gold_per_floor":[109,109,125,125,125,125,16,16,16,59,71,127,157,209,221,233],"floor_reached":16,"playtime":448,"items_purged":[],"score":282,"play_id":"38021339-d188-4f99-a7d6-8399fe5f6579","local_time":"20190406190755","is_ascension_mode":true,"campfire_choices":[{"data":"Bash","floor":6,"key":"SMITH"},{"data":"Clothesline","floor":8,"key":"SMITH"},{"data":"Anger","floor":11,"key":"SMITH"},{"data":"Anger","floor":15,"key":"SMITH"}],"neow_cost":"NONE","seed_source_timestamp":88330524859569,"circlet_count":0,"master_deck":["AscendersBane","Strike_R","Strike_R","Strike_R","Strike_R","Strike_R","Defend_R","Defend_R","Defend_R","Defend_R","Bash+1","Clothesline+1","Anger+1","Impervious","Anger+1"],"relics":["Burning Blood","NeowsBlessing","Golden Idol","Prayer Wheel","MawBank","Anchor","Bird Faced Urn"],"potions_floor_usage":[12],"damage_taken":[{"damage":0,"enemies":"2 Louse","floor":1,"turns":1},{"damage":0,"enemies":"Small Slimes","floor":3,"turns":1},{"damage":0,"enemies":"Gremlin Nob","floor":10,"turns":1},{"damage":27,"enemies":"3 Sentries","floor":12,"turns":12},{"damage":4,"enemies":"Jaw Worm","floor":13,"turns":4},{"damage":20,"enemies":"Lagavulin","floor":14,"turns":5},{"damage":39,"enemies":"Hexaghost","floor":16,"turns":9}],"seed_played":"8679031688665695376","potions_obtained":[{"floor":1,"key":"Weak Potion"}],"is_trial":false,"path_per_floor":["M","?","M","?","?","R","$","R","T","E","R","E","M","E","R","B"],"character_chosen":"IRONCLAD","items_purchased":["Anger","PowerPotion"],"campfire_rested":0,"item_purchase_floors":[7,7],"current_hp_per_floor":[74,74,75,80,72,72,72,72,72,72,72,51,53,39,39,0],"gold":233,"neow_bonus":"THREE_ENEMY_KILL","is_prod":false,"is_daily":false,"chose_seed":false,"campfire_upgraded":4,"win_rate":0,"timestamp":1554592075,"path_taken":["M","?","M","?","?","R","?","R","T","E","R","E","M","E","R","BOSS"],"build_version":"2019-01-23","purchased_purges":0,"victory":false,"max_hp_per_floor":[75,75,75,80,72,72,72,72,72,72,72,72,72,72,72,72],"card_choices":[{"not_picked":["Warcry","True Grit"],"picked":"Clothesline","floor":1},{"not_picked":["Perfected Strike","Clash","Heavy Blade"],"picked":"SKIP","floor":3},{"not_picked":["Anger","Second Wind","Wild Strike"],"picked":"SKIP","floor":10},{"not_picked":["Dark Embrace","Wild Strike"],"picked":"Impervious","floor":12},{"not_picked":["Heavy Blade","Perfected Strike"],"picked":"Anger","floor":13},{"not_picked":["Pommel Strike","Twin Strike","Whirlwind"],"picked":"SKIP","floor":13},{"not_picked":["Pummel","Headbutt","Clash"],"picked":"SKIP","floor":14}],"player_experience":541121,"relics_obtained":[{"floor":9,"key":"Prayer Wheel"},{"floor":10,"key":"MawBank"},{"floor":12,"key":"Anchor"},{"floor":14,"key":"Bird Faced Urn"}],"event_choices":[{"damage_healed":0,"gold_gain":0,"player_choice":"Ignored","damage_taken":0,"max_hp_gain":0,"max_hp_loss":0,"event_name":"Shining Light","floor":2,"gold_loss":0},{"damage_healed":0,"gold_gain":0,"player_choice":"Donut","damage_taken":0,"max_hp_gain":5,"max_hp_loss":0,"event_name":"Big Fish","floor":4,"gold_loss":0},{"damage_healed":0,"gold_gain":0,"player_choice":"Lose Max HP","damage_taken":0,"relics_obtained":["Golden Idol"],"max_hp_gain":0,"max_hp_loss":8,"event_name":"Golden Idol","floor":5,"gold_loss":0}],"is_beta":false,"boss_relics":[],"items_purged_floors":[],"is_endless":false,"potions_floor_spawned":[1],"killed_by":"Hexaghost","ascension_level":20}