{"gold_per_floor":[111,126,145,158,6,41,41,58,58,89,108,36,65,165,165,269,269,289,302,319,319,334,365,365,88,112,27,39,52,52,78,78,176,176,187,137,153,163,163,163,175,187,187,40,0,28,28,28,28,28,28,28,28,53,53],"floor_reached":56,"playtime":3366,"items_purged":["Strike_R"],"score":1501,"play_id":"b768515c-5d24-47c2-9b88-882645ab8b23","local_time":"20181119194209","is_ascension_mode":true,"campfire_choices":[{"data":"Barricade","floor":7,"key":"SMITH"},{"data":"Demon Form","floor":15,"key":"SMITH"},{"floor":24,"key":"RECALL"},{"floor":32,"key":"REST"}],"neow_cost":"NONE","seed_source_timestamp":16032552302844,"circlet_count":0,"master_deck":["Strike_R","Strike_R","Strike_R","Strike_R","Defend_R","Defend_R","Defend_R","Defend_R","Bash","Barricade+1","Clothesline","Demon Form+1","Twin Strike","Offering","Impervious","Armaments","Armaments+1","Anger","Burning Pact+1","Shrug It Off+1","Iron Wave+1","Havoc+1","Body Slam","Havoc+1","Seeing Red+1","Impervious+1","Shrug It Off+1","Headbutt+1","Violence+1","Pummel","Juggernaut","Warcry+1"],"relics":["Burning Blood","Letter Opener","Toxic Egg 2","Smiling Mask","Torii","Fusion Hammer","Art of War","Bottled Tornado","Dead Branch","Thread and Needle","Coffee Dripper","Shuriken","Red Mask","FossilizedHelix","Pear"],"potions_floor_usage":[6,10,16,23,55,55,55],"damage_taken":[{"damage":2,"enemies":"Small Slimes","floor":1,"turns":4},{"damage":4,"enemies":"Cultist","floor":2,"turns":4},{"damage":5,"enemies":"2 Louse","floor":3,"turns":2},{"damage":20,"enemies":"Gremlin Gang","floor":4,"turns":6},{"damage":37,"enemies":"Lagavulin","floor":6,"turns":4},{"damage":9,"enemies":"2 Fungi Beasts","floor":8,"turns":4},{"damage":14,"enemies":"Gremlin Nob","floor":10,"turns":3},{"damage":0,"enemies":"Large Slime","floor":11,"turns":4},{"damage":6,"enemies":"Lagavulin","floor":13,"turns":5},{"damage":6,"enemies":"Slime Boss","floor":16,"turns":8},{"damage":5,"enemies":"3 Byrds","floor":18,"turns":7},{"damage":24,"enemies":"Shell Parasite","floor":19,"turns":5},{"damage":24,"enemies":"Cultist and Chosen","floor":20,"turns":5},{"damage":17,"enemies":"Snake Plant","floor":22,"turns":5},{"damage":49,"enemies":"Slavers","floor":23,"turns":8},{"damage":6,"enemies":"3 Cultists","floor":28,"turns":6},{"damage":6,"enemies":"Centurion and Healer","floor":29,"turns":5},{"damage":0,"enemies":"Book of Stabbing","floor":31,"turns":6},{"damage":7,"enemies":"Automaton","floor":33,"turns":9},{"damage":0,"enemies":"Orb Walker","floor":35,"turns":5},{"damage":6,"enemies":"3 Darklings","floor":37,"turns":3},{"damage":0,"enemies":"Maw","floor":38,"turns":6},{"damage":12,"enemies":"Jaw Worm Horde","floor":41,"turns":4},{"damage":0,"enemies":"Transient","floor":42,"turns":5},{"damage":7,"enemies":"Reptomancer","floor":46,"turns":4},{"damage":6,"enemies":"Donu and Deca","floor":50,"turns":8},{"damage":0,"enemies":"Shield and Spear","floor":54,"turns":9},{"damage":40,"enemies":"The Heart","floor":55,"turns":11}],"seed_played":"-6077818391311252927","potions_obtained":[{"floor":4,"key":"Strength Potion"},{"floor":8,"key":"Strength Potion"},{"floor":13,"key":"Energy Potion"},{"floor":20,"key":"BloodPotion"},{"floor":23,"key":"Block Potion"},{"floor":28,"key":"Explosive Potion"},{"floor":33,"key":"Block Potion"},{"floor":35,"key":"SpeedPotion"}],"is_trial":false,"path_per_floor":["M","M","M","M","$","E","R","M","T","E","M","$","E","?","R","B",null,"M","M","M","?","M","E","R","$","T","?","M","M","?","E","R","B",null,"M","$","M","M","?","R","M","M","T","$","?","E","?","?","R","B",null,"R","$","E","B",null],"character_chosen":"IRONCLAD","items_purchased":["Offering","Bludgeon","Bottled Tornado","Body Slam","Juggernaut"],"campfire_rested":1,"item_purchase_floors":[5,12,25,25,44],"current_hp_per_floor":[80,80,80,66,66,35,35,32,32,24,30,30,30,30,30,30,80,80,62,44,90,79,45,45,45,45,45,45,45,45,51,78,77,90,90,90,90,90,90,90,84,90,90,90,90,89,89,89,89,89,90,90,90,100,66],"gold":53,"neow_bonus":"ONE_RANDOM_RARE_CARD","is_prod":false,"is_daily":false,"chose_seed":false,"campfire_upgraded":2,"win_rate":0,"timestamp":1542674529,"path_taken":["M","M","M","M","$","E","R","M","T","E","M","$","E","?","R","BOSS","M","M","?","?","?","E","R","$","T","?","M","M","?","E","R","BOSS","M","$","M","M","?","R","M","M","T","$","?","E","?","?","R","BOSS","R","$","E","BOSS"],"build_version":"2018-11-15","purchased_purges":1,"victory":true,"max_hp_per_floor":[80,80,80,80,80,80,80,80,80,80,80,80,80,80,80,80,80,80,80,80,90,90,90,90,90,90,90,90,90,90,90,90,90,90,90,90,90,90,90,90,90,90,90,90,90,90,90,90,90,90,90,90,90,100,100],"card_choices":[{"not_picked":["Flex","Clash"],"picked":"Perfected Strike","floor":1},{"not_picked":["Heavy Blade","Armaments"],"picked":"Clothesline","floor":2},{"not_picked":["Pommel Strike","Havoc"],"picked":"Demon Form","floor":3},{"not_picked":["Perfected Strike","Pommel Strike"],"picked":"Twin Strike","floor":4},{"not_picked":["Infernal Blade","Pummel"],"picked":"Impervious","floor":6},{"not_picked":["Havoc","Body Slam"],"picked":"Armaments","floor":8},{"not_picked":["Carnage","Seeing Red+1"],"picked":"Armaments+1","floor":10},{"not_picked":["Twin Strike","Armaments+1","Power Through+1"],"picked":"SKIP","floor":11},{"not_picked":["Wild Strike","Headbutt"],"picked":"Anger","floor":13},{"not_picked":["Clothesline+1","Pommel Strike"],"picked":"Burning Pact+1","floor":18},{"not_picked":["Corruption","Clash+1","Pommel Strike"],"picked":"SKIP","floor":19},{"not_picked":["Flex+1","True Grit+1"],"picked":"Shrug It Off+1","floor":20},{"not_picked":["True Grit+1","Rupture"],"picked":"Iron Wave+1","floor":22},{"not_picked":["Feel No Pain","Twin Strike"],"picked":"Havoc+1","floor":23},{"not_picked":["Blood for Blood","Heavy Blade"],"picked":"Havoc+1","floor":28},{"not_picked":["Reckless Charge+1","Bloodletting+1"],"picked":"Seeing Red+1","floor":29},{"not_picked":["Flex+1","Wild Strike","Sword Boomerang"],"picked":"SKIP","floor":31},{"not_picked":["Dark Embrace","Brutality"],"picked":"Impervious+1","floor":33},{"not_picked":["Havoc+1","Wild Strike+1","Heavy Blade"],"picked":"SKIP","floor":35},{"not_picked":["Sever Soul+1","Anger+1"],"picked":"Shrug It Off+1","floor":37},{"not_picked":["Impervious+1","Pommel Strike+1"],"picked":"Headbutt+1","floor":38},{"not_picked":["Swift Strike","Mind Blast"],"picked":"Violence+1","floor":39},{"not_picked":["Thunderclap","Pommel Strike"],"picked":"Pummel","floor":41},{"not_picked":["Dropkick","Sever Soul","Heavy Blade"],"picked":"SKIP","floor":42},{"not_picked":["Havoc+1","Uppercut+1"],"picked":"Warcry+1","floor":46},{"not_picked":["Dropkick+1","Bludgeon","Searing Blow"],"picked":"SKIP","floor":54}],"player_experience":189362,"relics_obtained":[{"floor":6,"key":"Letter Opener"},{"floor":9,"key":"Toxic Egg 2"},{"floor":10,"key":"Smiling Mask"},{"floor":13,"key":"Torii"},{"floor":23,"key":"Art of War"},{"floor":31,"key":"Thread and Needle"},{"floor":43,"key":"Shuriken"},{"floor":46,"key":"FossilizedHelix"},{"floor":54,"key":"Pear"}],"event_choices":[{"damage_healed":0,"gold_gain":100,"player_choice":"Pray","damage_taken":0,"max_hp_gain":0,"max_hp_loss":0,"event_name":"Golden Shrine","floor":14,"gold_loss":0},{"cards_removed":["Bludgeon"],"damage_healed":36,"gold_gain":0,"player_choice":"Offered Rare","damage_taken":0,"max_hp_gain":10,"max_hp_loss":0,"event_name":"Bonfire Elementals","floor":21,"gold_loss":0},{"damage_healed":0,"gold_gain":0,"player_choice":"Obtained Relic","damage_taken":0,"relics_obtained":["Dead Branch"],"max_hp_gain":0,"max_hp_loss":0,"event_name":"Addict","floor":27,"gold_loss":85},{"damage_healed":0,"gold_gain":0,"player_choice":"Ignored","damage_taken":0,"max_hp_gain":0,"max_hp_loss":0,"event_name":"Ghosts","floor":30,"gold_loss":0},{"damage_healed":0,"gold_gain":0,"player_choice":"Memory 1","damage_taken":0,"max_hp_gain":0,"max_hp_loss":0,"event_name":"SensoryStone","floor":39,"gold_loss":0},{"damage_healed":0,"gold_gain":0,"player_choice":"Paid","damage_taken":0,"relics_obtained":["Red Mask"],"max_hp_gain":0,"max_hp_loss":0,"event_name":"Tomb of Lord Red Mask","floor":45,"gold_loss":40},{"cards_removed":["Perfected Strike"],"damage_healed":0,"gold_gain":0,"player_choice":"Removed Attack","damage_taken":0,"max_hp_gain":0,"max_hp_loss":0,"event_name":"Falling","floor":47,"gold_loss":0},{"damage_healed":0,"gold_gain":0,"player_choice":"Leave","damage_taken":0,"max_hp_gain":0,"max_hp_loss":0,"event_name":"FaceTrader","floor":48,"gold_loss":0}],"is_beta":false,"boss_relics":[{"not_picked":["Busted Crown","Ectoplasm"],"picked":"Fusion Hammer"},{"not_picked":["White Beast Statue","Runic Dome"],"picked":"Coffee Dripper"}],"items_purged_floors":[36],"is_endless":false,"potions_floor_spawned":[4,8,13,20,23,28,33,35,38,42,46,54],"ascension_level":1}