{"gold_per_floor":[112,112,130,143,68,68,94,110,135,135,150,150,150,183,183,261,261,271,321,334,50,50],"floor_reached":22,"playtime":729,"items_purged":["Strike_R","Strike_R"],"score":378,"play_id":"97d269d7-e5fd-46f8-b4c4-b005fa38fd20","local_time":"20190328153536","is_ascension_mode":true,"campfire_choices":[{"data":"Bash","floor":6,"key":"SMITH"},{"floor":10,"key":"REST"},{"data":"Inflame","floor":12,"key":"SMITH"},{"data":"Inflame","floor":15,"key":"SMITH"}],"neow_cost":"NONE","seed_source_timestamp":180091164525039,"circlet_count":0,"master_deck":["AscendersBane","Strike_R","Strike_R","Defend_R","Defend_R","Defend_R","Defend_R","Bash+1","Headbutt","Inflame+1","Ghostly Armor","Anger","Shrug It Off","Inflame+1","Fiend Fire","Sword Boomerang","Armaments"],"relics":["Burning Blood","Strawberry","Potion Belt","Dream Catcher","Boot","Mark of Pain","Bag of Preparation"],"potions_floor_usage":[16,20],"damage_taken":[{"damage":16,"enemies":"Jaw Worm","floor":1,"turns":6},{"damage":15,"enemies":"Small Slimes","floor":3,"turns":3},{"damage":1,"enemies":"Cultist","floor":4,"turns":3},{"damage":30,"enemies":"3 Sentries","floor":7,"turns":15},{"damage":7,"enemies":"3 Louse","floor":8,"turns":4},{"damage":9,"enemies":"Looter","floor":11,"turns":3},{"damage":35,"enemies":"Lagavulin","floor":14,"turns":7},{"damage":13,"enemies":"Hexaghost","floor":16,"turns":9},{"damage":36,"enemies":"Shell Parasite","floor":18,"turns":5},{"damage":23,"enemies":"3 Byrds","floor":20,"turns":7},{"damage":16,"enemies":"Shelled Parasite and Fungi","floor":22,"turns":1}],"seed_played":"-3096901782640405242","potions_obtained":[{"floor":1,"key":"Swift Potion"},{"floor":4,"key":"Ancient Potion"},{"floor":7,"key":"FearPotion"},{"floor":18,"key":"Ancient Potion"},{"floor":20,"key":"Weak Potion"}],"is_trial":false,"path_per_floor":["M","?","M","M","$","R","E","M","T","R","M","R","?","E","R","B",null,"M","?","M","$","M"],"character_chosen":"IRONCLAD","items_purchased":["Bag of Preparation","Armaments"],"campfire_rested":1,"item_purchase_floors":[21,21],"current_hp_per_floor":[65,58,49,54,54,54,30,29,29,53,50,50,50,21,21,14,65,35,27,10,10,0],"gold":50,"neow_bonus":"RANDOM_COMMON_RELIC","is_prod":false,"is_daily":false,"chose_seed":false,"campfire_upgraded":3,"win_rate":0,"timestamp":1553801736,"path_taken":["M","?","M","M","$","R","E","M","T","R","M","R","?","E","R","BOSS","M","?","?","$","M"],"build_version":"2019-01-23","purchased_purges":2,"victory":false,"max_hp_per_floor":[82,82,82,82,82,82,82,82,82,82,82,82,82,82,82,82,82,82,82,82,82,82],"card_choices":[{"not_picked":["Sever Soul","Body Slam"],"picked":"Headbutt","floor":1},{"not_picked":["Armaments","Clothesline"],"picked":"Inflame","floor":3},{"not_picked":["Armaments","Brutality"],"picked":"Ghostly Armor","floor":4},{"not_picked":["Fire Breathing","Pummel"],"picked":"Anger","floor":7},{"not_picked":["Rupture","Warcry","Iron Wave"],"picked":"SKIP","floor":8},{"not_picked":["Flex","Havoc"],"picked":"Shrug It Off","floor":10},{"not_picked":["Iron Wave","Body Slam","Perfected Strike"],"picked":"SKIP","floor":11},{"not_picked":["Heavy Blade","Demon Form"],"picked":"Inflame","floor":14},{"not_picked":["Bludgeon","Juggernaut"],"picked":"Fiend Fire","floor":16},{"not_picked":["Intimidate","Clash","Flex+1"],"picked":"SKIP","floor":18},{"not_picked":["Warcry","Body Slam"],"picked":"Sword Boomerang","floor":20}],"player_experience":525182,"relics_obtained":[{"floor":7,"key":"Potion Belt"},{"floor":9,"key":"Dream Catcher"},{"floor":14,"key":"Boot"}],"event_choices":[{"cards_removed":["Strike_R"],"damage_healed":0,"gold_gain":0,"player_choice":"Card Removal","damage_taken":7,"max_hp_gain":0,"max_hp_loss":0,"event_name":"Golden Wing","floor":2,"gold_loss":0},{"damage_healed":0,"gold_gain":0,"player_choice":"Ignored","damage_taken":0,"max_hp_gain":0,"max_hp_loss":0,"event_name":"Liars Game","floor":13,"gold_loss":0},{"damage_healed":0,"gold_gain":50,"player_choice":"Touch","damage_taken":8,"max_hp_gain":0,"max_hp_loss":0,"event_name":"FaceTrader","floor":19,"gold_loss":0}],"is_beta":false,"boss_relics":[{"not_picked":["Black Blood","Pandora\u0027s Box"],"picked":"Mark of Pain"}],"items_purged_floors":[5,21],"is_endless":false,"potions_floor_spawned":[1,4,7,18,20],"killed_by":"Shelled Parasite and Fungi","ascension_level":19}