{"gold_per_floor":[118,138,149,161,161,161,121,121,121,121,121,46,46,0,0,79,79,89,89,89,101,121,121,146,146,146,156,156,176,176,192,192,270,270,288,288,301,301,316,348,348,348,648,661,661,674,674,490,490,490],"floor_reached":51,"playtime":12829,"items_purged":["Strike_B","Strike_B"],"score":1436,"play_id":"c5303eaf-e5f4-4489-8e30-0e82d1be7c20","local_time":"20190422172706","is_ascension_mode":true,"campfire_choices":[{"data":"Auto Shields","floor":6,"key":"SMITH"},{"data":"Sunder","floor":8,"key":"SMITH"},{"data":"Go for the Eyes","floor":10,"key":"SMITH"},{"data":"Leap","floor":15,"key":"SMITH"},{"floor":23,"key":"REST"},{"data":"Echo Form","floor":28,"key":"SMITH"},{"floor":30,"key":"REST"},{"data":"Buffer","floor":32,"key":"SMITH"},{"floor":42,"key":"REST"},{"floor":45,"key":"REST"},{"floor":47,"key":"REST"},{"data":"Streamline","floor":49,"key":"SMITH"}],"neow_cost":"NONE","seed_source_timestamp":1010693627862764,"circlet_count":0,"master_deck":["AscendersBane","Strike_B","Defend_B","Defend_B","Defend_B","Zap","Dualcast","Glacier","Streamline+1","Leap+1","Auto Shields+1","Go for the Eyes+1","Sunder+1","Echo Form+1","Ball Lightning","Chill","Buffer+1","Core Surge","Reinforced Body+1","Redo+1","Reboot","Defragment"],"relics":["Nuclear Battery","Gremlin Horn","Runic Pyramid","Centennial Puzzle","Calipers","Sozu","Art of War","Old Coin"],"potions_floor_usage":[16,16,21,22,33,39,50],"damage_taken":[{"damage":14,"enemies":"Jaw Worm","floor":1,"turns":4},{"damage":0,"enemies":"Cultist","floor":2,"turns":4},{"damage":5,"enemies":"Small Slimes","floor":3,"turns":3},{"damage":0,"enemies":"Blue Slaver","floor":4,"turns":4},{"damage":0,"enemies":"Looter","floor":7,"turns":4},{"damage":47,"enemies":"Slime Boss","floor":16,"turns":12},{"damage":0,"enemies":"Shell Parasite","floor":18,"turns":6},{"damage":0,"enemies":"Spheric Guardian","floor":21,"turns":7},{"damage":20,"enemies":"Snake Plant","floor":22,"turns":4},{"damage":3,"enemies":"Gremlin Leader","floor":24,"turns":7},{"damage":12,"enemies":"Centurion and Healer","floor":27,"turns":5},{"damage":7,"enemies":"Shelled Parasite and Fungi","floor":29,"turns":5},{"damage":1,"enemies":"Chosen and Byrds","floor":31,"turns":7},{"damage":0,"enemies":"Automaton","floor":33,"turns":12},{"damage":0,"enemies":"3 Shapes","floor":35,"turns":6},{"damage":3,"enemies":"Orb Walker","floor":37,"turns":3},{"damage":9,"enemies":"Writhing Mass","floor":39,"turns":9},{"damage":35,"enemies":"Giant Head","floor":40,"turns":13},{"damage":14,"enemies":"Transient","floor":44,"turns":6},{"damage":0,"enemies":"Sphere and 2 Shapes","floor":46,"turns":5},{"damage":17,"enemies":"Awakened One","floor":50,"turns":26}],"seed_played":"-6872945893929958004","potions_obtained":[{"floor":1,"key":"FearPotion"},{"floor":2,"key":"Ancient Potion"},{"floor":16,"key":"LiquidBronze"},{"floor":18,"key":"Energy Potion"},{"floor":19,"key":"Regen Potion"},{"floor":21,"key":"Explosive Potion"},{"floor":27,"key":"FocusPotion"},{"floor":33,"key":"Weak Potion"}],"is_trial":false,"path_per_floor":["M","M","M","M","?","R","M","R","T","R","?","$","?","?","R","B",null,"M","?","$","M","M","R","E","?","T","M","R","M","R","M","R","B",null,"M","?","M","?","M","E","?","R","T","M","R","M","R","$","R","B",null],"character_chosen":"DEFECT","items_purchased":["Defragment"],"campfire_rested":5,"item_purchase_floors":[48],"current_hp_per_floor":[50,50,45,45,45,45,45,45,45,45,34,34,57,57,57,10,56,56,56,56,71,51,71,68,68,68,56,56,49,70,69,69,69,71,71,67,64,64,55,20,20,40,40,26,46,46,66,66,66,49],"gold":490,"neow_bonus":"BOSS_RELIC","is_prod":false,"is_daily":false,"chose_seed":false,"campfire_upgraded":7,"win_rate":0,"timestamp":1555943226,"path_taken":["M","M","M","M","?","R","?","R","T","R","?","$","?","?","R","BOSS","M","?","?","M","?","R","E","?","T","M","R","?","R","M","R","BOSS","M","?","M","?","M","E","?","R","T","M","R","?","R","$","R","BOSS"],"build_version":"2019-01-23","purchased_purges":2,"victory":true,"max_hp_per_floor":[71,71,71,71,71,71,71,71,71,71,71,71,71,71,71,71,71,71,71,71,71,71,71,71,71,71,71,71,71,71,71,71,71,71,71,67,67,67,67,67,67,67,67,67,67,67,67,67,67,67],"card_choices":[{"not_picked":["Consume","Go for the Eyes"],"picked":"Glacier","floor":1},{"not_picked":["Reprogram","Sweeping Beam"],"picked":"Streamline","floor":2},{"not_picked":["Force Field","Double Energy"],"picked":"Leap","floor":3},{"not_picked":["Gash","Compile Driver"],"picked":"Auto Shields","floor":4},{"not_picked":["Coolheaded","Recycle"],"picked":"Sunder","floor":7},{"not_picked":["Hyperbeam","All For One"],"picked":"Echo Form","floor":16},{"not_picked":["Streamline","Fusion","Rebound"],"picked":"SKIP","floor":18},{"not_picked":["Sweeping Beam","Rip and Tear"],"picked":"Ball Lightning","floor":21},{"not_picked":["Storm","Double Energy"],"picked":"Redo+1","floor":22},{"not_picked":["Go for the Eyes+1","Barrage"],"picked":"Chill","floor":24},{"not_picked":["Steam","Leap","Go for the Eyes"],"picked":"SKIP","floor":27},{"not_picked":["Beam Cell","Barrage","Compile Driver"],"picked":"SKIP","floor":29},{"not_picked":["Streamline","Turbo"],"picked":"Buffer","floor":31},{"not_picked":["Rainbow","Creative AI"],"picked":"Core Surge","floor":33},{"not_picked":["Barrage","Compile Driver","Beam Cell"],"picked":"SKIP","floor":35},{"not_picked":["Conserve Battery","Gash","Ball Lightning"],"picked":"SKIP","floor":37},{"not_picked":["Darkness+1","Stack"],"picked":"Reinforced Body+1","floor":39},{"not_picked":["Force Field","Compile Driver"],"picked":"Redo","floor":40},{"not_picked":["Double Energy","Ball Lightning"],"picked":"Reboot","floor":44},{"not_picked":["Leap","Rebound","Sunder"],"picked":"SKIP","floor":46}],"player_experience":824094,"relics_obtained":[{"floor":9,"key":"Gremlin Horn"},{"floor":24,"key":"Centennial Puzzle"},{"floor":26,"key":"Calipers"},{"floor":40,"key":"Art of War"},{"floor":43,"key":"Old Coin"}],"event_choices":[{"damage_healed":0,"gold_gain":0,"cards_transformed":["Strike_B"],"player_choice":"Transformed","damage_taken":0,"max_hp_gain":0,"max_hp_loss":0,"event_name":"Transmorgrifier","floor":5,"gold_loss":0,"cards_obtained":["Go for the Eyes"]},{"damage_healed":0,"gold_gain":0,"player_choice":"Fled","damage_taken":11,"max_hp_gain":0,"max_hp_loss":0,"event_name":"Scrap Ooze","floor":11,"gold_loss":0},{"damage_healed":23,"gold_gain":0,"player_choice":"Banana","damage_taken":0,"max_hp_gain":0,"max_hp_loss":0,"event_name":"Big Fish","floor":13,"gold_loss":0},{"damage_healed":0,"gold_gain":0,"player_choice":"Left Gold","damage_taken":0,"max_hp_gain":0,"max_hp_loss":0,"event_name":"World of Goop","floor":14,"gold_loss":46},{"damage_healed":0,"gold_gain":0,"player_choice":"Got Potions","damage_taken":0,"max_hp_gain":0,"max_hp_loss":0,"event_name":"Lab","floor":19,"gold_loss":0},{"cards_removed":["Defend_B"],"damage_healed":0,"gold_gain":0,"player_choice":"Offered Basic","damage_taken":0,"max_hp_gain":0,"max_hp_loss":0,"event_name":"Bonfire Elementals","floor":25,"gold_loss":0},{"damage_healed":0,"gold_gain":0,"player_choice":"Max HP","damage_taken":0,"max_hp_gain":0,"max_hp_loss":4,"event_name":"Winding Halls","floor":36,"gold_loss":0},{"cards_removed":["Redo"],"damage_healed":0,"gold_gain":0,"player_choice":"Removed Skill","damage_taken":0,"max_hp_gain":0,"max_hp_loss":0,"event_name":"Falling","floor":38,"gold_loss":0},{"damage_healed":0,"gold_gain":0,"player_choice":"Forge","damage_taken":0,"max_hp_gain":0,"max_hp_loss":0,"event_name":"Accursed Blacksmith","floor":41,"gold_loss":0,"cards_upgraded":["Redo"]}],"is_beta":false,"boss_relics":[{"not_picked":["Pandora\u0027s Box","White Beast Statue"],"picked":"Runic Pyramid"},{"not_picked":["Velvet Choker","Inserter"],"picked":"Sozu"}],"items_purged_floors":[12,48],"is_endless":false,"potions_floor_spawned":[1,2,16,18,21,27,33,35,39,40,44],"ascension_level":19}