{"gold_per_floor":[218,237,75,75,30,30,48,92,92,92,92,92,92,156,156,252,252,267,118,118,107,107],"floor_reached":22,"playtime":1344,"items_purged":["Parasite"],"score":323,"play_id":"23fc157a-c831-436c-b3c9-926491bce1ae","local_time":"20190315073742","is_ascension_mode":true,"campfire_choices":[{"data":"Neutralize","floor":6,"key":"SMITH"},{"data":"Footwork","floor":11,"key":"SMITH"},{"data":"Caltrops","floor":15,"key":"SMITH"}],"neow_cost":"NONE","seed_source_timestamp":171668125751361,"circlet_count":0,"master_deck":["AscendersBane","Survivor","Neutralize+1","Caltrops+1","Well Laid Plans","Poisoned Stab","Catalyst","Backflip","Footwork+1","Backflip","After Image","Poisoned Stab","Slice","A Thousand Cuts","A Thousand Cuts","Heel Hook","Outmaneuver","Flechettes","Flechettes","Acrobatics","Leg Sweep","Cloak And Dagger+1","Crippling Poison"],"relics":["Ring of the Snake","Golden Idol","Dodecahedron","Gremlin Horn","Tiny Chest","Pandora\u0027s Box"],"potions_floor_usage":[8,21,22,22],"damage_taken":[{"damage":1,"enemies":"Small Slimes","floor":1,"turns":4},{"damage":3,"enemies":"2 Louse","floor":2,"turns":4},{"damage":0,"enemies":"Jaw Worm","floor":7,"turns":6},{"damage":30,"enemies":"Gremlin Nob","floor":8,"turns":5},{"damage":10,"enemies":"Lagavulin","floor":14,"turns":10},{"damage":8,"enemies":"Hexaghost","floor":16,"turns":14},{"damage":10,"enemies":"Shell Parasite","floor":18,"turns":6},{"damage":22,"enemies":"Colosseum Slavers","floor":20,"turns":6},{"damage":9,"enemies":"2 Thieves","floor":21,"turns":4},{"damage":15,"enemies":"Sentry and Sphere","floor":22,"turns":4}],"seed_played":"4160424475286789640","potions_obtained":[{"floor":7,"key":"Fire Potion"},{"floor":14,"key":"Block Potion"},{"floor":16,"key":"SpeedPotion"},{"floor":21,"key":"GamblersBrew"}],"is_trial":false,"path_per_floor":["M","M","$","?","$","R","M","E","T","?","R","?","?","E","R","B",null,"M","$","?","M","M"],"character_chosen":"THE_SILENT","items_purchased":["Well Laid Plans","Poisoned Stab","Catalyst","Backflip","Crippling Poison"],"campfire_rested":0,"item_purchase_floors":[3,3,3,5,19],"current_hp_per_floor":[58,55,55,55,55,55,55,25,25,40,40,40,45,35,35,27,56,46,46,24,15,0],"gold":107,"neow_bonus":"HUNDRED_GOLD","is_prod":false,"is_daily":false,"chose_seed":false,"campfire_upgraded":3,"win_rate":0,"timestamp":1552649862,"path_taken":["M","M","$","?","$","R","M","E","T","?","R","?","?","E","R","BOSS","M","$","?","M","M"],"build_version":"2019-01-23","purchased_purges":1,"victory":false,"max_hp_per_floor":[66,66,66,61,61,61,61,61,61,61,61,61,66,66,66,66,66,66,63,63,63,63],"card_choices":[{"not_picked":["Dodge and Roll","Eviscerate","Sucker Punch"],"picked":"SKIP","floor":1},{"not_picked":["Escape Plan","Calculated Gamble"],"picked":"Caltrops","floor":2},{"not_picked":["Deflect","Blur"],"picked":"Footwork","floor":7},{"not_picked":["Blade Dance","Masterful Stab"],"picked":"Backflip","floor":8},{"not_picked":["Underhanded Strike","Setup","Reflex"],"picked":"SKIP","floor":14},{"not_picked":["Grand Finale","Storm of Steel"],"picked":"After Image","floor":16},{"not_picked":["Accuracy","Sucker Punch"],"picked":"Cloak And Dagger+1","floor":18},{"not_picked":["Acrobatics","Predator","Quick Slash"],"picked":"SKIP","floor":21}],"player_experience":494359,"relics_obtained":[{"floor":8,"key":"Dodecahedron"},{"floor":9,"key":"Gremlin Horn"},{"floor":14,"key":"Tiny Chest"}],"event_choices":[{"damage_healed":0,"gold_gain":0,"player_choice":"Lose Max HP","damage_taken":0,"relics_obtained":["Golden Idol"],"max_hp_gain":0,"max_hp_loss":5,"event_name":"Golden Idol","floor":4,"gold_loss":0},{"damage_healed":15,"gold_gain":0,"player_choice":"Healed and dodged fight","damage_taken":0,"max_hp_gain":0,"max_hp_loss":0,"event_name":"Mushrooms","floor":10,"gold_loss":0,"cards_obtained":["Parasite"]},{"damage_healed":0,"gold_gain":0,"player_choice":"Searched \u00270\u0027 times","damage_taken":0,"max_hp_gain":0,"max_hp_loss":0,"event_name":"Dead Adventurer","floor":12,"gold_loss":0},{"damage_healed":0,"gold_gain":0,"player_choice":"Donut","damage_taken":0,"max_hp_gain":5,"max_hp_loss":0,"event_name":"Big Fish","floor":13,"gold_loss":0},{"damage_healed":0,"gold_gain":0,"player_choice":"Fight","damage_taken":0,"max_hp_gain":0,"max_hp_loss":0,"event_name":"Colosseum","floor":20,"gold_loss":0},{"damage_healed":0,"gold_gain":0,"player_choice":"Fled From Nobs","damage_taken":0,"max_hp_gain":0,"max_hp_loss":0,"event_name":"Colosseum","floor":20,"gold_loss":0}],"is_beta":false,"boss_relics":[{"not_picked":["Astrolabe","Lizard Tail"],"picked":"Pandora\u0027s Box"}],"items_purged_floors":[19],"is_endless":false,"potions_floor_spawned":[7,14,16,21],"killed_by":"Sentry and Sphere","ascension_level":14}