{"gold_per_floor":[109,123,141,159,176,210,210,235,258,183,183,206,226,242,242,338,338,354,304,315,10,23,23,49,49,75,75,75,103,0,16,16,16],"floor_reached":33,"playtime":1811,"items_purged":["Strike_R","Defend_R"],"score":391,"play_id":"987fd137-95db-42d9-82fa-6565438019ab","local_time":"20190428184028","is_ascension_mode":true,"campfire_choices":[{"floor":7,"key":"REST"},{"floor":11,"key":"REST"},{"floor":15,"key":"REST"},{"floor":23,"key":"REST"},{"floor":25,"key":"REST"},{"floor":28,"key":"REST"},{"floor":32,"key":"REST"}],"neow_cost":"TEN_PERCENT_HP_LOSS","seed_source_timestamp":1224296831710006,"circlet_count":0,"master_deck":["Strike_R+1","Strike_R","Strike_R","Defend_R","Defend_R","Bash","Disarm","Shrug It Off","Spot Weakness","Heavy Blade","Heavy Blade+1","Spot Weakness","Shrug It Off","Pummel","Limit Break","Metallicize"],"relics":["Burning Blood","Letter Opener","Blue Candle","Bronze Scales","Odd Mushroom","Lizard Tail","Brimstone","Boot","Whetstone","Centennial Puzzle"],"potions_floor_usage":[6,14,16,16,16,24,29],"damage_taken":[{"damage":5,"enemies":"Small Slimes","floor":1,"turns":5},{"damage":7,"enemies":"Jaw Worm","floor":2,"turns":5},{"damage":2,"enemies":"Cultist","floor":3,"turns":4},{"damage":2,"enemies":"Blue Slaver","floor":4,"turns":4},{"damage":19,"enemies":"2 Fungi Beasts","floor":5,"turns":5},{"damage":28,"enemies":"3 Sentries","floor":6,"turns":9},{"damage":32,"enemies":"Gremlin Nob","floor":8,"turns":5},{"damage":35,"enemies":"The Mushroom Lair","floor":12,"turns":4},{"damage":7,"enemies":"3 Louse","floor":13,"turns":3},{"damage":1,"enemies":"Exordium Wildlife","floor":14,"turns":5},{"damage":0,"enemies":"Hexaghost","floor":16,"turns":9},{"damage":4,"enemies":"Chosen","floor":18,"turns":4},{"damage":24,"enemies":"2 Thieves","floor":20,"turns":3},{"damage":15,"enemies":"Sentry and Sphere","floor":22,"turns":4},{"damage":41,"enemies":"Gremlin Leader","floor":24,"turns":4},{"damage":70,"enemies":"Slavers","floor":29,"turns":5},{"damage":34,"enemies":"3 Cultists","floor":31,"turns":5},{"damage":57,"enemies":"Collector","floor":33,"turns":3}],"seed_played":"5200363318993820943","potions_obtained":[{"floor":2,"key":"SkillPotion"},{"floor":3,"key":"LiquidBronze"},{"floor":5,"key":"Ancient Potion"},{"floor":12,"key":"EssenceOfSteel"},{"floor":13,"key":"EssenceOfSteel"},{"floor":14,"key":"Weak Potion"},{"floor":18,"key":"Weak Potion"},{"floor":20,"key":"Poison Potion"},{"floor":31,"key":"GamblersBrew"}],"is_trial":false,"path_per_floor":["M","M","M","M","M","E","R","E","T","$","R","?","M","M","R","B",null,"M","?","M","$","M","R","E","R","T","?","R","E","?","M","R","B"],"character_chosen":"IRONCLAD","items_purchased":["Brimstone"],"campfire_rested":7,"item_purchase_floors":[21],"current_hp_per_floor":[72,71,72,72,59,37,58,32,32,32,53,24,23,28,49,55,72,72,72,54,54,45,66,31,52,52,39,62,44,44,16,39,0],"gold":16,"neow_bonus":"TRANSFORM_TWO_CARDS","is_prod":false,"is_daily":false,"chose_seed":false,"campfire_upgraded":0,"win_rate":0,"timestamp":1556491228,"path_taken":["M","M","M","M","M","E","R","E","T","$","R","?","M","M","R","BOSS","M","?","M","$","?","R","E","R","T","?","R","E","?","M","R","BOSS"],"build_version":"2019-01-23","purchased_purges":2,"victory":false,"max_hp_per_floor":[72,72,72,72,72,72,72,72,72,72,72,72,72,72,72,72,72,72,72,72,72,72,72,72,72,72,77,77,77,77,77,77,77],"card_choices":[{"not_picked":["Anger","Evolve"],"picked":"Spot Weakness","floor":1},{"not_picked":["Clothesline","Body Slam"],"picked":"Heavy Blade","floor":2},{"not_picked":["Thunderclap","Twin Strike"],"picked":"Heavy Blade","floor":3},{"not_picked":["Armaments","Headbutt","Barricade"],"picked":"SKIP","floor":4},{"not_picked":["True Grit","Headbutt","Anger"],"picked":"SKIP","floor":5},{"not_picked":["Searing Blow","Evolve","Whirlwind"],"picked":"SKIP","floor":6},{"not_picked":["Fire Breathing","Twin Strike"],"picked":"Spot Weakness","floor":8},{"not_picked":["Perfected Strike","Sword Boomerang"],"picked":"Shrug It Off","floor":12},{"not_picked":["Clothesline","Body Slam"],"picked":"Pummel","floor":13},{"not_picked":["Flex","Twin Strike","Sword Boomerang"],"picked":"SKIP","floor":14},{"not_picked":["Fiend Fire","Exhume"],"picked":"Limit Break","floor":16},{"not_picked":["Havoc","Clothesline","Cleave"],"picked":"SKIP","floor":18},{"not_picked":["Shockwave","Warcry","Havoc"],"picked":"SKIP","floor":20},{"not_picked":["Reckless Charge","Thunderclap"],"picked":"Metallicize","floor":22},{"not_picked":["Bludgeon","True Grit","Warcry"],"picked":"SKIP","floor":24},{"not_picked":["Entrench","Anger","Twin Strike"],"picked":"SKIP","floor":29},{"not_picked":["Perfected Strike","Clothesline+1","Flame Barrier"],"picked":"SKIP","floor":31}],"player_experience":153875,"relics_obtained":[{"floor":6,"key":"Letter Opener"},{"floor":8,"key":"Blue Candle"},{"floor":9,"key":"Bronze Scales"},{"floor":12,"key":"Odd Mushroom"},{"floor":24,"key":"Boot"},{"floor":26,"key":"Whetstone"},{"floor":29,"key":"Centennial Puzzle"}],"event_choices":[{"damage_healed":0,"gold_gain":0,"player_choice":"Fought Mushrooms","damage_taken":0,"max_hp_gain":0,"max_hp_loss":0,"event_name":"Mushrooms","floor":12,"gold_loss":0},{"damage_healed":0,"gold_gain":0,"player_choice":"Bet on Owner","damage_taken":0,"max_hp_gain":0,"max_hp_loss":0,"event_name":"The Joust","floor":19,"gold_loss":50},{"damage_healed":0,"gold_gain":0,"player_choice":"Shed Blood","damage_taken":18,"max_hp_gain":5,"max_hp_loss":0,"event_name":"Forgotten Altar","floor":27,"gold_loss":0},{"damage_healed":0,"gold_gain":0,"player_choice":"Paid Fearfully","damage_taken":0,"max_hp_gain":0,"max_hp_loss":0,"event_name":"Masked Bandits","floor":30,"gold_loss":103}],"is_beta":false,"boss_relics":[{"not_picked":["Ectoplasm","Runic Dome"],"picked":"Lizard Tail"}],"items_purged_floors":[10,21],"is_endless":false,"potions_floor_spawned":[2,3,5,12,13,14,18,20,31],"killed_by":"Collector","ascension_level":1}