{"gold_per_floor":[111,121,46,63,63,63,74,74,74,93,103,3,3,29,29,107,107,121,46,46,57,57,57,86,0,26,26,26,26,44,44,44,118,118,129,129,229,239,239,239,274,274,274,308,308,325,325,345,345,345,345],"floor_reached":52,"playtime":4237,"items_purged":["Strike_B","Zap"],"score":1827,"play_id":"edbb3d7f-dd5f-49f6-8f76-5f26f0f9e6ef","local_time":"20190508002115","is_ascension_mode":true,"campfire_choices":[{"floor":6.0,"key":"REST"},{"data":"Hyperbeam","floor":13.0,"key":"SMITH"},{"floor":15.0,"key":"REST"},{"floor":23.0,"key":"REST"},{"floor":27.0,"key":"REST"},{"floor":32.0,"key":"RECALL"},{"floor":40.0,"key":"REST"},{"floor":42.0,"key":"REST"},{"floor":49.0,"key":"REST"}],"neow_cost":"NONE","seed_source_timestamp":2339342627120189,"circlet_count":0,"master_deck":["AscendersBane","Defend_B+1","Defend_B+1","Defend_B+1","Hyperbeam+1","Rebound","Sunder","Conserve Battery","Buffer+1","Hyperbeam","Reinforced Body","Machine Learning","Undo"],"special_seed":0,"relics":["Snecko Eye","Letter Opener","Pen Nib","Fusion Hammer","Boot","Juzu Bracelet","Pantograph","Empty Cage","Torii","Frozen Egg 2","Ornamental Fan","Ice Cream"],"potions_floor_usage":[50,51],"damage_taken":[{"damage":7.0,"enemies":"Cultist","floor":1.0,"turns":4.0},{"damage":2.0,"enemies":"2 Louse","floor":2.0,"turns":2.0},{"damage":7.0,"enemies":"Jaw Worm","floor":4.0,"turns":5.0},{"damage":0.0,"enemies":"2 Fungi Beasts","floor":7.0,"turns":1.0},{"damage":0.0,"enemies":"Large Slime","floor":10.0,"turns":3.0},{"damage":11.0,"enemies":"Looter","floor":11.0,"turns":2.0},{"damage":8.0,"enemies":"Gremlin Nob","floor":14.0,"turns":3.0},{"damage":7.0,"enemies":"Slime Boss","floor":16.0,"turns":7.0},{"damage":0.0,"enemies":"Chosen","floor":18.0,"turns":2.0},{"damage":11.0,"enemies":"Spheric Guardian","floor":21.0,"turns":4.0},{"damage":22.0,"enemies":"Gremlin Leader","floor":24.0,"turns":4.0},{"damage":0.0,"enemies":"Snecko","floor":30.0,"turns":2.0},{"damage":16.0,"enemies":"Automaton","floor":33.0,"turns":8.0},{"damage":0.0,"enemies":"Orb Walker","floor":35.0,"turns":1.0},{"damage":0.0,"enemies":"Mind Bloom Boss Battle","floor":37.0,"turns":4.0},{"damage":0.0,"enemies":"3 Darklings","floor":38.0,"turns":1.0},{"damage":42.0,"enemies":"Giant Head","floor":41.0,"turns":7.0},{"damage":0.0,"enemies":"Reptomancer","floor":44.0,"turns":5.0},{"damage":0.0,"enemies":"Spire Growth","floor":46.0,"turns":4.0},{"damage":0.0,"enemies":"Maw","floor":48.0,"turns":6.0},{"damage":24,"enemies":"Awakened One","floor":50,"turns":23},{"damage":23,"enemies":"Donu and Deca","floor":51,"turns":10}],"seed_played":"-8138209567500172530","potions_obtained":[{"floor":7.0,"key":"Dexterity Potion"},{"floor":10.0,"key":"Regen Potion"},{"floor":16.0,"key":"Dexterity Potion"},{"floor":24.0,"key":"SneckoOil"},{"floor":38.0,"key":"Ancient Potion"},{"floor":48.0,"key":"Block Potion"}],"is_trial":false,"path_per_floor":["M","M","$","M","?","R","M","$","T","M","M","$","R","E","R","B",null,"M","?","?","M","?","R","E","?","T","R","$","T","M","?","R","B",null,"M","?","?","M","?","R","E","R","T","E","?","M","?","M","R","B","B",null],"character_chosen":"DEFECT","items_purchased":[],"campfire_rested":7,"item_purchase_floors":[],"current_hp_per_floor":[57,55,55,48,48,69,69,69,69,69,58,58,58,50,71,64,69,69,69,69,58,58,71,49,49,49,70,70,70,70,70,70,70,71,71,71,71,71,71,71,29,50,50,50,50,50,50,50,67,43,44],"gold":345,"neow_bonus":"BOSS_RELIC","is_prod":false,"is_daily":false,"chose_seed":false,"campfire_upgraded":1,"win_rate":0,"timestamp":1557264075,"path_taken":["M","M","$","?","?","R","M","?","T","M","M","$","R","E","R","BOSS","M","?","?","M","?","R","E","?","T","R","?","?","M","?","R","BOSS","M","?","?","M","?","R","E","R","T","E","?","M","?","M","R","BOSS","BOSS"],"build_version":"2019-01-23","purchased_purges":2,"victory":true,"max_hp_per_floor":[71,71,71,71,71,71,71,71,71,71,71,71,71,71,71,71,71,71,71,71,71,71,71,71,71,71,71,71,71,71,71,71,71,71,71,71,71,71,71,71,71,71,71,71,67,67,67,67,67,67,67],"card_choices":[{"not_picked":["Turbo","Barrage","Coolheaded"],"picked":"SKIP","floor":1.0},{"not_picked":["Cold Snap","Chaos","FTL"],"picked":"SKIP","floor":2.0},{"not_picked":["Beam Cell","Go for the Eyes"],"picked":"Hyperbeam","floor":4.0},{"not_picked":["Turbo","Barrage"],"picked":"Rebound","floor":7.0},{"not_picked":["FTL","Lockon"],"picked":"Sunder","floor":10.0},{"not_picked":["Tempest","Turbo"],"picked":"Conserve Battery","floor":11.0},{"not_picked":["Reboot","Barrage"],"picked":"Buffer","floor":14.0},{"not_picked":["Thunder Strike","Electrodynamics"],"picked":"Hyperbeam","floor":16.0},{"not_picked":["Coolheaded","Steam"],"picked":"Reinforced Body","floor":18.0},{"not_picked":["Streamline","Compile Driver","Heatsinks"],"picked":"SKIP","floor":21.0},{"not_picked":["Rebound","Core Surge","Steam"],"picked":"SKIP","floor":24.0},{"not_picked":["Turbo","Skim","Go for the Eyes"],"picked":"SKIP","floor":30.0},{"not_picked":["Core Surge","Multi-Cast"],"picked":"Machine Learning","floor":33.0},{"not_picked":["Glacier","Sweeping Beam","Double Energy"],"picked":"SKIP","floor":35.0},{"not_picked":["Steam Power","Coolheaded","Compile Driver"],"picked":"SKIP","floor":38.0},{"not_picked":["Sweeping Beam","Hello World"],"picked":"Undo","floor":41.0},{"not_picked":["Fission","Turbo","Go for the Eyes"],"picked":"SKIP","floor":44.0},{"not_picked":["Scrape","Genetic Algorithm","Storm+1"],"picked":"SKIP","floor":46.0},{"not_picked":["Streamline","Gash","Defragment+1"],"picked":"SKIP","floor":48.0}],"player_experience":886940,"relics_obtained":[{"floor":9.0,"key":"Letter Opener"},{"floor":14.0,"key":"Pen Nib"},{"floor":24.0,"key":"Boot"},{"floor":26.0,"key":"Juzu Bracelet"},{"floor":29.0,"key":"Pantograph"},{"floor":37.0,"key":"Torii"},{"floor":41.0,"key":"Frozen Egg 2"},{"floor":43.0,"key":"Ornamental Fan"},{"floor":44.0,"key":"Ice Cream"}],"event_choices":[{"damage_healed":0.0,"max_hp_gain":0.0,"max_hp_loss":0.0,"gold_gain":0.0,"event_name":"Liars Game","player_choice":"Ignored","floor":5.0,"gold_loss":0.0,"damage_taken":0.0},{"cards_removed":["Dualcast"],"damage_healed":0.0,"max_hp_gain":0.0,"max_hp_loss":0.0,"gold_gain":0.0,"event_name":"Beggar","player_choice":"Gave Gold","floor":19.0,"gold_loss":75.0,"damage_taken":0.0},{"damage_healed":0.0,"max_hp_gain":0.0,"max_hp_loss":0.0,"gold_gain":0.0,"event_name":"Back to Basics","player_choice":"Simplicity","floor":20.0,"gold_loss":0.0,"damage_taken":0.0,"cards_upgraded":["Strike_B","Strike_B","Strike_B","Defend_B","Defend_B","Defend_B","Defend_B"]},{"damage_healed":0.0,"max_hp_gain":0.0,"max_hp_loss":0.0,"gold_gain":0.0,"event_name":"Masked Bandits","player_choice":"Paid Fearfully","floor":25.0,"gold_loss":86.0,"damage_taken":0.0},{"cards_removed":["Strike_B"],"damage_healed":0.0,"max_hp_gain":0.0,"max_hp_loss":0.0,"gold_gain":0.0,"event_name":"Purifier","player_choice":"Purged","floor":31.0,"gold_loss":0.0,"damage_taken":0.0},{"damage_healed":0.0,"max_hp_gain":0.0,"max_hp_loss":0.0,"gold_gain":0.0,"event_name":"Tomb of Lord Red Mask","player_choice":"Ignored","floor":36.0,"gold_loss":0.0,"damage_taken":0.0},{"damage_healed":0.0,"max_hp_gain":0.0,"max_hp_loss":0.0,"gold_gain":0.0,"event_name":"MindBloom","player_choice":"Fight","floor":37.0,"gold_loss":0.0,"damage_taken":0.0},{"damage_healed":0.0,"max_hp_gain":0.0,"max_hp_loss":0.0,"gold_gain":0.0,"event_name":"Accursed Blacksmith","player_choice":"Forge","floor":39.0,"gold_loss":0.0,"damage_taken":0.0,"cards_upgraded":["Buffer"]},{"damage_healed":0.0,"max_hp_gain":0.0,"max_hp_loss":4.0,"gold_gain":0.0,"event_name":"Winding Halls","player_choice":"Max HP","floor":45.0,"gold_loss":0.0,"damage_taken":0.0},{"cards_removed":["Defend_B"],"damage_healed":0.0,"max_hp_gain":0.0,"max_hp_loss":0.0,"gold_gain":0.0,"event_name":"Falling","player_choice":"Removed Skill","floor":47.0,"gold_loss":0.0,"damage_taken":0.0}],"is_beta":false,"boss_relics":[{"not_picked":["Tiny House","Eternal Feather"],"picked":"Fusion Hammer"},{"not_picked":["Philosopher\u0027s Stone","Astrolabe"],"picked":"Empty Cage"}],"items_purged_floors":[3,12],"is_endless":false,"potions_floor_spawned":[7,10,14,16,18,24,38,44,46,48],"ascension_level":20}