{"gold_per_floor":[118,118,144,163,174,199,199,213,213,225,252,3,3,15,15,110,110,125,138,167,179,179,179,190,108,108,108,108,108,122,122,122,122],"floor_reached":33,"playtime":3121,"items_purged":["Strike_R"],"score":247,"play_id":"d412ba6b-138a-4a32-b451-d60dbedd873c","local_time":"20190321161217","is_ascension_mode":false,"campfire_choices":[{"data":"True Grit","floor":7,"key":"SMITH"},{"data":"Bash","floor":10,"key":"SMITH"},{"data":"Whirlwind","floor":15,"key":"SMITH"},{"data":"Corruption","floor":23,"key":"SMITH"},{"data":"Spot Weakness","floor":29,"key":"SMITH"},{"data":"Juggernaut","floor":32,"key":"SMITH"}],"neow_cost":"NONE","seed_source_timestamp":261656338200177,"circlet_count":0,"master_deck":["Strike_R","Strike_R","Strike_R","Strike_R","Defend_R","Defend_R+1","Defend_R+1","Defend_R","Bash+1","Sword Boomerang","True Grit+1","Heavy Blade","Spot Weakness+1","Clothesline","Whirlwind+1","Corruption+1","Rampage","Juggernaut+1","Writhe","Flame Barrier","Shrug It Off"],"relics":["Burning Blood","NeowsBlessing","Blood Vial","Champion Belt","MawBank","Meat on the Bone","Philosopher\u0027s Stone","Red Mask","Anchor","Frozen Egg 2","Enchiridion","War Paint"],"potions_floor_usage":[6,16,33],"damage_taken":[{"damage":0,"enemies":"Jaw Worm","floor":1,"turns":1},{"damage":0,"enemies":"Cultist","floor":4,"turns":1},{"damage":0,"enemies":"2 Louse","floor":5,"turns":1},{"damage":47,"enemies":"Lagavulin","floor":6,"turns":7},{"damage":0,"enemies":"2 Fungi Beasts","floor":8,"turns":3},{"damage":4,"enemies":"Large Slime","floor":11,"turns":6},{"damage":4,"enemies":"Exordium Wildlife","floor":14,"turns":3},{"damage":44,"enemies":"Slime Boss","floor":16,"turns":13},{"damage":25,"enemies":"2 Thieves","floor":18,"turns":4},{"damage":21,"enemies":"Spheric Guardian","floor":19,"turns":4},{"damage":0,"enemies":"Masked Bandits","floor":20,"turns":2},{"damage":32,"enemies":"Shelled Parasite and Fungi","floor":21,"turns":5},{"damage":21,"enemies":"Centurion and Healer","floor":24,"turns":7},{"damage":13,"enemies":"Colosseum Slavers","floor":27,"turns":4},{"damage":0,"enemies":"Cultist and Chosen","floor":30,"turns":4},{"damage":90,"enemies":"Collector","floor":33,"turns":6}],"seed_played":"-1544521837761320381","potions_obtained":[{"floor":4,"key":"Energy Potion"},{"floor":8,"key":"SpeedPotion"},{"floor":11,"key":"Regen Potion"},{"floor":14,"key":"Explosive Potion"},{"floor":16,"key":"Regen Potion"},{"floor":19,"key":"EssenceOfSteel"}],"is_trial":false,"path_per_floor":["M","?","T","M","M","E","R","M","T","R","M","$","?","M","R","B",null,"M","M","?","M","?","R","M","$","T","?","?","R","M","?","R","B"],"character_chosen":"IRONCLAD","items_purchased":["Whirlwind","Corruption","Rampage","Flame Barrier"],"campfire_rested":0,"item_purchase_floors":[12,12,12,25],"current_hp_per_floor":[80,80,80,80,80,39,39,47,47,47,51,51,48,52,52,28,80,61,48,56,44,44,44,43,43,43,50,34,34,54,54,54,0],"gold":122,"neow_bonus":"THREE_ENEMY_KILL","is_prod":false,"is_daily":false,"chose_seed":false,"campfire_upgraded":6,"win_rate":0,"timestamp":1553199137,"path_taken":["M","?","?","M","M","E","R","M","T","R","?","$","?","M","R","BOSS","M","M","?","M","?","R","M","$","T","?","?","R","?","?","R","BOSS"],"build_version":"2019-01-23","purchased_purges":1,"victory":false,"max_hp_per_floor":[80,80,80,80,80,80,80,80,80,80,80,80,80,80,80,80,80,80,80,80,80,80,80,80,80,80,80,80,80,80,80,80,80],"card_choices":[{"not_picked":["Flex","Rupture"],"picked":"Sword Boomerang","floor":1},{"not_picked":["Clothesline","Thunderclap"],"picked":"True Grit","floor":4},{"not_picked":["Rage","Shockwave","Exhume"],"picked":"SKIP","floor":5},{"not_picked":["Clash","Metallicize"],"picked":"Heavy Blade","floor":6},{"not_picked":["Rupture","Clothesline"],"picked":"Spot Weakness","floor":8},{"not_picked":["Clash","Anger"],"picked":"Clothesline","floor":11},{"not_picked":["True Grit","Heavy Blade","Warcry"],"picked":"SKIP","floor":14},{"not_picked":["Impervious","Brutality"],"picked":"Juggernaut","floor":16},{"not_picked":["Searing Blow","Heavy Blade","Pommel Strike+1"],"picked":"SKIP","floor":18},{"not_picked":["Clothesline","Dropkick","Sword Boomerang"],"picked":"SKIP","floor":19},{"not_picked":["Thunderclap","Pummel","Havoc"],"picked":"SKIP","floor":21},{"not_picked":["Cleave+1","Infernal Blade","Anger"],"picked":"SKIP","floor":24},{"not_picked":["Warcry+1","Disarm"],"picked":"Shrug It Off","floor":30}],"player_experience":508130,"relics_obtained":[{"floor":3,"key":"Blood Vial"},{"floor":6,"key":"Champion Belt"},{"floor":9,"key":"MawBank"},{"floor":20,"key":"Red Mask"},{"floor":26,"key":"Frozen Egg 2"},{"floor":28,"key":"Enchiridion"}],"event_choices":[{"damage_healed":0,"gold_gain":0,"player_choice":"Ignored","damage_taken":0,"max_hp_gain":0,"max_hp_loss":0,"event_name":"Shining Light","floor":2,"gold_loss":0},{"damage_healed":0,"gold_gain":0,"player_choice":"Success","damage_taken":3,"relics_obtained":["Meat on the Bone"],"max_hp_gain":0,"max_hp_loss":0,"event_name":"Scrap Ooze","floor":13,"gold_loss":0},{"damage_healed":0,"gold_gain":0,"player_choice":"Fought Bandits","damage_taken":0,"max_hp_gain":0,"max_hp_loss":0,"event_name":"Masked Bandits","floor":20,"gold_loss":0},{"damage_healed":0,"gold_gain":0,"player_choice":"Opened","damage_taken":0,"relics_obtained":["Anchor"],"max_hp_gain":0,"max_hp_loss":0,"event_name":"The Mausoleum","floor":22,"gold_loss":0,"cards_obtained":["Writhe"]},{"damage_healed":0,"gold_gain":0,"player_choice":"Fight","damage_taken":0,"max_hp_gain":0,"max_hp_loss":0,"event_name":"Colosseum","floor":27,"gold_loss":0},{"damage_healed":0,"gold_gain":0,"player_choice":"Fled From Nobs","damage_taken":0,"max_hp_gain":0,"max_hp_loss":0,"event_name":"Colosseum","floor":27,"gold_loss":0},{"damage_healed":0,"gold_gain":0,"player_choice":"Obtained Book","damage_taken":16,"max_hp_gain":0,"max_hp_loss":0,"event_name":"Cursed Tome","floor":28,"gold_loss":0},{"damage_healed":0,"gold_gain":0,"player_choice":"Gave Potion","damage_taken":0,"relics_obtained":["War Paint"],"max_hp_gain":0,"max_hp_loss":0,"event_name":"WeMeetAgain","floor":31,"gold_loss":0}],"is_beta":false,"boss_relics":[{"not_picked":["Calling Bell","Ectoplasm"],"picked":"Philosopher\u0027s Stone"}],"items_purged_floors":[12],"is_endless":false,"potions_floor_spawned":[4,8,11,14,16,19,24,30],"killed_by":"Collector","ascension_level":0}