{"gold_per_floor":[113,113,130,142,217,217,229,239,310,321,354,354,279,342,342,447,447,459,459,474,334,345,345,379,329,329,329,15,114,8,8,8,8],"floor_reached":33,"playtime":2369,"items_purged":["Strike_B","Writhe"],"score":276,"play_id":"de5ba75c-6979-4313-8c67-42c586c7cae8","local_time":"20180623150825","is_ascension_mode":true,"campfire_choices":[{"floor":6.0,"key":"REST"},{"floor":12.0,"key":"REST"},{"floor":15.0,"key":"REST"},{"floor":23,"key":"REST"},{"floor":27,"key":"REST"},{"floor":32,"key":"REST"}],"neow_cost":"","seed_source_timestamp":0,"circlet_count":0,"master_deck":["Strike_B","Strike_B","Strike_B+1","Defend_B","Defend_B","Defend_B","Defend_B+1","Zap","Dualcast","Streamline","FTL","Beam Cell","Go for the Eyes","Self Repair","Echo Form","Gash","BootSequence","Scrape","Skim+1","Blind"],"special_seed":0,"relics":["Fusion Hammer","Pantograph","Mango","Bag of Preparation","Nuclear Battery","Matryoshka","DataDisk","Juzu Bracelet","Ornamental Fan","Unceasing Top"],"potions_floor_usage":[33,33],"damage_taken":[{"damage":1.0,"enemies":"Jaw Worm","floor":1.0,"turns":3.0},{"damage":2.0,"enemies":"Small Slimes","floor":3.0,"turns":3.0},{"damage":0.0,"enemies":"2 Louse","floor":4.0,"turns":2.0},{"damage":8.0,"enemies":"Lots of Slimes","floor":7.0,"turns":3.0},{"damage":0.0,"enemies":"Blue Slaver","floor":8.0,"turns":2.0},{"damage":8.0,"enemies":"2 Fungi Beasts","floor":10.0,"turns":3.0},{"damage":15.0,"enemies":"3 Sentries","floor":11.0,"turns":7.0},{"damage":26.0,"enemies":"Gremlin Nob","floor":14.0,"turns":5.0},{"damage":84.0,"enemies":"Hexaghost","floor":16.0,"turns":11.0},{"damage":30,"enemies":"2 Thieves","floor":18,"turns":5},{"damage":22,"enemies":"Spheric Guardian","floor":20,"turns":4},{"damage":9,"enemies":"Centurion and Healer","floor":22,"turns":6},{"damage":66,"enemies":"Book of Stabbing","floor":24,"turns":6},{"damage":108,"enemies":"Collector","floor":33,"turns":6}],"seed_played":"-6652685196822617808","potions_obtained":[{"floor":3.0,"key":"Fire Potion"},{"floor":8.0,"key":"PowerPotion"},{"floor":11.0,"key":"PowerPotion"},{"floor":16.0,"key":"SteroidPotion"},{"floor":18,"key":"Strength Potion"}],"is_trial":false,"path_per_floor":["M","?","M","M","?","R","M","M","T","M","E","R","$","?","R","B",null,"M","?","M","$","M","R","E","?","T","R","$","?","$","?","R"],"character_chosen":"DEFECT","items_purchased":["Scrape","Unceasing Top","Blind"],"campfire_rested":6,"item_purchase_floors":[21,28,30],"current_hp_per_floor":[74,59,57,57,46,68,60,60,60,52,58,84,84,65,89,12,89,66,66,51,51,49,75,16,16,16,42,42,42,42,42,68,0],"gold":8,"neow_bonus":"","is_prod":false,"is_daily":false,"chose_seed":false,"campfire_upgraded":0,"win_rate":0,"timestamp":1529784505,"path_taken":["M","?","?","M","?","R","M","?","T","M","E","R","$","?","R","BOSS","M","?","M","$","M","R","E","?","T","R","?","?","$","?","R","BOSS"],"build_version":"2018-06-21v2","purchased_purges":2,"victory":false,"max_hp_per_floor":[75,75,75,75,75,75,75,75,75,75,89,89,89,89,89,89,89,89,89,89,89,89,89,89,89,89,89,89,89,89,89,89,89],"card_choices":[{"not_picked":["Barrage","Conserve Battery"],"picked":"Streamline","floor":1.0},{"not_picked":["Cold Snap","Stack","Capacitor"],"picked":"SKIP","floor":3.0},{"not_picked":["Turbo","Beam Cell"],"picked":"FTL","floor":4.0},{"not_picked":["Coolheaded","Hologram"],"picked":"Beam Cell","floor":7.0},{"not_picked":["Cold Snap","Auto Shields"],"picked":"Go for the Eyes","floor":8.0},{"not_picked":["Sweeping Beam","FTL"],"picked":"Self Repair","floor":10.0},{"not_picked":["Cold Snap","Buffer","Hello World"],"picked":"SKIP","floor":11.0},{"not_picked":["Machine Learning","Seek"],"picked":"Echo Form","floor":16.0},{"not_picked":["Steam","Heatsinks"],"picked":"Gash","floor":18},{"not_picked":["Streamline","Glacier"],"picked":"BootSequence","floor":20},{"not_picked":["Ball Lightning","Redo","Rip and Tear"],"picked":"SKIP","floor":22},{"not_picked":["Capacitor","Go for the Eyes"],"picked":"Skim+1","floor":24}],"player_experience":214070,"relics_obtained":[{"floor":9.0,"key":"Pantograph"},{"floor":11.0,"key":"Mango"},{"floor":14.0,"key":"Bag of Preparation"},{"floor":24,"key":"DataDisk"},{"floor":26,"key":"Juzu Bracelet"},{"floor":26,"key":"Ornamental Fan"}],"event_choices":[{"event_name":"Shining Light","player_choice":"Entered Light","floor":2.0,"damage_taken":0.0},{"event_name":"World of Goop","player_choice":"Gather Gold","floor":5.0,"damage_taken":0.0},{"event_name":"Dead Adventurer","player_choice":"Searched \u00273\u0027 times","floor":14.0,"damage_taken":0.0},{"event_name":"The Mausoleum","player_choice":"Yes","floor":19,"damage_taken":0},{"event_name":"The Joust","player_choice":"Bet on Murderer","floor":25,"damage_taken":0},{"event_name":"Nest","player_choice":"Stole From Cult","floor":29,"damage_taken":0},{"event_name":"N\u0027loth","player_choice":"Ignored","floor":31,"damage_taken":0}],"boss_relics":[{"not_picked":["Sozu","Inserter"],"picked":"Nuclear Battery"}],"items_purged_floors":[],"is_endless":false,"potions_floor_spawned":[3,8,11,16,18],"killed_by":"Collector","ascension_level":1}