{"gold_per_floor":[118,118,68,68,80,114],"floor_reached":6,"playtime":275,"items_purged":[],"score":48,"play_id":"5a4520e5-c6ea-4791-b3b2-9085c812a9ba","local_time":"20190213154633","is_ascension_mode":true,"campfire_choices":[],"neow_cost":"NONE","seed_source_timestamp":64411351688053,"circlet_count":0,"master_deck":["Defend_G","Defend_G+1","Defend_G","Defend_G","Defend_G","Strike_G","Strike_G","Strike_G","Strike_G","Survivor+1","Neutralize","Deflect","Doppelganger","Cloak And Dagger"],"special_seed":0,"relics":["Ring of the Snake","War Paint","Art of War","Orichalcum"],"potions_floor_usage":[6],"damage_taken":[{"damage":2.0,"enemies":"Small Slimes","floor":1.0,"turns":4.0},{"damage":0,"enemies":"Jaw Worm","floor":5,"turns":7},{"damage":63,"enemies":"Lagavulin","floor":6,"turns":17}],"seed_played":"7628172801212200582","potions_obtained":[{"floor":1.0,"key":"Explosive Potion"},{"floor":6,"key":"Dexterity Potion"}],"is_trial":false,"path_per_floor":["M","?","?","?","M","E"],"character_chosen":"THE_SILENT","items_purchased":[],"campfire_rested":0,"item_purchase_floors":[],"current_hp_per_floor":[68,68,68,68,68,5],"gold":114,"neow_bonus":"RANDOM_COMMON_RELIC","is_prod":false,"is_daily":false,"chose_seed":false,"campfire_upgraded":0,"win_rate":0,"timestamp":1550061993,"path_taken":["M","?","?","?","?","E"],"build_version":"2019-01-23","purchased_purges":0,"victory":false,"max_hp_per_floor":[70,70,70,70,70,70],"card_choices":[{"not_picked":["Dodge and Roll","Predator"],"picked":"Deflect","floor":1.0},{"not_picked":["Flechettes","Setup"],"picked":"Cloak And Dagger","floor":5},{"not_picked":["Caltrops","Flying Knee","Acrobatics"],"picked":"SKIP","floor":6}],"player_experience":385286,"relics_obtained":[{"floor":6,"key":"Orichalcum"}],"event_choices":[{"damage_healed":0.0,"max_hp_gain":0.0,"max_hp_loss":0.0,"gold_gain":0.0,"event_name":"Big Fish","player_choice":"Box","floor":2.0,"gold_loss":0.0,"damage_taken":0.0,"relics_obtained":["Art of War"],"cards_obtained":["Regret"]},{"cards_removed":["Regret"],"damage_healed":0.0,"max_hp_gain":0.0,"max_hp_loss":0.0,"gold_gain":0.0,"event_name":"The Cleric","player_choice":"Card Removal","floor":3.0,"gold_loss":50.0,"damage_taken":0.0},{"damage_healed":0,"gold_gain":0,"cards_transformed":["Strike_G"],"player_choice":"Transformed","damage_taken":0,"max_hp_gain":0,"max_hp_loss":0,"event_name":"Transmorgrifier","floor":4,"gold_loss":0,"cards_obtained":["Doppelganger"]}],"is_beta":false,"boss_relics":[],"items_purged_floors":[],"is_endless":false,"potions_floor_spawned":[1,6],"killed_by":"Lagavulin","ascension_level":2}