{"gold_per_floor":[113,127,127,148,148,148,188,188,188,188,228,249,273,273,273,404,404,420,142,155,155,85,85,113,113,139,139,154,66,81,81,81,81],"floor_reached":33,"playtime":2457,"items_purged":["Shame"],"score":273,"play_id":"3ee2bb1c-5b61-49ee-8fb1-4031730590ab","local_time":"20181113100134","is_ascension_mode":false,"campfire_choices":[{"data":"Sentinel","floor":6,"key":"SMITH"},{"floor":8,"key":"REST"},{"floor":10,"key":"REST"},{"floor":15,"key":"REST"},{"data":"Feed","floor":23,"key":"SMITH"},{"floor":27,"key":"REST"},{"floor":32,"key":"REST"}],"neow_cost":"NONE","seed_source_timestamp":317898308124089,"circlet_count":0,"master_deck":["Strike_R","Strike_R","Strike_R","Strike_R","Defend_R","Defend_R","Defend_R","Bash+1","Sentinel+1","Rupture","Feel No Pain","Regret","Metallicize","Combust","Offering","Pain","Feed+1","Bludgeon+1","Clothesline+1","Havoc","Feel No Pain","Feel No Pain","Headbutt+1","Bandage Up","Entrench","Shame"],"relics":["Burning Blood","Bloody Idol","Self Forming Clay","Matryoshka","Boot","Bronze Scales","Bird Faced Urn","WarpedTongs","Astrolabe","Medical Kit","Incense Burner","Blood Vial","Vajra","Bag of Preparation"],"potions_floor_usage":[33,33,33],"damage_taken":[{"damage":2,"enemies":"Small Slimes","floor":1,"turns":4},{"damage":6,"enemies":"Jaw Worm","floor":2,"turns":4},{"damage":6,"enemies":"Cultist","floor":4,"turns":3},{"damage":49,"enemies":"Gremlin Nob","floor":7,"turns":6},{"damage":28,"enemies":"Lagavulin","floor":11,"turns":8},{"damage":14,"enemies":"2 Fungi Beasts","floor":12,"turns":5},{"damage":22,"enemies":"Lots of Slimes","floor":13,"turns":3},{"damage":54,"enemies":"Hexaghost","floor":16,"turns":9},{"damage":17,"enemies":"Shell Parasite","floor":18,"turns":4},{"damage":11,"enemies":"Chosen","floor":20,"turns":4},{"damage":72,"enemies":"Slavers","floor":24,"turns":7},{"damage":46,"enemies":"Centurion and Healer","floor":28,"turns":7},{"damage":32,"enemies":"3 Cultists","floor":30,"turns":6},{"damage":94,"enemies":"Automaton","floor":33,"turns":8}],"seed_played":"6314036968707956333","potions_obtained":[{"floor":1,"key":"Strength Potion"},{"floor":2,"key":"FearPotion"},{"floor":7,"key":"EntropicBrew"},{"floor":11,"key":"BloodPotion"}],"is_trial":false,"path_per_floor":["M","M","?","M","?","R","E","R","T","R","E","M","M","?","R","B",null,"M","$","M","?","$","R","E","?","T","R","M","$","M","?","R","B"],"character_chosen":"IRONCLAD","items_purchased":["Medical Kit","Feel No Pain","Bandage Up"],"campfire_rested":5,"item_purchase_floors":[19,22,29],"current_hp_per_floor":[80,80,80,80,80,80,37,61,61,80,58,56,48,48,72,32,80,78,78,81,81,81,81,30,30,35,59,38,38,41,41,67,0],"gold":81,"neow_bonus":"UPGRADE_CARD","is_prod":false,"is_daily":false,"chose_seed":false,"campfire_upgraded":2,"win_rate":0.0,"timestamp":1542092494,"path_taken":["M","M","?","M","?","R","E","R","T","R","E","?","?","?","R","BOSS","M","?","M","?","$","R","E","?","T","R","M","$","M","?","R","BOSS"],"build_version":"2018-11-08","purchased_purges":1,"victory":false,"max_hp_per_floor":[80,80,80,80,80,80,80,80,80,80,80,80,80,80,80,80,80,83,83,83,83,83,83,83,83,83,83,83,83,87,87,87,87],"card_choices":[{"not_picked":["Burning Pact","Wild Strike"],"picked":"Sentinel","floor":1},{"not_picked":["Flex","Second Wind"],"picked":"Rupture","floor":2},{"not_picked":["Anger","Second Wind"],"picked":"Feel No Pain","floor":4},{"not_picked":["Reckless Charge","Cleave"],"picked":"Metallicize","floor":7},{"not_picked":["Iron Wave","Twin Strike","Clash"],"picked":"SKIP","floor":11},{"not_picked":["Fire Breathing","Sever Soul"],"picked":"Combust","floor":12},{"not_picked":["Searing Blow","Disarm"],"picked":"Offering","floor":13},{"not_picked":["Demon Form","Offering"],"picked":"Feed","floor":16},{"not_picked":["Headbutt","Heavy Blade+1","Cleave"],"picked":"SKIP","floor":18},{"not_picked":["Thunderclap","Shrug It Off"],"picked":"Havoc","floor":20},{"not_picked":["Shrug It Off","Corruption"],"picked":"Feel No Pain","floor":24},{"not_picked":["Pommel Strike","Perfected Strike"],"picked":"Headbutt+1","floor":28},{"not_picked":["Bloodletting","Carnage+1"],"picked":"Entrench","floor":30}],"player_experience":134899,"relics_obtained":[{"floor":7,"key":"Matryoshka"},{"floor":9,"key":"Boot"},{"floor":9,"key":"Bronze Scales"},{"floor":11,"key":"Bird Faced Urn"},{"floor":24,"key":"Incense Burner"},{"floor":26,"key":"Blood Vial"},{"floor":26,"key":"Vajra"}],"event_choices":[{"damage_healed":0,"gold_gain":0,"player_choice":"Take Wound","damage_taken":0,"relics_obtained":["Golden Idol"],"max_hp_gain":0,"max_hp_loss":0,"event_name":"Golden Idol","floor":3,"gold_loss":0,"cards_obtained":["Injury"]},{"damage_healed":0,"gold_gain":0,"player_choice":"Box","damage_taken":0,"relics_obtained":["Self Forming Clay"],"max_hp_gain":0,"max_hp_loss":0,"event_name":"Big Fish","floor":5,"gold_loss":0,"cards_obtained":["Regret"]},{"damage_healed":0,"gold_gain":0,"player_choice":"Rummage","damage_taken":0,"relics_obtained":["WarpedTongs"],"max_hp_gain":0,"max_hp_loss":0,"event_name":"Accursed Blacksmith","floor":14,"gold_loss":0,"cards_obtained":["Pain"]},{"damage_healed":0,"gold_gain":0,"player_choice":"Gave Idol","damage_taken":0,"relics_obtained":["Bloody Idol"],"max_hp_gain":0,"max_hp_loss":0,"event_name":"Forgotten Altar","floor":21,"relics_lost":["Golden Idol"],"gold_loss":0},{"damage_healed":0,"gold_gain":0,"player_choice":"Ignored","damage_taken":0,"max_hp_gain":0,"max_hp_loss":0,"event_name":"Beggar","floor":25,"gold_loss":0},{"damage_healed":0,"gold_gain":0,"player_choice":"Stole Relic","damage_taken":0,"relics_obtained":["Bag of Preparation"],"max_hp_gain":0,"max_hp_loss":0,"event_name":"Addict","floor":31,"gold_loss":0,"cards_obtained":["Shame"]}],"is_beta":false,"boss_relics":[{"not_picked":["Philosopher\u0027s Stone","Ectoplasm"],"picked":"Astrolabe"}],"items_purged_floors":[19],"is_endless":false,"potions_floor_spawned":[1,2,7,11,24,30],"killed_by":"Automaton","ascension_level":0}