{"gold_per_floor":[119,119,139,64,14,45,56,70,96,15,49,49,49,63,63,162,162,176,76,92,118,118,118,146,221,247,247,274,290,290,290,290,385,385,400,275,497,45,45,71,87,87,87,87,97,97,114,114],"floor_reached":48,"playtime":2225,"items_purged":["Strike_R","Strike_R","Defend_R","Defend_R"],"score":534,"play_id":"74a83a11-c7a6-4e2b-b4e6-36d9cc37516e","local_time":"20190211082313","is_ascension_mode":false,"campfire_choices":[{"data":"Bash","floor":13.0,"key":"SMITH"},{"floor":15.0,"key":"REST"},{"floor":23.0,"key":"REST"},{"floor":27.0,"key":"REST"},{"data":"Shrug It Off","floor":30.0,"key":"SMITH"},{"floor":32.0,"key":"REST"},{"data":"Strike_R","floor":42,"key":"PURGE"}],"neow_cost":"NONE","seed_source_timestamp":41250764709424,"circlet_count":0,"master_deck":["Bash+1","Shrug It Off+1","Dropkick"],"special_seed":0,"relics":["Burning Blood","NeowsBlessing","Centennial Puzzle","PreservedInsect","Anchor","Pear","Black Star","Red Mask","Happy Flower","Pen Nib","Self Forming Clay","Bottled Lightning","Juzu Bracelet","Bronze Scales","Nilry\u0027s Codex","Empty Cage","Peace Pipe","Molten Egg 2","Bag of Preparation","Mummified Hand"],"potions_floor_usage":[45,48],"damage_taken":[{"damage":0.0,"enemies":"2 Louse","floor":1.0,"turns":1.0},{"damage":0.0,"enemies":"Jaw Worm","floor":3.0,"turns":1.0},{"damage":0.0,"enemies":"3 Sentries","floor":6.0,"turns":1.0},{"damage":4.0,"enemies":"Small Slimes","floor":7.0,"turns":4.0},{"damage":14.0,"enemies":"Looter","floor":8.0,"turns":4.0},{"damage":28.0,"enemies":"Lagavulin","floor":11.0,"turns":5.0},{"damage":4.0,"enemies":"Gremlin Gang","floor":14.0,"turns":5.0},{"damage":28.0,"enemies":"Slime Boss","floor":16.0,"turns":13.0},{"damage":0.0,"enemies":"Chosen","floor":18.0,"turns":4.0},{"damage":32.0,"enemies":"3 Byrds","floor":20.0,"turns":8.0},{"damage":57.0,"enemies":"Masked Bandits","floor":21.0,"turns":7.0},{"damage":16.0,"enemies":"Book of Stabbing","floor":24.0,"turns":4.0},{"damage":22.0,"enemies":"Snecko","floor":29.0,"turns":4.0},{"damage":33.0,"enemies":"Automaton","floor":33.0,"turns":7.0},{"damage":11.0,"enemies":"3 Darklings","floor":35.0,"turns":7.0},{"damage":24,"enemies":"Reptomancer","floor":40,"turns":3},{"damage":8,"enemies":"3 Shapes","floor":41,"turns":4},{"damage":33,"enemies":"Spire Growth","floor":45,"turns":4},{"damage":31,"enemies":"Jaw Worm Horde","floor":47,"turns":3},{"damage":55,"enemies":"Nemesis","floor":48,"turns":4}],"seed_played":"1525612397127334887","potions_obtained":[{"floor":3.0,"key":"Weak Potion"},{"floor":7.0,"key":"Strength Potion"},{"floor":8.0,"key":"SpeedPotion"},{"floor":16.0,"key":"SpeedPotion"},{"floor":21.0,"key":"Strength Potion"},{"floor":24.0,"key":"PowerPotion"},{"floor":35.0,"key":"Fire Potion"},{"floor":40,"key":"Energy Potion"},{"floor":47,"key":"Explosive Potion"}],"is_trial":false,"path_per_floor":["M","?","M","$","?","E","M","M","T","$","E","?","R","M","R","B",null,"M","$","M","?","?","R","E","T","T","R","T","M","R","?","R","B",null,"M","$","?","$","?","E","M","R","T","?","M","?","M","E"],"character_chosen":"IRONCLAD","items_purchased":["Dropkick","Peace Pipe"],"campfire_rested":4,"item_purchase_floors":[10,38],"current_hp_per_floor":[80,80,80,80,80,80,80,72,72,72,50,57,57,59,86,64,90,90,90,64,13,13,40,30,30,30,57,57,41,41,25,52,25,90,85,85,85,85,85,67,65,65,65,70,43,79,54,0],"gold":114,"neow_bonus":"THREE_ENEMY_KILL","is_prod":false,"is_daily":false,"chose_seed":false,"campfire_upgraded":2,"win_rate":0,"timestamp":1549862593,"path_taken":["M","?","M","$","?","E","M","M","T","$","E","?","R","M","R","BOSS","M","$","M","?","?","R","E","?","T","R","?","M","R","?","R","BOSS","M","$","?","$","?","E","M","R","T","?","M","?","M","E"],"build_version":"2019-01-23","purchased_purges":4,"victory":false,"max_hp_per_floor":[80,80,80,80,80,80,80,80,80,80,80,90,90,90,90,90,90,90,90,90,90,90,90,90,90,90,90,90,90,90,90,90,90,90,90,90,90,90,90,90,90,90,90,90,90,79,79,79],"card_choices":[{"not_picked":["Flex","Battle Trance","Perfected Strike"],"picked":"SKIP","floor":1.0},{"not_picked":["Whirlwind","Wild Strike"],"picked":"Shrug It Off","floor":3.0},{"not_picked":["Warcry","Disarm","Shrug It Off"],"picked":"SKIP","floor":6.0},{"not_picked":["Power Through","Body Slam","Iron Wave"],"picked":"SKIP","floor":7.0},{"not_picked":["Anger","Shockwave","Pommel Strike"],"picked":"SKIP","floor":8.0},{"not_picked":["Heavy Blade","Cleave","Wild Strike"],"picked":"SKIP","floor":11.0},{"not_picked":["Burning Pact","Fire Breathing","Wild Strike"],"picked":"SKIP","floor":14.0},{"not_picked":["Blood for Blood","Intimidate","True Grit+1"],"picked":"SKIP","floor":18.0},{"not_picked":["Havoc","True Grit+1","Cleave+1"],"picked":"SKIP","floor":20.0},{"not_picked":["Ghostly Armor","Pommel Strike"],"picked":"Dropkick","floor":21.0},{"not_picked":["Corruption","Warcry","Bloodletting"],"picked":"SKIP","floor":24.0},{"not_picked":["Corruption","Warcry","Bloodletting"],"picked":"SKIP","floor":24.0},{"not_picked":["Sword Boomerang+1","Twin Strike","Metallicize+1"],"picked":"SKIP","floor":29.0},{"not_picked":["True Grit","Flex"],"picked":"Clash","floor":35.0},{"not_picked":["Second Wind","Spot Weakness+1","Dual Wield"],"picked":"SKIP","floor":40},{"not_picked":["Thunderclap+1","Wild Strike+1","Fire Breathing"],"picked":"SKIP","floor":41},{"not_picked":["Iron Wave+1","Flex+1","Wild Strike+1"],"picked":"SKIP","floor":45},{"not_picked":["Heavy Blade+1","Cleave+1","Flame Barrier"],"picked":"SKIP","floor":47}],"player_experience":292800,"relics_obtained":[{"floor":6.0,"key":"Centennial Puzzle"},{"floor":9.0,"key":"PreservedInsect"},{"floor":11.0,"key":"Anchor"},{"floor":21.0,"key":"Red Mask"},{"floor":24.0,"key":"Pen Nib"},{"floor":24.0,"key":"Self Forming Clay"},{"floor":25.0,"key":"Bottled Lightning"},{"floor":26.0,"key":"Juzu Bracelet"},{"floor":28.0,"key":"Bronze Scales"},{"floor":31.0,"key":"Nilry\u0027s Codex"},{"floor":40,"key":"Molten Egg 2"},{"floor":40,"key":"Bag of Preparation"},{"floor":43,"key":"Mummified Hand"}],"event_choices":[{"cards_removed":["Defend_R"],"damage_healed":0.0,"max_hp_gain":0.0,"max_hp_loss":0.0,"gold_gain":0.0,"event_name":"Living Wall","player_choice":"Forget","floor":2.0,"gold_loss":0.0,"damage_taken":0.0},{"cards_removed":["Defend_R"],"damage_healed":0.0,"max_hp_gain":0.0,"max_hp_loss":0.0,"gold_gain":0.0,"event_name":"The Cleric","player_choice":"Card Removal","floor":5.0,"gold_loss":50.0,"damage_taken":0.0},{"damage_healed":0.0,"max_hp_gain":0.0,"max_hp_loss":0.0,"gold_gain":0.0,"event_name":"Scrap Ooze","player_choice":"Success","floor":12.0,"gold_loss":0.0,"damage_taken":3.0,"relics_obtained":["Pear"]},{"damage_healed":0.0,"max_hp_gain":0.0,"max_hp_loss":0.0,"gold_gain":0.0,"event_name":"Masked Bandits","player_choice":"Fought Bandits","floor":21.0,"gold_loss":0.0,"damage_taken":0.0},{"damage_healed":0.0,"max_hp_gain":0.0,"max_hp_loss":0.0,"gold_gain":0.0,"event_name":"The Mausoleum","player_choice":"Opened","floor":22.0,"gold_loss":0.0,"damage_taken":0.0,"relics_obtained":["Happy Flower"]},{"damage_healed":0.0,"max_hp_gain":0.0,"max_hp_loss":0.0,"gold_gain":0.0,"event_name":"Cursed Tome","player_choice":"Obtained Book","floor":31.0,"gold_loss":0.0,"damage_taken":16.0},{"damage_healed":0.0,"max_hp_gain":0.0,"max_hp_loss":0.0,"gold_gain":222.0,"event_name":"Tomb of Lord Red Mask","player_choice":"Wore Mask","floor":37.0,"gold_loss":0.0,"damage_taken":0.0},{"cards_removed":["Dropkick"],"damage_healed":0.0,"max_hp_gain":0.0,"max_hp_loss":0.0,"gold_gain":0.0,"event_name":"Falling","player_choice":"Removed Attack","floor":39.0,"gold_loss":0.0,"damage_taken":0.0},{"cards_removed":["Clash"],"damage_healed":5,"gold_gain":0,"player_choice":"Offered Common","damage_taken":0,"max_hp_gain":0,"max_hp_loss":0,"event_name":"Bonfire Elementals","floor":44,"gold_loss":0},{"cards_removed":["Clash"],"damage_healed":5,"gold_gain":0,"player_choice":"Offered Special","damage_taken":0,"max_hp_gain":0,"max_hp_loss":0,"event_name":"Bonfire Elementals","floor":44,"gold_loss":0},{"damage_healed":79,"gold_gain":0,"player_choice":"Heal","damage_taken":0,"max_hp_gain":0,"max_hp_loss":11,"event_name":"The Moai Head","floor":46,"gold_loss":0}],"is_beta":false,"boss_relics":[{"not_picked":["Sozu","Calling Bell"],"picked":"Black Star"},{"not_picked":["Eternal Feather","Snecko Eye"],"picked":"Empty Cage"}],"items_purged_floors":[4,19,36,38],"is_endless":false,"potions_floor_spawned":[3,7,8,16,21,24,35,40,47],"killed_by":"Nemesis","ascension_level":0}