{"gold_per_floor":[119,194,119,119,119,119,135,135,135,154,154,174,214,232,232,355,355,369,392,415,163,203,203],"floor_reached":23,"playtime":937,"items_purged":["Defend_R","Strike_R"],"score":191,"play_id":"3c20eab8-a8d1-4475-b7ff-b0703c616418","local_time":"20190209192338","is_ascension_mode":false,"campfire_choices":[{"floor":6.0,"key":"DIG"},{"floor":8.0,"key":"DIG"},{"floor":15.0,"key":"REST"}],"neow_cost":"NONE","seed_source_timestamp":78823358718070,"circlet_count":0,"master_deck":["Strike_R","Strike_R","Strike_R","Strike_R","Defend_R","Defend_R","Defend_R","Bash","Clash","Barricade","Flame Barrier","Impervious","Body Slam+1","Pommel Strike","Impervious"],"special_seed":0,"relics":["Burning Blood","Shovel","Bag of Preparation","Thread and Needle","Blue Candle","Golden Idol","Pantograph","Sozu","Art of War","Red Mask"],"potions_floor_usage":[16],"damage_taken":[{"damage":10.0,"enemies":"Jaw Worm","floor":1.0,"turns":4.0},{"damage":1.0,"enemies":"2 Louse","floor":7.0,"turns":3.0},{"damage":0.0,"enemies":"Small Slimes","floor":10.0,"turns":3.0},{"damage":8.0,"enemies":"2 Fungi Beasts","floor":12.0,"turns":5.0},{"damage":39.0,"enemies":"3 Sentries","floor":13.0,"turns":10.0},{"damage":14.0,"enemies":"Large Slime","floor":14.0,"turns":6.0},{"damage":62,"enemies":"Hexaghost","floor":16,"turns":16},{"damage":26,"enemies":"3 Byrds","floor":18,"turns":6},{"damage":1,"enemies":"Chosen","floor":19,"turns":4},{"damage":38,"enemies":"Sentry and Sphere","floor":20,"turns":10},{"damage":34,"enemies":"Masked Bandits","floor":22,"turns":6},{"damage":16,"enemies":"Slavers","floor":23,"turns":2}],"seed_played":"-2780850994894119220","potions_obtained":[{"floor":1.0,"key":"LiquidBronze"},{"floor":13.0,"key":"LiquidBronze"}],"is_trial":false,"path_per_floor":["M","?","$","?","T","R","M","R","T","M","?","M","E","M","R","B",null,"M","M","M","$","?","E"],"character_chosen":"IRONCLAD","items_purchased":["Art of War"],"campfire_rested":1,"item_purchase_floors":[21],"current_hp_per_floor":[84,73,73,73,73,73,78,78,78,84,62,60,27,19,45,14,88,68,73,41,41,13,0],"gold":203,"neow_bonus":"TEN_PERCENT_HP_BONUS","is_prod":false,"is_daily":false,"chose_seed":false,"campfire_upgraded":0,"win_rate":0,"timestamp":1549729418,"path_taken":["M","?","$","?","?","R","M","R","T","?","?","M","E","M","R","BOSS","M","M","M","$","?","E"],"build_version":"2019-01-23","purchased_purges":2,"victory":false,"max_hp_per_floor":[88,88,88,88,88,88,88,88,88,88,88,88,88,88,88,88,88,88,88,88,88,88,88],"card_choices":[{"not_picked":["Entrench","Sword Boomerang","Cleave"],"picked":"SKIP","floor":1.0},{"not_picked":["Warcry","Reckless Charge"],"picked":"Clash","floor":7.0},{"not_picked":["True Grit","Twin Strike"],"picked":"Barricade","floor":10.0},{"not_picked":["Clash","Thunderclap","Inflame"],"picked":"SKIP","floor":12.0},{"not_picked":["Shrug It Off","Cleave","Double Tap"],"picked":"SKIP","floor":13.0},{"not_picked":["Anger","Body Slam"],"picked":"Flame Barrier","floor":14.0},{"not_picked":["Dark Embrace","Double Tap"],"picked":"Impervious","floor":16},{"not_picked":["Wild Strike","Perfected Strike+1"],"picked":"Body Slam+1","floor":18},{"not_picked":["Anger","Warcry"],"picked":"Pommel Strike","floor":19},{"not_picked":["Warcry","Headbutt","Heavy Blade"],"picked":"SKIP","floor":20},{"not_picked":["Sword Boomerang+1","Pommel Strike+1"],"picked":"Impervious","floor":22}],"player_experience":271092,"relics_obtained":[{"floor":5.0,"key":"Shovel"},{"floor":6.0,"key":"Bag of Preparation"},{"floor":8.0,"key":"Thread and Needle"},{"floor":9.0,"key":"Blue Candle"},{"floor":13.0,"key":"Pantograph"},{"floor":22,"key":"Red Mask"}],"event_choices":[{"damage_healed":0.0,"max_hp_gain":0.0,"max_hp_loss":0.0,"gold_gain":75.0,"event_name":"World of Goop","player_choice":"Gather Gold","floor":2.0,"gold_loss":0.0,"damage_taken":11.0},{"damage_healed":0.0,"max_hp_gain":0.0,"max_hp_loss":0.0,"gold_gain":0.0,"event_name":"Shining Light","player_choice":"Ignored","floor":4.0,"gold_loss":0.0,"damage_taken":0.0},{"damage_healed":0.0,"max_hp_gain":0.0,"max_hp_loss":0.0,"gold_gain":0.0,"event_name":"Golden Idol","player_choice":"Take Damage","floor":11.0,"gold_loss":0.0,"damage_taken":22.0,"relics_obtained":["Golden Idol"]},{"damage_healed":0,"gold_gain":0,"player_choice":"Fought Bandits","damage_taken":0,"max_hp_gain":0,"max_hp_loss":0,"event_name":"Masked Bandits","floor":22,"gold_loss":0}],"is_beta":false,"boss_relics":[{"not_picked":["Empty Cage","Tiny House"],"picked":"Sozu"}],"items_purged_floors":[3,21],"is_endless":false,"potions_floor_spawned":[1,13,19,20,22],"killed_by":"Slavers","ascension_level":0}