{"path_per_floor":["M","M","?","M","?","E","$","R","T","M","M","?","T","E","R","B",null,"M","M","?","?"],"character_chosen":"DEFECT","items_purchased":["Defragment"],"gold_per_floor":[209,226,226,241,241,275,131,131,154,171,186,261,261,294,294,396,396,411,430,430,700,700],"floor_reached":22,"campfire_rested":1,"playtime":1650,"item_purchase_floors":[7],"current_hp_per_floor":[74,73,73,68,68,77,77,77,77,66,67,56,56,54,78,45,82,72,55,55,23,0],"items_purged":["Strike_B"],"gold":700,"score":194,"play_id":"aa5e1d2a-32d0-4dcd-8a1a-971b66741e93","local_time":"20180604033618","is_prod":false,"is_daily":false,"chose_seed":false,"is_ascension_mode":false,"campfire_upgraded":1,"win_rate":0,"timestamp":1528101378,"campfire_choices":[{"data":"Static Discharge","floor":8,"key":"SMITH"},{"floor":15,"key":"REST"}],"path_taken":["M","M","?","M","?","E","$","R","T","?","M","?","?","E","R","BOSS","M","M","?","?","M"],"build_version":"2018-05-31","seed_source_timestamp":55026394423308,"purchased_purges":1,"victory":false,"master_deck":["Strike_B","Strike_B","Strike_B","Defend_B","Defend_B","Defend_B","Defend_B","Zap","Dualcast","Static Discharge+1","Leap","Conserve Battery","Defragment","White Noise","Defragment","Amplify","Multi-Cast","Static Discharge+1","Static Discharge","Turbo","Biased Cognition"],"max_hp_per_floor":[75,75,75,75,75,82,82,82,82,82,82,82,82,82,82,82,82,82,82,82,82,82],"relics":["Cracked Core","Strawberry","Blood Vial","Calipers","Pen Nib","Orrery"],"card_choices":[{"not_picked":["Rip and Tear","Auto Shields"],"picked":"Static Discharge","floor":1},{"not_picked":["Compile Driver","Turbo","Steam"],"picked":"SKIP","floor":2},{"not_picked":["Beam Cell","Chaos"],"picked":"Leap","floor":4},{"not_picked":["Streamline","Hologram"],"picked":"Conserve Battery","floor":6},{"not_picked":["Turbo","All For One","Reinforced Body"],"picked":"SKIP","floor":10},{"not_picked":["FTL","Coolheaded"],"picked":"White Noise","floor":11},{"not_picked":["Hologram","Streamline"],"picked":"Defragment","floor":14},{"not_picked":["Hyperbeam","Thunder Strike"],"picked":"Amplify","floor":16},{"not_picked":["Coolheaded","Rebound"],"picked":"Multi-Cast","floor":17},{"not_picked":["Rebound","Auto Shields","Steam"],"picked":"SKIP","floor":18},{"not_picked":["Steam+1","Compile Driver"],"picked":"Static Discharge+1","floor":19}],"player_experience":96958,"potions_floor_usage":[6,6,16,16,22],"damage_taken":[{"damage":1,"enemies":"Jaw Worm","floor":1,"turns":3},{"damage":1,"enemies":"Cultist","floor":2,"turns":4},{"damage":5,"enemies":"Small Slimes","floor":4,"turns":3},{"damage":13,"enemies":"3 Sentries","floor":6,"turns":7},{"damage":13,"enemies":"2 Fungi Beasts","floor":10,"turns":4},{"damage":1,"enemies":"Looter","floor":11,"turns":3},{"damage":4,"enemies":"Lagavulin","floor":14,"turns":7},{"damage":35,"enemies":"The Guardian","floor":16,"turns":7},{"damage":10,"enemies":"Shell Parasite","floor":18,"turns":5},{"damage":19,"enemies":"3 Byrds","floor":19,"turns":4},{"damage":34,"enemies":"Cultist and Chosen","floor":22,"turns":3}],"relics_obtained":[{"floor":6,"key":"Strawberry"},{"floor":9,"key":"Blood Vial"},{"floor":13,"key":"Calipers"},{"floor":14,"key":"Pen Nib"}],"event_choices":[{"event_name":"The Woman in Blue","player_choice":"Bought 0 Potions","floor":3,"damage_taken":0},{"event_name":"The Lab","player_choice":"Got Potions","floor":5,"damage_taken":0},{"event_name":"World of Goop","player_choice":"Gather Gold","floor":12,"damage_taken":0},{"event_name":"Match and Keep!","player_choice":"3 cards matched","floor":20,"damage_taken":0},{"event_name":"Knowing Skull","player_choice":"GOLD GOLD GOLD ","floor":21,"damage_taken":0}],"boss_relics":[{"not_picked":["Velvet Choker","Snecko Eye"],"picked":"Orrery"}],"items_purged_floors":[7],"potions_floor_spawned":[1,2,10,11,18],"seed_played":"3886448120310600745","killed_by":"Cultist and Chosen","ascension_level":0,"potions_obtained":[{"floor":1,"key":"AttackPotion"},{"floor":2,"key":"Energy Potion"},{"floor":5,"key":"Regen Potion"},{"floor":10,"key":"GamblersBrew"},{"floor":11,"key":"LiquidBronze"},{"floor":18,"key":"EssenceOfSteel"}],"is_trial":false}