{"gold_per_floor":[116,128,128,143,157,157,191,207,207,223,236,247,278,289,289,386,386,311,226,126,136,147,147,147,147,147,147,72,72,91,108,108,209,209,222,222,232,245,245,245],"floor_reached":40,"playtime":2940,"items_purged":[],"score":402,"play_id":"f4c211f8-44e4-4cbb-8556-6b918b86b3b5","local_time":"20190216160047","is_ascension_mode":false,"campfire_choices":[{"data":"Caltrops","floor":6,"key":"SMITH"},{"floor":15,"key":"REST"},{"floor":23,"key":"REST"},{"data":"Blade Dance","floor":27,"key":"SMITH"},{"floor":29,"key":"RECALL"},{"floor":32,"key":"REST"}],"neow_cost":"NONE","seed_source_timestamp":14529169775216,"circlet_count":0,"master_deck":["Defend_G","Defend_G","Defend_G","Strike_G","Strike_G","Strike_G","Survivor","Neutralize","Caltrops+1","Dash","Deflect","Blade Dance+1","Dodge and Roll","Well Laid Plans","Footwork","Envenom","PiercingWail","Envenom","Corpse Explosion","Masterful Stab+1","Catalyst","Cloak And Dagger","Prepared+1","Burst","Accuracy","Sucker Punch+1","Bane+1","Adrenaline","Caltrops+1","Accuracy+1","Deflect","Cloak And Dagger+1","Parasite"],"relics":["Ring of the Snake","NeowsBlessing","Gremlin Horn","Kunai","Bottled Lightning","Empty Cage","Bronze Scales","Orrery"],"potions_floor_usage":[13,13,22,33,33,38,40],"damage_taken":[{"damage":0,"enemies":"2 Louse","floor":1,"turns":1},{"damage":0,"enemies":"Cultist","floor":2,"turns":1},{"damage":0,"enemies":"Jaw Worm","floor":4,"turns":1},{"damage":1,"enemies":"2 Fungi Beasts","floor":5,"turns":5},{"damage":29,"enemies":"Gremlin Nob","floor":7,"turns":5},{"damage":0,"enemies":"Blue Slaver","floor":8,"turns":3},{"damage":4,"enemies":"Large Slime","floor":10,"turns":7},{"damage":3,"enemies":"Looter","floor":11,"turns":3},{"damage":6,"enemies":"Exordium Thugs","floor":12,"turns":6},{"damage":6,"enemies":"3 Sentries","floor":13,"turns":10},{"damage":0,"enemies":"2 Fungi Beasts","floor":14,"turns":4},{"damage":12,"enemies":"Hexaghost","floor":16,"turns":10},{"damage":6,"enemies":"2 Thieves","floor":18,"turns":5},{"damage":4,"enemies":"Shell Parasite","floor":21,"turns":6},{"damage":12,"enemies":"Centurion and Healer","floor":22,"turns":7},{"damage":17,"enemies":"Chosen and Byrds","floor":30,"turns":7},{"damage":11,"enemies":"3 Cultists","floor":31,"turns":6},{"damage":43,"enemies":"Collector","floor":33,"turns":13},{"damage":27,"enemies":"3 Darklings","floor":35,"turns":4},{"damage":7,"enemies":"3 Shapes","floor":37,"turns":6},{"damage":14,"enemies":"Writhing Mass","floor":38,"turns":7},{"damage":51,"enemies":"Giant Head","floor":40,"turns":7}],"seed_played":"-7774127038759331438","potions_obtained":[{"floor":2,"key":"Fire Potion"},{"floor":4,"key":"Weak Potion"},{"floor":7,"key":"GhostInAJar"},{"floor":13,"key":"GhostInAJar"},{"floor":14,"key":"Energy Potion"},{"floor":22,"key":"Poison Potion"},{"floor":33,"key":"Energy Potion"},{"floor":35,"key":"GhostInAJar"}],"is_trial":false,"path_per_floor":["M","M","?","M","M","R","E","M","T","M","M","M","E","M","R","B",null,"M","?","$","M","M","R","?","?","T","R","?","R","M","M","R","B",null,"M","?","M","M","?","E"],"character_chosen":"THE_SILENT","items_purchased":["Catalyst","Cloak And Dagger"],"campfire_rested":3,"item_purchase_floors":[20,20],"current_hp_per_floor":[70,70,70,70,69,69,40,40,40,36,33,27,21,21,42,30,70,64,64,64,60,48,69,69,69,69,69,69,69,52,41,62,19,70,43,43,36,22,22,0],"gold":245,"neow_bonus":"THREE_ENEMY_KILL","is_prod":false,"is_daily":false,"chose_seed":false,"campfire_upgraded":2,"win_rate":0,"timestamp":1550350847,"path_taken":["M","M","?","M","?","R","E","M","T","M","M","?","E","M","R","BOSS","M","?","$","M","M","R","?","?","T","R","?","R","M","M","R","BOSS","M","?","M","M","?","E"],"build_version":"2019-01-23","purchased_purges":0,"victory":false,"max_hp_per_floor":[70,70,70,70,70,70,70,70,70,70,70,70,70,70,70,70,70,70,70,70,70,70,70,70,70,70,70,70,70,70,70,70,70,70,70,70,70,70,70,70],"card_choices":[{"not_picked":["Quick Slash","Backflip"],"picked":"Caltrops","floor":1},{"not_picked":["Calculated Gamble","Predator"],"picked":"Dash","floor":2},{"not_picked":["Flying Knee","Noxious Fumes"],"picked":"Deflect","floor":4},{"not_picked":["Dagger Spray","Dagger Throw"],"picked":"Blade Dance","floor":5},{"not_picked":["Malaise","Concentrate"],"picked":"Dodge and Roll","floor":7},{"not_picked":["PiercingWail","Quick Slash"],"picked":"Well Laid Plans","floor":8},{"not_picked":["Heel Hook","PiercingWail"],"picked":"Footwork","floor":10},{"not_picked":["Choke","Dagger Spray"],"picked":"Envenom","floor":11},{"not_picked":["Quick Slash","Endless Agony"],"picked":"PiercingWail","floor":12},{"not_picked":["PiercingWail","Outmaneuver","Quick Slash"],"picked":"SKIP","floor":13},{"not_picked":["Backstab","Dagger Spray"],"picked":"Envenom","floor":14},{"not_picked":["Wraith Form v2","Venomology"],"picked":"Corpse Explosion","floor":16},{"not_picked":["Dagger Throw+1","Blade Dance"],"picked":"Masterful Stab+1","floor":18},{"not_picked":["Dagger Throw","Cloak And Dagger"],"picked":"Prepared+1","floor":21},{"not_picked":["Eviscerate","Caltrops+1"],"picked":"Burst","floor":22},{"not_picked":["Quick Slash","Finisher"],"picked":"Sucker Punch+1","floor":30},{"not_picked":["Masterful Stab+1","Quick Slash"],"picked":"Bane+1","floor":31},{"not_picked":["Grand Finale","Malaise"],"picked":"Adrenaline","floor":33},{"not_picked":["Flechettes+1","Calculated Gamble+1"],"picked":"Caltrops+1","floor":34},{"not_picked":["Backflip","Bane"],"picked":"Accuracy+1","floor":34},{"not_picked":["Blade Dance","Phantasmal Killer"],"picked":"Deflect","floor":35},{"not_picked":["Poisoned Stab","Blade Dance"],"picked":"Cloak And Dagger+1","floor":37},{"not_picked":["Masterful Stab+1","Quick Slash","Deflect"],"picked":"SKIP","floor":38}],"player_experience":68358,"relics_obtained":[{"floor":7,"key":"Gremlin Horn"},{"floor":9,"key":"Kunai"},{"floor":13,"key":"Bottled Lightning"}],"event_choices":[{"damage_healed":0,"gold_gain":0,"player_choice":"Ignored","damage_taken":0,"max_hp_gain":0,"max_hp_loss":0,"event_name":"NoteForYourself","floor":3,"gold_loss":0},{"damage_healed":0,"gold_gain":0,"player_choice":"Obtained Relic","damage_taken":0,"relics_obtained":["Bronze Scales"],"max_hp_gain":0,"max_hp_loss":0,"event_name":"Addict","floor":19,"gold_loss":85},{"damage_healed":0,"gold_gain":0,"player_choice":"Ignored","damage_taken":0,"max_hp_gain":0,"max_hp_loss":0,"event_name":"Ghosts","floor":24,"gold_loss":0},{"damage_healed":0,"gold_gain":0,"player_choice":"Read","damage_taken":0,"max_hp_gain":0,"max_hp_loss":0,"event_name":"The Library","floor":25,"gold_loss":0,"cards_obtained":["Accuracy"]},{"cards_removed":["Strike_G"],"damage_healed":0,"gold_gain":0,"player_choice":"Gave Gold","damage_taken":0,"max_hp_gain":0,"max_hp_loss":0,"event_name":"Beggar","floor":28,"gold_loss":75},{"damage_healed":0,"gold_gain":0,"player_choice":"Ignored","damage_taken":0,"max_hp_gain":0,"max_hp_loss":0,"event_name":"Mysterious Sphere","floor":36,"gold_loss":0},{"cards_removed":["Defend_G"],"damage_healed":0,"gold_gain":0,"player_choice":"Removed Skill","damage_taken":0,"max_hp_gain":0,"max_hp_loss":0,"event_name":"Falling","floor":39,"gold_loss":0}],"is_beta":false,"boss_relics":[{"not_picked":["Velvet Choker","Philosopher\u0027s Stone"],"picked":"Empty Cage"},{"not_picked":["Coffee Dripper","Busted Crown"],"picked":"Orrery"}],"items_purged_floors":[],"is_endless":false,"potions_floor_spawned":[2,4,7,13,14,22,31,33,35],"killed_by":"Giant Head","ascension_level":0}