{"gold_per_floor":[10,10,23,39,57,82,101,101,101,54,74,74,74,108,108,204,204,218,232,232,232,157,157],"floor_reached":23,"playtime":1552,"items_purged":[],"score":201,"play_id":"3ff6aa2b-eff2-43d0-8669-d256be24e392","local_time":"20180716155312","is_ascension_mode":false,"campfire_choices":[{"floor":8.0,"key":"REST"},{"data":"1","floor":15.0,"key":"LIFT"}],"neow_cost":"NO_GOLD","seed_source_timestamp":773621658974942,"circlet_count":0,"master_deck":["Defend_G","Defend_G","Defend_G+1","Defend_G","Defend_G","Strike_G","Strike_G","Strike_G","Strike_G","Strike_G","Survivor","Neutralize","Envenom","Underhanded Strike","Leg Sweep","Dagger Throw","Outmaneuver","Bane","PiercingWail","Cloak And Dagger","Heel Hook","Die Die Die","Dagger Throw","Dash+1"],"special_seed":0,"relics":["Ring of the Snake","Snake Skull","Question Card","Bag of Preparation","Girya","Fusion Hammer"],"potions_floor_usage":[23],"damage_taken":[{"damage":0.0,"enemies":"2 Louse","floor":1.0,"turns":5.0},{"damage":1.0,"enemies":"Jaw Worm","floor":3.0,"turns":5.0},{"damage":0.0,"enemies":"Cultist","floor":4.0,"turns":4.0},{"damage":5.0,"enemies":"Looter","floor":5.0,"turns":5.0},{"damage":15.0,"enemies":"Gremlin Nob","floor":6.0,"turns":5.0},{"damage":0.0,"enemies":"Lots of Slimes","floor":7.0,"turns":1.0},{"damage":0.0,"enemies":"Red Slaver","floor":11.0,"turns":4.0},{"damage":2.0,"enemies":"Lagavulin","floor":14.0,"turns":7.0},{"damage":50.0,"enemies":"Hexaghost","floor":16.0,"turns":9.0},{"damage":43.0,"enemies":"Spheric Guardian","floor":18.0,"turns":8.0},{"damage":0.0,"enemies":"2 Thieves","floor":19.0,"turns":4.0},{"damage":14,"enemies":"Gremlin Leader","floor":23,"turns":3}],"seed_played":"-3432192660834644756","potions_obtained":[{"floor":4.0,"key":"Regen Potion"},{"floor":5.0,"key":"Energy Potion"},{"floor":6.0,"key":"Explosive Potion"},{"floor":7.0,"key":"PowerPotion"},{"floor":14.0,"key":"SpeedPotion"},{"floor":18.0,"key":"PowerPotion"}],"is_trial":false,"path_per_floor":["M","?","M","M","M","E","M","R","T","$","M","?","?","E","R","B",null,"M","M","?","?","?"],"character_chosen":"THE_SILENT","items_purchased":["PiercingWail"],"campfire_rested":1,"item_purchase_floors":[10],"current_hp_per_floor":[70,56,55,55,50,35,35,56,56,56,56,70,70,68,68,33,70,27,27,27,14,14,0],"gold":157,"neow_bonus":"THREE_RARE_CARDS","is_prod":false,"is_daily":false,"chose_seed":false,"campfire_upgraded":0,"win_rate":0,"timestamp":1531745592,"path_taken":["M","?","M","M","M","E","M","R","T","?","?","?","?","E","R","BOSS","M","M","?","?","?","E"],"build_version":"2018-07-12","purchased_purges":0,"victory":false,"max_hp_per_floor":[70,70,70,70,70,70,70,70,70,70,70,70,70,70,70,70,70,70,70,70,75,75,75],"card_choices":[{"not_picked":["Glass Knife","Tools of the Trade"],"picked":"Envenom","floor":0.0},{"not_picked":["Prepared","Malaise"],"picked":"Flechettes","floor":1.0},{"not_picked":["Skewer","Poisoned Stab"],"picked":"Underhanded Strike","floor":3.0},{"not_picked":["Heel Hook","Dagger Throw"],"picked":"Leg Sweep","floor":4.0},{"not_picked":["Deflect","Underhanded Strike"],"picked":"Dagger Throw","floor":5.0},{"not_picked":["Dagger Throw","Sucker Punch"],"picked":"Outmaneuver","floor":6.0},{"not_picked":["Quick Slash","Dodge and Roll"],"picked":"Bane","floor":7.0},{"not_picked":["Slice","Underhanded Strike","Glass Knife"],"picked":"Cloak And Dagger","floor":11.0},{"not_picked":["Tactician","Predator","Deadly Poison"],"picked":"Heel Hook","floor":14.0},{"not_picked":["Corpse Explosion","Storm of Steel","A Thousand Cuts"],"picked":"Die Die Die","floor":16.0},{"not_picked":["Choke","Flechettes","Bane"],"picked":"Dagger Throw","floor":18.0},{"not_picked":["Predator+1","Deadly Poison","Flying Knee"],"picked":"Dash+1","floor":19.0}],"player_experience":87595,"relics_obtained":[{"floor":6.0,"key":"Snake Skull"},{"floor":9.0,"key":"Question Card"},{"floor":14.0,"key":"Girya"}],"event_choices":[{"event_name":"Shining Light","player_choice":"Entered Light","floor":2.0,"damage_taken":0.0},{"event_name":"Bonfire Elementals","player_choice":"UNCOMMON","floor":12.0,"damage_taken":0.0},{"event_name":"Accursed Blacksmith","player_choice":"Rummage","floor":13.0,"damage_taken":0.0},{"event_name":"Ghosts","player_choice":"Ignored","floor":20.0,"damage_taken":0.0},{"event_name":"Forgotten Altar","player_choice":"Shed Blood","floor":21.0,"damage_taken":0.0},{"event_name":"Beggar","player_choice":"Gave Gold","floor":22.0,"damage_taken":0.0}],"boss_relics":[{"not_picked":["Busted Crown","Ectoplasm"],"picked":"Fusion Hammer"}],"items_purged_floors":[],"is_endless":false,"potions_floor_spawned":[4,5,6,7,14,18],"killed_by":"Gremlin Leader","ascension_level":0}