{"gold_per_floor":[17,34,34,109,109,109,126,126,150,75,75,103,119,135,135,232,232,247,265,275,275,293,293,293,293,319,319,319,338,338,356,356,451,451,469,469,272,372,386,386,386,400,400,400,148,148,162,194,194,194],"floor_reached":51,"playtime":2091,"items_purged":["Strike_R","Power Through","Strike_R"],"score":725,"play_id":"91568ec2-4ac6-489a-9be0-7b4d1e3596ef","local_time":"20190208130144","is_ascension_mode":false,"campfire_choices":[{"data":"Rampage","floor":6.0,"key":"SMITH"},{"data":"Bash","floor":8.0,"key":"SMITH"},{"data":"Defend_R","floor":11.0,"key":"SMITH"},{"data":"Armaments","floor":15.0,"key":"SMITH"},{"floor":23.0,"key":"REST"},{"data":"Metallicize","floor":25.0,"key":"SMITH"},{"data":"Metallicize","floor":27.0,"key":"SMITH"},{"floor":32.0,"key":"REST"},{"data":"Juggernaut","floor":40,"key":"SMITH"},{"floor":44,"key":"REST"},{"data":"Disarm","floor":46,"key":"SMITH"},{"floor":49,"key":"REST"}],"neow_cost":"NO_GOLD","seed_source_timestamp":131500188222394,"circlet_count":0,"master_deck":["Strike_R","Defend_R","Defend_R","Defend_R+1","Bash+1","Limit Break","Intimidate","Rampage+1","Feed","Ghostly Armor","Armaments+1","Impervious","Warcry+1","Metallicize+1","Metallicize+1","Metallicize+1","RitualDagger","Juggernaut+1","Rage+1","Madness","Madness","Warcry+1","Disarm+1"],"special_seed":0,"relics":["Burning Blood"],"potions_floor_usage":[50,50,50],"damage_taken":[{"damage":6.0,"enemies":"Cultist","floor":1.0,"turns":3.0},{"damage":11.0,"enemies":"Jaw Worm","floor":2.0,"turns":5.0},{"damage":3.0,"enemies":"2 Louse","floor":7.0,"turns":2.0},{"damage":23.0,"enemies":"Lagavulin","floor":12.0,"turns":6.0},{"damage":6.0,"enemies":"Blue Slaver","floor":13.0,"turns":4.0},{"damage":6.0,"enemies":"Lots of Slimes","floor":14.0,"turns":5.0},{"damage":51.0,"enemies":"Slime Boss","floor":16.0,"turns":16.0},{"damage":26.0,"enemies":"Spheric Guardian","floor":18.0,"turns":16.0},{"damage":12.0,"enemies":"Chosen","floor":19.0,"turns":6.0},{"damage":16.0,"enemies":"Snecko","floor":20.0,"turns":10.0},{"damage":67.0,"enemies":"3 Cultists","floor":22.0,"turns":9.0},{"damage":15.0,"enemies":"Chosen and Byrds","floor":29.0,"turns":12.0},{"damage":14.0,"enemies":"Colosseum Slavers","floor":30.0,"turns":7.0},{"damage":16.0,"enemies":"Sentry and Sphere","floor":31.0,"turns":8.0},{"damage":14.0,"enemies":"Champ","floor":33.0,"turns":17.0},{"damage":4.0,"enemies":"3 Shapes","floor":35.0,"turns":7.0},{"damage":17.0,"enemies":"Mind Bloom Boss Battle","floor":38.0,"turns":8.0},{"damage":14,"enemies":"Orb Walker","floor":39,"turns":4},{"damage":27,"enemies":"Jaw Worm Horde","floor":42,"turns":7},{"damage":18,"enemies":"Spire Growth","floor":47,"turns":6},{"damage":50,"enemies":"Nemesis","floor":48,"turns":9},{"damage":42,"enemies":"Time Eater","floor":50,"turns":15}],"seed_played":"1146583806768477739","potions_obtained":[{"floor":1.0,"key":"SneckoOil"},{"floor":7.0,"key":"Weak Potion"},{"floor":16.0,"key":"Regen Potion"},{"floor":19.0,"key":"FearPotion"},{"floor":31.0,"key":"Swift Potion"},{"floor":35.0,"key":"SpeedPotion"}],"is_trial":false,"path_per_floor":["M","M","?","?","?","R","M","R","T","$","R","E","M","M","R","B",null,"M","M","M","?","M","R","?","R","T","R","?","M","?","M","R","B",null,"M","?","$","?","?","M","R","?","M","T","R","$","R","M","E","R","B",null],"character_chosen":"IRONCLAD","items_purchased":["Strength Potion","PowerPotion","Strength Potion","Disarm"],"campfire_rested":4,"item_purchase_floors":[37,37,45,45],"current_hp_per_floor":[80,75,75,64,64,64,67,67,67,67,67,50,53,56,56,11,86,70,64,69,69,12,40,34,34,34,34,34,28,23,16,46,38,103,106,93,93,85,77,77,77,59,59,92,92,92,83,39,73,37],"gold":194,"neow_bonus":"THREE_RARE_CARDS","is_prod":false,"is_daily":false,"chose_seed":false,"campfire_upgraded":8,"win_rate":0,"timestamp":1549641704,"path_taken":["M","M","?","?","?","R","M","R","T","?","R","E","?","M","R","BOSS","M","M","M","?","M","R","?","R","T","R","?","M","?","M","R","BOSS","M","?","$","?","?","R","?","M","T","R","$","R","M","E","R","BOSS"],"build_version":"2018-11-15","purchased_purges":3,"victory":true,"max_hp_per_floor":[80,80,80,80,80,80,80,80,80,80,80,80,83,86,86,86,86,90,90,90,90,94,94,94,94,94,94,94,97,100,103,103,103,103,106,106,106,109,109,109,109,112,112,112,112,112,115,115,115,115],"card_choices":[{"not_picked":["Barricade","Bludgeon"],"picked":"Limit Break","floor":0.0},{"not_picked":["Feel No Pain","Power Through"],"picked":"Intimidate","floor":1.0},{"not_picked":["Flex","Shockwave","Fire Breathing"],"picked":"SKIP","floor":2.0},{"not_picked":["Wild Strike","Clash","Twin Strike"],"picked":"SKIP","floor":7.0},{"not_picked":["Sword Boomerang","Cleave"],"picked":"Feed","floor":12.0},{"not_picked":["Wild Strike","Rampage"],"picked":"Ghostly Armor","floor":13.0},{"not_picked":["Perfected Strike","Intimidate"],"picked":"Armaments","floor":14.0},{"not_picked":["Dark Embrace","Fiend Fire"],"picked":"Impervious","floor":16.0},{"not_picked":["Power Through","Sword Boomerang+1"],"picked":"Warcry+1","floor":18.0},{"not_picked":["Uppercut+1","Second Wind"],"picked":"Metallicize","floor":19.0},{"not_picked":["Iron Wave","Flex+1"],"picked":"Metallicize","floor":20.0},{"not_picked":["Wild Strike","Cleave+1"],"picked":"Metallicize+1","floor":22.0},{"not_picked":["Clash","Warcry","Havoc+1"],"picked":"SKIP","floor":29.0},{"not_picked":["Reaper","Pommel Strike+1"],"picked":"Rage+1","floor":31.0},{"not_picked":["Power Through","Fire Breathing+1","Searing Blow"],"picked":"SKIP","floor":35.0},{"not_picked":["Rupture","Reckless Charge+1"],"picked":"Warcry+1","floor":39},{"not_picked":["Pummel","Twin Strike","Shockwave"],"picked":"SKIP","floor":42},{"not_picked":["Flex","Clash","Anger+1"],"picked":"SKIP","floor":47},{"not_picked":["Hemokinesis+1","Fire Breathing+1","Spot Weakness+1"],"picked":"SKIP","floor":48}],"player_experience":110418,"relics_obtained":[],"event_choices":[{"damage_healed":0.0,"max_hp_gain":0.0,"max_hp_loss":0.0,"gold_gain":0.0,"cards_transformed":["Strike_R"],"event_name":"Living Wall","player_choice":"Change","floor":3.0,"gold_loss":0.0,"damage_taken":0.0,"cards_obtained":["Rampage"]},{"damage_healed":0.0,"max_hp_gain":0.0,"max_hp_loss":0.0,"gold_gain":75.0,"event_name":"World of Goop","player_choice":"Gather Gold","floor":4.0,"gold_loss":0.0,"damage_taken":11.0},{"damage_healed":0.0,"max_hp_gain":0.0,"max_hp_loss":0.0,"gold_gain":0.0,"event_name":"Scrap Ooze","player_choice":"Fled","floor":5.0,"gold_loss":0.0,"damage_taken":0.0},{"damage_healed":0.0,"max_hp_gain":0.0,"max_hp_loss":0.0,"gold_gain":0.0,"event_name":"Vampires","player_choice":"Ignored","floor":21.0,"gold_loss":0.0,"damage_taken":0.0},{"damage_healed":0.0,"max_hp_gain":0.0,"max_hp_loss":0.0,"gold_gain":0.0,"event_name":"Nest","player_choice":"Joined the Cult","floor":24.0,"gold_loss":0.0,"damage_taken":6.0,"cards_obtained":["RitualDagger"]},{"damage_healed":0.0,"max_hp_gain":0.0,"max_hp_loss":0.0,"gold_gain":0.0,"cards_transformed":["Defend_R","Strike_R"],"event_name":"Drug Dealer","player_choice":"Became Test Subject","floor":28.0,"gold_loss":0.0,"damage_taken":0.0,"cards_obtained":["Juggernaut","Power Through"]},{"damage_healed":0.0,"max_hp_gain":0.0,"max_hp_loss":0.0,"gold_gain":0.0,"event_name":"Colosseum","player_choice":"Fight","floor":30.0,"gold_loss":0.0,"damage_taken":0.0},{"damage_healed":0.0,"max_hp_gain":0.0,"max_hp_loss":0.0,"gold_gain":0.0,"event_name":"Colosseum","player_choice":"Fled From Nobs","floor":30.0,"gold_loss":0.0,"damage_taken":0.0},{"damage_healed":0.0,"max_hp_gain":0.0,"max_hp_loss":0.0,"gold_gain":0.0,"event_name":"Winding Halls","player_choice":"Embrace Madness","floor":36.0,"gold_loss":0.0,"damage_taken":13.0,"cards_obtained":["Madness","Madness"]},{"damage_healed":0.0,"max_hp_gain":0.0,"max_hp_loss":0.0,"gold_gain":0.0,"event_name":"MindBloom","player_choice":"Fight","floor":38.0,"gold_loss":0.0,"damage_taken":0.0},{"damage_healed":0,"gold_gain":0,"player_choice":"Ignored","damage_taken":0,"max_hp_gain":0,"max_hp_loss":0,"event_name":"WeMeetAgain","floor":38,"gold_loss":0},{"damage_healed":0,"gold_gain":0,"player_choice":"Ignored","damage_taken":0,"max_hp_gain":0,"max_hp_loss":0,"event_name":"Mysterious Sphere","floor":41,"gold_loss":0}],"is_beta":false,"boss_relics":[{"not_picked":["Orrery","Fusion Hammer","White Beast Statue"]},{"not_picked":["Eternal Feather","Black Star","Calling Bell"]}],"items_purged_floors":[10,37,45],"is_endless":false,"potions_floor_spawned":[1,7,16,19,31,35,38],"ascension_level":0}