{"gold_per_floor":[213,230,10,21,21,21,21,21,21,21,82,108,124,142,142,246,246,262,57,67,67,86,86,105,117,164,187,199],"floor_reached":28,"playtime":2029,"items_purged":[],"score":322,"play_id":"05db5f7b-d98f-4ee9-960b-14d34f28d242","local_time":"20190203193230","is_ascension_mode":true,"campfire_choices":[{"data":"Noxious Fumes","floor":6,"key":"SMITH"},{"data":"Footwork","floor":8,"key":"SMITH"},{"data":"Neutralize","floor":10,"key":"SMITH"},{"floor":15,"key":"REST"},{"floor":23,"key":"REST"}],"neow_cost":"NONE","seed_source_timestamp":249471482374500,"circlet_count":0,"master_deck":["Defend_G","Defend_G","Defend_G","Defend_G","Defend_G","Strike_G","Strike_G","Strike_G","Strike_G","Survivor","Neutralize+1","Flying Knee","Crippling Poison","Noxious Fumes+1","Footwork+1","After Image","Catalyst","Footwork+1","RitualDagger","Dagger Spray+1","Heel Hook+1","Cloak And Dagger+1"],"relics":["Ring of the Snake","Regal Pillow","Oddly Smooth Stone","Tiny Chest","Boot","WristBlade","DollysMirror","MawBank"],"potions_floor_usage":[24,27,28,28],"damage_taken":[{"damage":4,"enemies":"Jaw Worm","floor":1,"turns":6},{"damage":0,"enemies":"Cultist","floor":2,"turns":3},{"damage":7,"enemies":"Small Slimes","floor":4,"turns":6},{"damage":30,"enemies":"Gremlin Nob","floor":11,"turns":6},{"damage":1,"enemies":"Blue Slaver","floor":13,"turns":4},{"damage":0,"enemies":"Large Slime","floor":14,"turns":8},{"damage":20,"enemies":"Hexaghost","floor":16,"turns":11},{"damage":5,"enemies":"Shell Parasite","floor":18,"turns":8},{"damage":15,"enemies":"Chosen","floor":20,"turns":12},{"damage":17,"enemies":"3 Cultists","floor":22,"turns":6},{"damage":25,"enemies":"Snake Plant","floor":24,"turns":7},{"damage":3,"enemies":"Shelled Parasite and Fungi","floor":25,"turns":7},{"damage":18,"enemies":"3 Cultists","floor":27,"turns":6},{"damage":12,"enemies":"Centurion and Healer","floor":28,"turns":2}],"seed_played":"6224820045385130297","potions_obtained":[{"floor":2,"key":"Weak Potion"},{"floor":13,"key":"Energy Potion"},{"floor":14,"key":"SteroidPotion"},{"floor":18,"key":"PowerPotion"},{"floor":25,"key":"Weak Potion"},{"floor":27,"key":"SneckoOil"}],"is_trial":false,"path_per_floor":["M","M","$","M","?","R","$","R","T","R","E","T","M","M","R","B",null,"M","$","M","?","M","R","M","M","T","M","M"],"character_chosen":"THE_SILENT","items_purchased":["Noxious Fumes","Regal Pillow","DollysMirror"],"campfire_rested":2,"item_purchase_floors":[3,3,19],"current_hp_per_floor":[59,59,59,52,45,45,45,45,45,45,15,15,14,14,50,30,60,55,55,40,34,17,53,28,25,25,7,0],"gold":199,"neow_bonus":"HUNDRED_GOLD","is_prod":false,"is_daily":false,"chose_seed":false,"campfire_upgraded":3,"win_rate":0,"timestamp":1549247550,"path_taken":["M","M","$","M","?","R","$","R","T","R","E","?","M","?","R","BOSS","M","$","M","?","M","R","M","M","T","M","M"],"build_version":"2019-01-23","purchased_purges":0,"victory":false,"max_hp_per_floor":[70,70,70,70,70,70,70,70,70,70,70,70,70,70,70,70,70,70,70,70,70,70,70,70,70,70,70,70],"card_choices":[{"not_picked":["Dodge and Roll","Finisher"],"picked":"Flying Knee","floor":1},{"not_picked":["Underhanded Strike","All Out Attack"],"picked":"Crippling Poison","floor":2},{"not_picked":["Bane","Dagger Spray"],"picked":"Footwork","floor":4},{"not_picked":["Calculated Gamble","Sucker Punch","Outmaneuver"],"picked":"SKIP","floor":11},{"not_picked":["Sucker Punch","Choke","Terror"],"picked":"SKIP","floor":13},{"not_picked":["Concentrate","Sucker Punch","Infinite Blades"],"picked":"SKIP","floor":14},{"not_picked":["Bullet Time","Phantasmal Killer"],"picked":"After Image","floor":16},{"not_picked":["Poisoned Stab","Eviscerate"],"picked":"Catalyst","floor":18},{"not_picked":["Sucker Punch","PiercingWail","Poisoned Stab"],"picked":"SKIP","floor":20},{"not_picked":["Bane","Calculated Gamble"],"picked":"Dagger Spray+1","floor":22},{"not_picked":["Blur","Backstab"],"picked":"Heel Hook+1","floor":24},{"not_picked":["Reflex","Riddle With Holes+1","Phantasmal Killer"],"picked":"SKIP","floor":25},{"not_picked":["Calculated Gamble","Caltrops"],"picked":"Cloak And Dagger+1","floor":27}],"player_experience":871322,"relics_obtained":[{"floor":9,"key":"Oddly Smooth Stone"},{"floor":11,"key":"Tiny Chest"},{"floor":12,"key":"Boot"},{"floor":26,"key":"MawBank"}],"event_choices":[{"cards_removed":["Strike_G"],"damage_healed":0,"gold_gain":0,"player_choice":"Card Removal","damage_taken":7,"max_hp_gain":0,"max_hp_loss":0,"event_name":"Golden Wing","floor":5,"gold_loss":0},{"damage_healed":0,"gold_gain":0,"player_choice":"Joined the Cult","damage_taken":6,"max_hp_gain":0,"max_hp_loss":0,"event_name":"Nest","floor":21,"gold_loss":0,"cards_obtained":["RitualDagger"]}],"is_beta":false,"boss_relics":[{"not_picked":["Lizard Tail","Ring of the Serpent"],"picked":"WristBlade"}],"items_purged_floors":[],"is_endless":false,"potions_floor_spawned":[2,13,14,18,25,27],"killed_by":"Centurion and Healer","ascension_level":9}