{"gold_per_floor":[119,119,69,369,389,389,409,584,584,584,603,10,24,24,24,147,147,163,0,15,15,36,36,36],"floor_reached":24,"playtime":1898,"items_purged":["Doubt"],"score":186,"play_id":"88bff6e0-b5ad-4183-8d5b-9d5f3e747b70","local_time":"20190204201441","is_ascension_mode":false,"campfire_choices":[{"data":"Bane","floor":6.0,"key":"SMITH"},{"data":"Acrobatics","floor":15.0,"key":"SMITH"},{"floor":23.0,"key":"REST"}],"neow_cost":"NONE","seed_source_timestamp":73923553571890,"circlet_count":0,"master_deck":["Defend_G","Defend_G","Defend_G","Strike_G","Strike_G","Strike_G","Strike_G","Strike_G","Survivor","Neutralize","Bane+1","Underhanded Strike","Blade Dance","Quick Slash","Adrenaline","Quick Slash","Acrobatics+1","After Image","Flying Knee","Discovery","Accuracy","Deadly Poison+1","Sucker Punch"],"special_seed":0,"relics":["Ring of the Snake","Old Coin","Calipers","Golden Idol","StoneCalendar","Strange Spoon","WristBlade","Enchiridion"],"potions_floor_usage":[24,24],"damage_taken":[{"damage":5.0,"enemies":"Small Slimes","floor":1.0,"turns":5.0},{"damage":0.0,"enemies":"2 Louse","floor":5.0,"turns":2.0},{"damage":0.0,"enemies":"Cultist","floor":7.0,"turns":4.0},{"damage":6.0,"enemies":"Large Slime","floor":11.0,"turns":9.0},{"damage":7.0,"enemies":"3 Louse","floor":13.0,"turns":5.0},{"damage":41.0,"enemies":"The Guardian","floor":16.0,"turns":13.0},{"damage":15.0,"enemies":"Spheric Guardian","floor":18.0,"turns":4.0},{"damage":10.0,"enemies":"Chosen","floor":20.0,"turns":4.0},{"damage":26.0,"enemies":"Centurion and Healer","floor":22.0,"turns":5.0},{"damage":27,"enemies":"Gremlin Leader","floor":24,"turns":6}],"seed_played":"1085068599315790476","potions_obtained":[{"floor":5.0,"key":"Energy Potion"},{"floor":7.0,"key":"Dexterity Potion"},{"floor":11.0,"key":"Ancient Potion"},{"floor":16.0,"key":"SteroidPotion"},{"floor":22.0,"key":"EssenceOfSteel"}],"is_trial":false,"path_per_floor":["M","?","$","?","M","R","M","?","T","?","M","$","M","?","R","B",null,"M","$","M","?","M","R","E"],"character_chosen":"THE_SILENT","items_purchased":["Underhanded Strike","StoneCalendar","Strange Spoon","Quick Slash","Discovery","Accuracy"],"campfire_rested":1,"item_purchase_floors":[3,12,12,12,19,19],"current_hp_per_floor":[72,65,65,65,65,65,65,65,65,65,59,59,52,52,52,11,71,56,56,46,30,4,25,0],"gold":36,"neow_bonus":"TEN_PERCENT_HP_BONUS","is_prod":false,"is_daily":false,"chose_seed":false,"campfire_upgraded":2,"win_rate":0.0,"timestamp":1549300481,"path_taken":["M","?","$","?","M","R","?","?","T","?","M","$","M","?","R","BOSS","M","$","M","?","M","R","E"],"build_version":"2019-01-23","purchased_purges":1,"victory":false,"max_hp_per_floor":[77,77,77,77,77,77,77,77,77,71,71,71,71,71,71,71,71,71,71,71,71,71,71,71],"card_choices":[{"not_picked":["Blade Dance","Prepared"],"picked":"Bane","floor":1.0},{"not_picked":["Finisher","Backflip"],"picked":"Blade Dance","floor":5.0},{"not_picked":["Prepared","Poisoned Stab"],"picked":"Quick Slash","floor":7.0},{"not_picked":["Flechettes","Skewer"],"picked":"Adrenaline","floor":11.0},{"not_picked":["Prepared","Expertise"],"picked":"Acrobatics","floor":13.0},{"not_picked":["Wraith Form v2","Bullet Time"],"picked":"After Image","floor":16.0},{"not_picked":["Dash","Underhanded Strike"],"picked":"Flying Knee","floor":18.0},{"not_picked":["Quick Slash","Bane+1"],"picked":"Deadly Poison+1","floor":20.0},{"not_picked":["Deflect+1","Slice"],"picked":"Sucker Punch","floor":22.0}],"player_experience":186931,"relics_obtained":[{"floor":4.0,"key":"Old Coin"},{"floor":9.0,"key":"Calipers"},{"floor":21.0,"key":"Enchiridion"}],"event_choices":[{"cards_removed":["Defend_G"],"damage_healed":0.0,"max_hp_gain":0.0,"max_hp_loss":0.0,"gold_gain":0.0,"event_name":"Golden Wing","player_choice":"Card Removal","floor":2.0,"gold_loss":0.0,"damage_taken":7.0},{"damage_healed":0.0,"max_hp_gain":0.0,"max_hp_loss":0.0,"gold_gain":0.0,"event_name":"Wheel of Change","player_choice":"Relic","floor":4.0,"gold_loss":0.0,"damage_taken":0.0},{"damage_healed":0.0,"max_hp_gain":0.0,"max_hp_loss":0.0,"gold_gain":175.0,"event_name":"Liars Game","player_choice":"AGREE","floor":8.0,"gold_loss":0.0,"damage_taken":0.0,"cards_obtained":["Doubt"]},{"damage_healed":0.0,"max_hp_gain":0.0,"max_hp_loss":6.0,"gold_gain":0.0,"event_name":"Golden Idol","player_choice":"Lose Max HP","floor":10.0,"gold_loss":0.0,"damage_taken":0.0,"relics_obtained":["Golden Idol"]},{"cards_removed":["Defend_G"],"damage_healed":0.0,"max_hp_gain":0.0,"max_hp_loss":0.0,"gold_gain":0.0,"event_name":"Purifier","player_choice":"Purged","floor":14.0,"gold_loss":0.0,"damage_taken":0.0},{"damage_healed":0.0,"max_hp_gain":0.0,"max_hp_loss":0.0,"gold_gain":0.0,"event_name":"Cursed Tome","player_choice":"Obtained Book","floor":21.0,"gold_loss":0.0,"damage_taken":16.0}],"is_beta":false,"boss_relics":[{"not_picked":["Runic Dome","Empty Cage"],"picked":"WristBlade"}],"items_purged_floors":[12],"is_endless":false,"potions_floor_spawned":[5,7,11,16,22],"killed_by":"Gremlin Leader","ascension_level":0}