{"path_per_floor":["M","M","?","M","M","E","M","M","T","?","E","M","$","M","R","B",null,"M","M","M","?"],"character_chosen":"IRONCLAD","items_purchased":["Armaments+1","Combust+1"],"gold_per_floor":[117,127,127,140,155,186,201,217,217,217,250,275,84,103,103,224,224,238,256,276,276,276],"floor_reached":22,"campfire_rested":1,"playtime":2472,"item_purchase_floors":[13,13],"current_hp_per_floor":[88,88,66,72,76,33,36,31,31,31,19,24,24,28,54,8,88,58,54,33,33,0],"items_purged":["Normality"],"gold":276,"score":202,"play_id":"7e54758f-94b2-45c5-889e-e4d99fcfe3e8","local_time":"20180528222424","is_prod":false,"is_daily":false,"chose_seed":false,"is_ascension_mode":false,"campfire_upgraded":0,"win_rate":0,"timestamp":1527564264,"campfire_choices":[{"floor":15,"key":"REST"}],"path_taken":["M","M","?","M","M","E","M","M","T","?","E","?","$","M","R","BOSS","M","M","M","?","M"],"build_version":"2018-05-24","seed_source_timestamp":516648019617185,"purchased_purges":1,"victory":false,"master_deck":["Strike_R","Strike_R","Strike_R","Strike_R","Strike_R","Defend_R+1","Defend_R","Defend_R","Defend_R","Bash","Shrug It Off","Anger","Armaments","Cleave","Hemokinesis","Offering+1","Fire Breathing+1","Armaments+1","Combust+1","Demon Form+1","Heavy Blade"],"max_hp_per_floor":[88,88,88,88,88,88,88,88,88,88,88,88,88,88,88,88,88,88,88,88,88,88],"relics":["Burning Blood","Golden Idol","Frozen Egg 2","Toxic Egg 2","Blood Vial","War Paint","Black Star"],"card_choices":[{"not_picked":["Cleave","Wild Strike"],"picked":"Shrug It Off","floor":1},{"not_picked":["Intimidate","Sentinel","Sword Boomerang"],"picked":"SKIP","floor":2},{"not_picked":["Heavy Blade","Shrug It Off"],"picked":"Anger","floor":4},{"not_picked":["Ghostly Armor","Body Slam"],"picked":"Armaments","floor":5},{"not_picked":["Wild Strike","Iron Wave"],"picked":"Cleave","floor":6},{"not_picked":["Twin Strike","Headbutt"],"picked":"Hemokinesis","floor":7},{"not_picked":["Disarm","Flex"],"picked":"Offering","floor":8},{"not_picked":["Rampage","Shrug It Off+1"],"picked":"Fire Breathing+1","floor":11},{"not_picked":["Havoc+1","Body Slam","Cleave"],"picked":"SKIP","floor":12},{"not_picked":["Twin Strike","Cleave","Havoc+1"],"picked":"SKIP","floor":14},{"not_picked":["Immolate","Berserk+1"],"picked":"Demon Form+1","floor":16},{"not_picked":["Thunderclap","Flame Barrier+1","Headbutt"],"picked":"SKIP","floor":18},{"not_picked":["Spot Weakness+1","Clash","Armaments+1"],"picked":"SKIP","floor":19},{"not_picked":["True Grit+1","Armaments+1"],"picked":"Heavy Blade","floor":20}],"player_experience":50039,"potions_floor_usage":[11,11,16,20,22,22],"damage_taken":[{"damage":3,"enemies":"Small Slimes","floor":1,"turns":3},{"damage":0,"enemies":"2 Louse","floor":2,"turns":4},{"damage":0,"enemies":"Jaw Worm","floor":4,"turns":5},{"damage":2,"enemies":"Blue Slaver","floor":5,"turns":3},{"damage":49,"enemies":"Lagavulin","floor":6,"turns":11},{"damage":3,"enemies":"Gremlin Gang","floor":7,"turns":5},{"damage":11,"enemies":"Red Slaver","floor":8,"turns":3},{"damage":20,"enemies":"Gremlin Nob","floor":11,"turns":3},{"damage":3,"enemies":"Exordium Thugs","floor":12,"turns":4},{"damage":4,"enemies":"Exordium Wildlife","floor":14,"turns":3},{"damage":54,"enemies":"Hexaghost","floor":16,"turns":9},{"damage":36,"enemies":"2 Thieves","floor":18,"turns":4},{"damage":12,"enemies":"Chosen","floor":19,"turns":4},{"damage":29,"enemies":"Snake Plant","floor":20,"turns":5},{"damage":42,"enemies":"Chosen and Byrds","floor":22,"turns":5}],"relics_obtained":[{"floor":6,"key":"Frozen Egg 2"},{"floor":9,"key":"Toxic Egg 2"},{"floor":11,"key":"War Paint"}],"event_choices":[{"event_name":"Golden Idol","player_choice":"Take Damage","floor":3,"damage_taken":0},{"event_name":"Accursed Blacksmith","player_choice":"Rummage","floor":10,"damage_taken":0},{"event_name":"N\u0027loth","player_choice":"Ignored","floor":21,"damage_taken":0}],"boss_relics":[{"not_picked":["Orrery","Velvet Choker"],"picked":"Black Star"}],"items_purged_floors":[13],"potions_floor_spawned":[2,4,5,8,14,16,19],"seed_played":"2090579058808519399","killed_by":"Chosen and Byrds","ascension_level":0,"potions_obtained":[{"floor":2,"key":"Strength Potion"},{"floor":4,"key":"SteroidPotion"},{"floor":5,"key":"SpeedPotion"},{"floor":8,"key":"Ancient Potion"},{"floor":14,"key":"SpeedPotion"},{"floor":16,"key":"SpeedPotion"},{"floor":19,"key":"EssenceOfSteel"}],"is_trial":false}