{"gold_per_floor":[114,31,31,31,31,31,64,64,87,87,12,30,45,59,59,155,155,173,173,20,39,219,219,247,247,247,247,263,263,276,308,308,407,407,420,109,124,224,243,243,254,254],"floor_reached":42,"playtime":4462,"items_purged":["Regret","Defend_B"],"score":434,"play_id":"b5445177-14e7-4dd6-90d9-25a5a723bf00","local_time":"20180716171518","is_ascension_mode":false,"campfire_choices":[{"data":"Redo","floor":6.0,"key":"SMITH"},{"floor":8.0,"key":"REST"},{"data":"Dualcast","floor":10.0,"key":"SMITH"},{"data":"Zap","floor":15.0,"key":"SMITH"},{"floor":23.0,"key":"REST"},{"floor":25.0,"key":"REST"},{"data":"Echo Form","floor":29.0,"key":"SMITH"},{"floor":32.0,"key":"REST"},{"floor":40,"key":"REST"}],"neow_cost":"","seed_source_timestamp":775548157740795,"circlet_count":0,"master_deck":["Strike_B","Strike_B","Strike_B","Strike_B","Defend_B","Defend_B","Zap+1","Dualcast+1","Steam Power","Self Repair","Redo+1","Cold Snap","Glacier","Beam Cell","Compile Driver","Conserve Battery","Echo Form+1","Loop","Conserve Battery+1","Rip and Tear+1","Creative AI","Redo","Fission","Heatsinks+1","Multi-Cast","Double Energy","Rainbow","Buffer","Chill","Redo+1"],"special_seed":0,"relics":["Cracked Core","Darkstone Periapt","Gremlin Horn","Pantograph","Regal Pillow","Cursed Key","Omamori","Meat on the Bone","Bag of Marbles","Lantern","Inserter"],"potions_floor_usage":[],"damage_taken":[{"damage":12.0,"enemies":"Small Slimes","floor":1.0,"turns":3.0},{"damage":31.0,"enemies":"Gremlin Nob","floor":7.0,"turns":4.0},{"damage":0.0,"enemies":"Cultist","floor":12.0,"turns":3.0},{"damage":0.0,"enemies":"Jaw Worm","floor":13.0,"turns":3.0},{"damage":3.0,"enemies":"Blue Slaver","floor":14.0,"turns":3.0},{"damage":32.0,"enemies":"Slime Boss","floor":16.0,"turns":13.0},{"damage":10.0,"enemies":"Shell Parasite","floor":18.0,"turns":7.0},{"damage":6.0,"enemies":"Spheric Guardian","floor":21.0,"turns":5.0},{"damage":56.0,"enemies":"Gremlin Leader","floor":24.0,"turns":9.0},{"damage":4.0,"enemies":"Snecko","floor":28.0,"turns":6.0},{"damage":21.0,"enemies":"Centurion and Healer","floor":30.0,"turns":6.0},{"damage":57.0,"enemies":"Book of Stabbing","floor":31.0,"turns":7.0},{"damage":64.0,"enemies":"Collector","floor":33.0,"turns":10.0},{"damage":17.0,"enemies":"Flame Bruiser 1 Orb","floor":35.0,"turns":7.0},{"damage":44,"enemies":"3 Shapes","floor":37,"turns":4},{"damage":12,"enemies":"Spire Growth","floor":39,"turns":5},{"damage":53,"enemies":"3 Darklings","floor":41,"turns":7},{"damage":69,"enemies":"4 Shapes","floor":42,"turns":3}],"seed_played":"2316840544618545840","potions_obtained":[{"floor":1.0,"key":"SkillPotion"},{"floor":14.0,"key":"Ancient Potion"},{"floor":16.0,"key":"FocusPotion"},{"floor":33.0,"key":"Explosive Potion"},{"floor":39,"key":"SneckoOil"}],"is_trial":false,"path_per_floor":["M","$","?","?","?","R","E","R","T","R","$","M","M","M","R","B",null,"M","?","$","M","?","R","E","R","T","?","M","R","M","E","R","B",null,"M","$","M","?","M","R","M"],"character_chosen":"DEFECT","items_purchased":["Self Repair","Redo","Omamori","Rainbow","Buffer"],"campfire_rested":5,"item_purchase_floors":[2,2,20,36,36],"current_hp_per_floor":[63,63,63,63,69,69,45,69,69,69,69,76,81,81,81,56,81,78,78,78,79,55,81,32,71,71,71,74,74,60,22,61,36,81,71,71,39,39,46,81,47,0],"gold":254,"neow_bonus":"","is_prod":false,"is_daily":false,"chose_seed":false,"campfire_upgraded":4,"win_rate":0,"timestamp":1531750518,"path_taken":["M","$","?","?","?","R","E","R","T","R","$","M","M","M","R","BOSS","M","?","$","?","?","R","E","R","T","?","M","R","M","E","R","BOSS","M","$","M","?","M","R","M","?"],"build_version":"2018-07-12","purchased_purges":2,"victory":false,"max_hp_per_floor":[75,75,75,75,81,81,81,81,81,81,81,81,81,81,81,81,81,81,81,81,81,81,81,81,81,81,81,81,81,81,81,81,81,81,81,81,81,81,81,81,81,81],"card_choices":[{"not_picked":["Reprogram","Go for the Eyes"],"picked":"Steam Power","floor":1.0},{"not_picked":["Stack","Coolheaded"],"picked":"Glacier","floor":7.0},{"not_picked":["Conserve Battery","Redo"],"picked":"Beam Cell","floor":12.0},{"not_picked":["Cold Snap","Beam Cell"],"picked":"Compile Driver","floor":13.0},{"not_picked":["Leap","Glacier"],"picked":"Conserve Battery","floor":14.0},{"not_picked":["Multi-Cast","Biased Cognition"],"picked":"Echo Form","floor":16.0},{"not_picked":["Lockon","Reinforced Body"],"picked":"Loop","floor":18.0},{"not_picked":["Go for the Eyes+1","Redo"],"picked":"Conserve Battery+1","floor":21.0},{"not_picked":["Consume","Go for the Eyes"],"picked":"Rip and Tear+1","floor":24.0},{"not_picked":["Cold Snap","Gash"],"picked":"Redo","floor":28.0},{"not_picked":["Streamline","Skim"],"picked":"Fission","floor":30.0},{"not_picked":["Sweeping Beam+1","Chill"],"picked":"Heatsinks+1","floor":31.0},{"not_picked":["Fission","Echo Form"],"picked":"Multi-Cast","floor":33.0},{"not_picked":["Leap+1","Steam+1"],"picked":"Double Energy","floor":35.0},{"not_picked":["Go for the Eyes+1","Conserve Battery"],"picked":"Chill","floor":37},{"not_picked":["Steam+1","Fusion"],"picked":"Redo+1","floor":39},{"not_picked":["Loop+1","Beam Cell","Cold Snap"],"picked":"SKIP","floor":41}],"player_experience":89147,"relics_obtained":[{"floor":7.0,"key":"Pantograph"},{"floor":9.0,"key":"Regal Pillow"},{"floor":24.0,"key":"Meat on the Bone"},{"floor":26.0,"key":"Bag of Marbles"},{"floor":31.0,"key":"Lantern"}],"event_choices":[{"event_name":"Wheel of Change","player_choice":"Relic","floor":3.0,"damage_taken":0.0},{"event_name":"Transmorgrifier","player_choice":"Transform","floor":4.0,"damage_taken":0.0},{"event_name":"Big Fish","player_choice":"Box","floor":5.0,"damage_taken":0.0},{"event_name":"The Woman in Blue","player_choice":"Bought 0 Potions","floor":19.0,"damage_taken":0.0},{"event_name":"Knowing Skull","player_choice":"GOLD GOLD ","floor":22.0,"damage_taken":0.0},{"event_name":"The Library","player_choice":"Read","floor":27.0,"damage_taken":0.0},{"event_name":"Golden Shrine","player_choice":"Pray","floor":38,"damage_taken":0}],"boss_relics":[{"not_picked":["Orrery","FrozenCore"],"picked":"Cursed Key"},{"not_picked":["Coffee Dripper","White Beast Statue"],"picked":"Inserter"}],"items_purged_floors":[11,36],"is_endless":false,"potions_floor_spawned":[1,14,16,21,28,33,39],"killed_by":"4 Shapes","ascension_level":0}