{"gold_per_floor":[114,114,133,133,147,175,175,65,112,147,147,176,176,29,29,125,125,144,144,96,80,96,96,131,151,151,151,161,173,187,44,44,143,143,160,175,194,194,211,211,245,262,286,311,21,21,95,95,95,95],"floor_reached":51,"playtime":2913,"items_purged":["Pain"],"score":820,"play_id":"04a16a83-7eca-45e3-96d7-8eda0d09cd12","local_time":"20190212183726","is_ascension_mode":false,"campfire_choices":[{"floor":7.0,"key":"REST"},{"floor":11.0,"key":"REST"},{"floor":15.0,"key":"REST"},{"floor":23.0,"key":"REST"},{"floor":27.0,"key":"REST"},{"floor":32.0,"key":"DIG"},{"floor":40.0,"key":"DIG"},{"floor":46.0,"key":"DIG"},{"floor":49.0,"key":"DIG"}],"neow_cost":"NONE","seed_source_timestamp":74505695397286,"circlet_count":0,"master_deck":["Strike_B","Strike_B","Strike_B","Defend_B","Defend_B","Defend_B","Defend_B","Zap","Dualcast","Conserve Battery","Heatsinks","Streamline","Capacitor","Genetic Algorithm","Creative AI","Creative AI","Capacitor","Conserve Battery","Glacier","Clumsy","Cold Snap","Creative AI","Shame","Storm","Storm","Turbo+1"],"special_seed":0,"relics":["Cracked Core","WarpedTongs","Pen Nib","Mummified Hand","Vajra","Shovel","Matryoshka","Art of War","Mercury Hourglass","PreservedInsect","Cursed Key","Blue Candle","Happy Flower","Bird Faced Urn","Lantern","WingedGreaves","Sozu","StoneCalendar","Blood Vial","Omamori","Toxic Egg 2","DollysMirror","Frozen Egg 2","Bottled Tornado","Thread and Needle"],"potions_floor_usage":[50,50,50],"damage_taken":[{"damage":3.0,"enemies":"Small Slimes","floor":1.0,"turns":4.0},{"damage":6.0,"enemies":"Cultist","floor":3.0,"turns":5.0},{"damage":3.0,"enemies":"2 Louse","floor":5.0,"turns":2.0},{"damage":17.0,"enemies":"3 Sentries","floor":6.0,"turns":8.0},{"damage":41.0,"enemies":"Lagavulin","floor":10.0,"turns":7.0},{"damage":27.0,"enemies":"3 Sentries","floor":12.0,"turns":7.0},{"damage":25.0,"enemies":"Hexaghost","floor":16.0,"turns":10.0},{"damage":10.0,"enemies":"Chosen","floor":18.0,"turns":4.0},{"damage":20.0,"enemies":"2 Thieves","floor":21.0,"turns":4.0},{"damage":24.0,"enemies":"Snake Plant","floor":22.0,"turns":6.0},{"damage":38.0,"enemies":"Gremlin Leader","floor":24.0,"turns":7.0},{"damage":2.0,"enemies":"Sentry and Sphere","floor":25.0,"turns":5.0},{"damage":1.0,"enemies":"Snecko","floor":28.0,"turns":6.0},{"damage":3.0,"enemies":"Centurion and Healer","floor":29.0,"turns":7.0},{"damage":19.0,"enemies":"3 Cultists","floor":30.0,"turns":5.0},{"damage":0.0,"enemies":"Champ","floor":33.0,"turns":9.0},{"damage":38.0,"enemies":"3 Darklings","floor":35.0,"turns":5.0},{"damage":7.0,"enemies":"Orb Walker","floor":36.0,"turns":5.0},{"damage":0.0,"enemies":"Transient","floor":37.0,"turns":5.0},{"damage":15.0,"enemies":"Maw","floor":39.0,"turns":7.0},{"damage":8.0,"enemies":"Giant Head","floor":41.0,"turns":8.0},{"damage":21.0,"enemies":"3 Darklings","floor":42.0,"turns":6.0},{"damage":49.0,"enemies":"Reptomancer","floor":44.0,"turns":4.0},{"damage":86,"enemies":"Time Eater","floor":50,"turns":8}],"seed_played":"-43441832717098631","potions_obtained":[{"floor":1.0,"key":"Strength Potion"},{"floor":3.0,"key":"EssenceOfSteel"},{"floor":12.0,"key":"Poison Potion"},{"floor":16.0,"key":"Regen Potion"}],"is_trial":false,"path_per_floor":["M","?","M","?","M","E","R","$","T","E","R","E","T","$","R","B",null,"M","?","$","M","M","R","E","M","T","R","M","M","M","$","R","B",null,"M","M","M","?","M","R","E","M","T","E","$","R","T","?","R","B",null],"character_chosen":"DEFECT","items_purchased":["Capacitor","PreservedInsect","Fire Potion","Lantern","Storm","DollysMirror"],"campfire_rested":5,"item_purchase_floors":[8,14,20,31,45,45],"current_hp_per_floor":[79,79,73,73,70,53,77,77,77,36,60,33,33,33,57,32,82,72,72,72,52,28,52,14,12,12,36,51,70,71,71,71,82,82,70,79,82,82,82,82,82,82,82,61,61,61,61,61,61,27],"gold":95,"neow_bonus":"TEN_PERCENT_HP_BONUS","is_prod":false,"is_daily":false,"chose_seed":false,"campfire_upgraded":0,"win_rate":0.0,"timestamp":1549985846,"path_taken":["M","?","?","?","?","E","R","$","T","E","R","E","?","$","R","BOSS","M","?","?","M","M","R","E","M","T","R","M","M","M","$","R","BOSS","M","M","M","?","M","R","E","?","T","E","$","R","?","?","R","BOSS"],"build_version":"2019-01-23","purchased_purges":1,"victory":true,"max_hp_per_floor":[82,82,82,82,82,82,82,82,82,82,82,82,82,82,82,82,82,82,82,82,82,82,82,82,82,82,82,82,82,82,82,82,82,82,82,82,82,82,82,82,82,82,82,82,82,82,82,82,82,82],"card_choices":[{"not_picked":["Reprogram","Stack"],"picked":"Conserve Battery","floor":1.0},{"not_picked":["Compile Driver","Ball Lightning","Go for the Eyes"],"picked":"SKIP","floor":3.0},{"not_picked":["Steam","Coolheaded"],"picked":"Heatsinks","floor":5.0},{"not_picked":["Doom and Gloom","Recycle"],"picked":"Streamline","floor":6.0},{"not_picked":["All For One","Auto Shields"],"picked":"Genetic Algorithm","floor":10.0},{"not_picked":["Redo","Steam Power","Scrape"],"picked":"SKIP","floor":12.0},{"not_picked":["Machine Learning","Rainbow"],"picked":"Creative AI","floor":16.0},{"not_picked":["Chill","Heatsinks","Hologram"],"picked":"SKIP","floor":18.0},{"not_picked":["Redo","Tempest"],"picked":"Capacitor","floor":21.0},{"not_picked":["Ball Lightning","Compile Driver"],"picked":"Conserve Battery","floor":22.0},{"not_picked":["Tempest+1","Fission"],"picked":"Glacier","floor":24.0},{"not_picked":["Scrape+1","Turbo+1","Redo+1"],"picked":"SKIP","floor":25.0},{"not_picked":["Double Energy","Glacier"],"picked":"Cold Snap","floor":28.0},{"not_picked":["BootSequence","Coolheaded","Melter"],"picked":"SKIP","floor":29.0},{"not_picked":["Barrage+1","Conserve Battery","Chill"],"picked":"SKIP","floor":30.0},{"not_picked":["All For One","Buffer"],"picked":"Creative AI","floor":33.0},{"not_picked":["Sweeping Beam+1","Consume","Coolheaded+1"],"picked":"SKIP","floor":35.0},{"not_picked":["Gash+1","Ball Lightning+1","Skim"],"picked":"SKIP","floor":36.0},{"not_picked":["Stack","Beam Cell+1","Cold Snap"],"picked":"SKIP","floor":37.0},{"not_picked":["Ball Lightning+1","Gash+1","Redo"],"picked":"SKIP","floor":39.0},{"not_picked":["Barrage","Steam+1","Cold Snap"],"picked":"SKIP","floor":41.0},{"not_picked":["Steam","Lockon+1","Auto Shields+1"],"picked":"SKIP","floor":42.0},{"not_picked":["Genetic Algorithm+1","Aggregate+1","Rebound"],"picked":"SKIP","floor":44.0}],"player_experience":356294,"relics_obtained":[{"floor":6.0,"key":"Mummified Hand"},{"floor":9.0,"key":"Vajra"},{"floor":10.0,"key":"Shovel"},{"floor":12.0,"key":"Matryoshka"},{"floor":13.0,"key":"Art of War"},{"floor":13.0,"key":"Mercury Hourglass"},{"floor":24.0,"key":"Blue Candle"},{"floor":26.0,"key":"Happy Flower"},{"floor":26.0,"key":"Bird Faced Urn"},{"floor":32.0,"key":"WingedGreaves"},{"floor":40.0,"key":"StoneCalendar"},{"floor":41.0,"key":"Blood Vial"},{"floor":43.0,"key":"Omamori"},{"floor":44.0,"key":"Toxic Egg 2"},{"floor":46.0,"key":"Frozen Egg 2"},{"floor":47.0,"key":"Bottled Tornado"},{"floor":49.0,"key":"Thread and Needle"}],"event_choices":[{"damage_healed":0.0,"max_hp_gain":0.0,"max_hp_loss":0.0,"gold_gain":0.0,"event_name":"Accursed Blacksmith","player_choice":"Rummage","floor":2.0,"gold_loss":0.0,"damage_taken":0.0,"relics_obtained":["WarpedTongs"],"cards_obtained":["Pain"]},{"damage_healed":0.0,"max_hp_gain":0.0,"max_hp_loss":0.0,"gold_gain":0.0,"event_name":"WeMeetAgain","player_choice":"Gave Potion","floor":4.0,"gold_loss":0.0,"damage_taken":0.0,"relics_obtained":["Pen Nib"]},{"damage_healed":0.0,"max_hp_gain":0.0,"max_hp_loss":0.0,"gold_gain":0.0,"event_name":"Duplicator","player_choice":"Copied","floor":19.0,"gold_loss":0.0,"damage_taken":0.0,"cards_obtained":["Creative AI"]},{"damage_healed":0.0,"max_hp_gain":0.0,"max_hp_loss":0.0,"gold_gain":0.0,"event_name":"NoteForYourself","player_choice":"Ignored","floor":38.0,"gold_loss":0.0,"damage_taken":0.0},{"damage_healed":0.0,"max_hp_gain":0.0,"max_hp_loss":0.0,"gold_gain":0.0,"cards_transformed":["Strike_B"],"event_name":"Transmorgrifier","player_choice":"Transformed","floor":48.0,"gold_loss":0.0,"damage_taken":0.0,"cards_obtained":["Turbo"]}],"is_beta":false,"boss_relics":[{"not_picked":["Calling Bell","Velvet Choker"],"picked":"Cursed Key"},{"not_picked":["Philosopher\u0027s Stone","Lizard Tail"],"picked":"Sozu"}],"items_purged_floors":[8],"is_endless":false,"potions_floor_spawned":[1,3,12,16,21,24,28,33,35,36,44],"ascension_level":0}