{"gold_per_floor":[211,228,108,108,124,124,124,142,165,184,184,219,242,255,255,385,385,373,392,392,408,427],"floor_reached":22,"playtime":910,"items_purged":["Defend_R"],"score":192,"play_id":"9fe67278-f03b-4ba4-b603-84d09718c402","local_time":"20190209170004","is_ascension_mode":false,"campfire_choices":[{"data":"Shrug It Off","floor":6.0,"key":"SMITH"},{"floor":11,"key":"REST"},{"floor":15,"key":"REST"}],"neow_cost":"NONE","seed_source_timestamp":70424499841979,"circlet_count":0,"master_deck":["Bash","Shrug It Off+1","Anger","Intimidate","Reaper","Impervious","Impervious","Blood for Blood","Cleave","Clash","Wild Strike","Feed"],"special_seed":0,"relics":["Burning Blood","Golden Idol","Vajra","Red Skull","Pandora\u0027s Box"],"potions_floor_usage":[16,16],"damage_taken":[{"damage":2.0,"enemies":"Small Slimes","floor":1.0,"turns":4.0},{"damage":6.0,"enemies":"Cultist","floor":2.0,"turns":3.0},{"damage":11.0,"enemies":"Jaw Worm","floor":5.0,"turns":2.0},{"damage":11.0,"enemies":"Lots of Slimes","floor":8.0,"turns":6.0},{"damage":19,"enemies":"Exordium Wildlife","floor":10,"turns":6},{"damage":21,"enemies":"3 Sentries","floor":12,"turns":11},{"damage":14,"enemies":"Red Slaver","floor":13,"turns":5},{"damage":0,"enemies":"2 Fungi Beasts","floor":14,"turns":3},{"damage":57,"enemies":"The Guardian","floor":16,"turns":18},{"damage":20,"enemies":"2 Thieves","floor":18,"turns":4},{"damage":30,"enemies":"Spheric Guardian","floor":19,"turns":6},{"damage":39,"enemies":"Cultist and Chosen","floor":21,"turns":7},{"damage":25,"enemies":"Snake Plant","floor":22,"turns":5}],"seed_played":"5400021406268740583","potions_obtained":[{"floor":2.0,"key":"AttackPotion"},{"floor":5.0,"key":"Weak Potion"},{"floor":8.0,"key":"FearPotion"},{"floor":16,"key":"EssenceOfSteel"},{"floor":22,"key":"LiquidBronze"}],"is_trial":false,"path_per_floor":["M","M","$","?","M","R","?","M","T","M","R","E","M","M","R","B",null,"M","M","?","M","M"],"character_chosen":"IRONCLAD","items_purchased":["Shrug It Off"],"campfire_rested":2,"item_purchase_floors":[3],"current_hp_per_floor":[80,80,80,60,55,55,55,50,50,37,61,46,38,44,68,17,80,66,42,42,25,14],"gold":427,"neow_bonus":"HUNDRED_GOLD","is_prod":false,"is_daily":false,"chose_seed":false,"campfire_upgraded":1,"win_rate":0,"timestamp":1549720804,"path_taken":["M","M","$","?","M","R","?","M","T","M","R","E","M","?","R","BOSS","M","M","?","?","M"],"build_version":"2019-01-23","purchased_purges":1,"victory":false,"max_hp_per_floor":[80,80,80,80,80,80,80,80,80,80,80,80,80,80,80,80,80,80,80,80,80,80],"card_choices":[{"not_picked":["Havoc","Rampage","Thunderclap"],"picked":"SKIP","floor":1.0},{"not_picked":["Iron Wave","Rage","Headbutt"],"picked":"SKIP","floor":2.0},{"not_picked":["Shrug It Off","Twin Strike","Battle Trance"],"picked":"SKIP","floor":5.0},{"not_picked":["Warcry","Metallicize","Anger"],"picked":"SKIP","floor":8.0},{"not_picked":["Clothesline","Shrug It Off","Body Slam"],"picked":"SKIP","floor":10},{"not_picked":["Sentinel","Hemokinesis","Body Slam"],"picked":"SKIP","floor":12},{"not_picked":["Headbutt","Cleave","Sever Soul"],"picked":"SKIP","floor":13},{"not_picked":["Reaper","Bloodletting","Armaments"],"picked":"SKIP","floor":14},{"not_picked":["Iron Wave","Heavy Blade"],"picked":"Clash","floor":18},{"not_picked":["Clothesline+1","Wild Strike","Armaments+1"],"picked":"SKIP","floor":19},{"not_picked":["Inflame","Clash+1","Thunderclap"],"picked":"SKIP","floor":21},{"not_picked":["Pommel Strike","Clash+1"],"picked":"Feed","floor":22}],"player_experience":264896,"relics_obtained":[{"floor":9.0,"key":"Vajra"},{"floor":12,"key":"Red Skull"}],"event_choices":[{"damage_healed":0.0,"max_hp_gain":0.0,"max_hp_loss":0.0,"gold_gain":0.0,"event_name":"Golden Idol","player_choice":"Take Damage","floor":4.0,"gold_loss":0.0,"damage_taken":20.0,"relics_obtained":["Golden Idol"]},{"damage_healed":0.0,"max_hp_gain":0.0,"max_hp_loss":0.0,"gold_gain":0.0,"event_name":"The Woman in Blue","player_choice":"Bought 0 Potions","floor":7.0,"gold_loss":0.0,"damage_taken":0.0},{"damage_healed":0,"gold_gain":0,"cards_transformed":["Power Through"],"player_choice":"Transformed","damage_taken":0,"max_hp_gain":0,"max_hp_loss":0,"event_name":"Transmorgrifier","floor":20,"gold_loss":0,"cards_obtained":["Wild Strike"]}],"is_beta":false,"boss_relics":[{"not_picked":["Snecko Eye","Astrolabe"],"picked":"Pandora\u0027s Box"}],"items_purged_floors":[3],"is_endless":false,"potions_floor_spawned":[2,5,8,16,22],"killed_by":"Snake Plant","ascension_level":0}