{"gold_per_floor":[118,45,59,59,59,59,92,105,129,155,178,178,84,99,99,228,228,253,15,40,40,40,40,73,73],"floor_reached":25,"playtime":1975,"items_purged":[],"score":244,"play_id":"74fbde4d-c9e3-477b-b572-45898078b9ce","local_time":"20190212222659","is_ascension_mode":false,"campfire_choices":[{"floor":6,"key":"REST"},{"data":"Venomology","floor":15,"key":"SMITH"},{"floor":23,"key":"REST"}],"neow_cost":"NONE","seed_source_timestamp":12305690199931,"circlet_count":0,"master_deck":["Defend_G","Defend_G","Defend_G","Defend_G","Defend_G","Strike_G","Strike_G","Strike_G","Strike_G","Strike_G","Survivor","Neutralize","Dagger Throw","Underhanded Strike","Blade Dance","Acrobatics","Finisher","Venomology+1","Backflip","Parasite","Outmaneuver","All Out Attack","Blur","Phantasmal Killer","Dagger Spray","Noxious Fumes","Flying Knee","Eviscerate+1"],"relics":["Ring of the Snake","NeowsBlessing","Bloody Idol","Bag of Preparation","Snake Skull","Bronze Scales","Eternal Feather","TwistedFunnel","Toxic Egg 2"],"potions_floor_usage":[16,16,16,16,20,20,20,24,24,24],"damage_taken":[{"damage":0,"enemies":"2 Louse","floor":1,"turns":1},{"damage":0,"enemies":"Jaw Worm","floor":3,"turns":1},{"damage":0,"enemies":"3 Sentries","floor":7,"turns":1},{"damage":6,"enemies":"Cultist","floor":8,"turns":3},{"damage":12,"enemies":"Blue Slaver","floor":11,"turns":2},{"damage":12,"enemies":"Exordium Wildlife","floor":14,"turns":4},{"damage":34,"enemies":"Hexaghost","floor":16,"turns":10},{"damage":9,"enemies":"3 Byrds","floor":18,"turns":3},{"damage":24,"enemies":"Spheric Guardian","floor":20,"turns":5},{"damage":68,"enemies":"Book of Stabbing","floor":24,"turns":6},{"damage":12,"enemies":"Snake Plant","floor":25,"turns":2}],"seed_played":"2446157093761000296","potions_obtained":[{"floor":11,"key":"Swift Potion"},{"floor":14,"key":"PowerPotion"}],"is_trial":false,"path_per_floor":["M","$","M","?","?","R","E","M","T","T","M","?","$","M","R","B",null,"M","$","M","$","?","R","E","M"],"character_chosen":"THE_SILENT","items_purchased":["Underhanded Strike","Blade Dance","Outmaneuver","All Out Attack","Noxious Fumes","TwistedFunnel"],"campfire_rested":2,"item_purchase_floors":[2,2,13,13,19,19],"current_hp_per_floor":[70,70,70,70,53,70,70,64,64,64,52,69,69,57,57,23,70,61,61,37,37,37,70,7,0],"gold":73,"neow_bonus":"THREE_ENEMY_KILL","is_prod":false,"is_daily":false,"chose_seed":false,"campfire_upgraded":1,"win_rate":0.0,"timestamp":1550028419,"path_taken":["M","$","M","?","?","R","E","M","T","?","?","?","?","M","R","BOSS","M","$","M","$","?","R","E","M"],"build_version":"2019-01-23","purchased_purges":0,"victory":false,"max_hp_per_floor":[70,70,70,70,70,70,70,70,70,70,70,70,70,70,70,70,70,70,70,70,70,70,70,70,70],"card_choices":[{"not_picked":["Terror","Reflex"],"picked":"Dagger Throw","floor":1},{"not_picked":["Dagger Spray","Poisoned Stab"],"picked":"Acrobatics","floor":3},{"not_picked":["Escape Plan","Dagger Throw"],"picked":"Finisher","floor":7},{"not_picked":["Poisoned Stab","PiercingWail"],"picked":"Venomology","floor":8},{"not_picked":["Slice","Underhanded Strike"],"picked":"Backflip","floor":11},{"not_picked":["Calculated Gamble","Slice"],"picked":"Blur","floor":14},{"not_picked":["Venomology","Burst"],"picked":"Phantasmal Killer","floor":16},{"not_picked":["Acrobatics+1","Predator"],"picked":"Dagger Spray","floor":18},{"not_picked":["Slice+1","Quick Slash"],"picked":"Flying Knee","floor":20},{"not_picked":["Flechettes+1","Slice+1"],"picked":"Eviscerate+1","floor":24}],"player_experience":6423,"relics_obtained":[{"floor":7,"key":"Bag of Preparation"},{"floor":9,"key":"Snake Skull"},{"floor":10,"key":"Bronze Scales"},{"floor":24,"key":"Toxic Egg 2"}],"event_choices":[{"damage_healed":0,"gold_gain":0,"player_choice":"Leave","damage_taken":0,"max_hp_gain":0,"max_hp_loss":0,"event_name":"The Cleric","floor":4,"gold_loss":0},{"damage_healed":0,"gold_gain":0,"player_choice":"Take Damage","damage_taken":17,"relics_obtained":["Golden Idol"],"max_hp_gain":0,"max_hp_loss":0,"event_name":"Golden Idol","floor":5,"gold_loss":0},{"damage_healed":17,"gold_gain":0,"player_choice":"Healed and dodged fight","damage_taken":0,"max_hp_gain":0,"max_hp_loss":0,"event_name":"Mushrooms","floor":12,"gold_loss":0,"cards_obtained":["Parasite"]},{"damage_healed":0,"gold_gain":0,"player_choice":"Gave Idol","damage_taken":0,"relics_obtained":["Bloody Idol"],"max_hp_gain":0,"max_hp_loss":0,"event_name":"Forgotten Altar","floor":22,"relics_lost":["Golden Idol"],"gold_loss":0}],"is_beta":false,"boss_relics":[{"not_picked":["White Beast Statue","Fusion Hammer"],"picked":"Eternal Feather"}],"items_purged_floors":[],"is_endless":false,"potions_floor_spawned":[11,14],"killed_by":"Snake Plant","ascension_level":0}