{"gold_per_floor":[118,118,143,243,168,203,203,216,216,216,259,259,159,183,183,309,309,292,391,416,291,291,291,324,324],"floor_reached":25,"playtime":2041,"items_purged":["Strike_R","Strike_R","Strike_R"],"score":275,"play_id":"12701c4d-59d9-4dd5-9b02-6c3085b4eef8","local_time":"20180629185713","is_ascension_mode":true,"campfire_choices":[{"floor":7,"key":"REST"},{"floor":10,"key":"REST"},{"data":"Armaments","floor":12,"key":"SMITH"},{"floor":15,"key":"REST"},{"data":"Entrench","floor":23,"key":"SMITH"}],"neow_cost":"","seed_source_timestamp":0,"circlet_count":0,"master_deck":["Strike_R","Strike_R","Defend_R","Defend_R","Defend_R","Defend_R","Bash","Cleave","Armaments+1","Iron Wave","Combust","Juggernaut","Entrench+1"],"special_seed":0,"relics":["Burning Blood","Golden Idol","Gremlin Horn","Dodecahedron","Singing Bowl","Velvet Choker","Art of War","Bag of Preparation"],"potions_floor_usage":[11,11,11,11,16,16,20],"damage_taken":[{"damage":7.0,"enemies":"Jaw Worm","floor":1.0,"turns":3.0},{"damage":9.0,"enemies":"2 Louse","floor":3.0,"turns":2.0},{"damage":48.0,"enemies":"Gremlin Nob","floor":6.0,"turns":6.0},{"damage":1,"enemies":"Cultist","floor":8,"turns":3},{"damage":12,"enemies":"Lagavulin","floor":11,"turns":5},{"damage":9,"enemies":"Large Slime","floor":14,"turns":5},{"damage":33,"enemies":"Slime Boss","floor":16,"turns":10},{"damage":32,"enemies":"2 Thieves","floor":18,"turns":4},{"damage":15,"enemies":"Shell Parasite","floor":20,"turns":6},{"damage":22,"enemies":"Gremlin Leader","floor":24,"turns":9},{"damage":46,"floor":25,"turns":3}],"seed_played":"-1864682049875428043","potions_obtained":[{"floor":3.0,"key":"Regen Potion"},{"floor":6.0,"key":"EntropicBrew"},{"floor":8,"key":"Strength Potion"},{"floor":14,"key":"Regen Potion"},{"floor":18,"key":"PowerPotion"}],"is_trial":false,"path_per_floor":["M","?","M","?","$","E","R","M","T","R","E","R","$","M","R","B",null,"M","?","M","$","T","R","E"],"character_chosen":"IRONCLAD","items_purchased":[],"campfire_rested":3,"item_purchase_floors":[],"current_hp_per_floor":[87,65,62,62,62,25,51,56,56,82,78,78,78,77,92,80,92,68,68,59,59,59,59,45,0],"gold":324,"neow_bonus":"","is_prod":false,"is_daily":false,"chose_seed":false,"campfire_upgraded":2,"win_rate":0,"timestamp":1530316633,"path_taken":["M","?","?","?","$","E","R","M","T","R","E","R","$","M","R","BOSS","M","?","M","$","?","R","E","?"],"build_version":"2018-06-28","purchased_purges":3,"victory":false,"max_hp_per_floor":[88,88,88,88,88,88,88,88,88,88,90,90,90,92,92,92,92,94,94,94,94,94,94,96,96],"card_choices":[{"not_picked":["Clothesline","Havoc"],"picked":"Cleave","floor":1.0},{"not_picked":["Fire Breathing","Entrench"],"picked":"Armaments","floor":3.0},{"not_picked":["Infernal Blade","Sword Boomerang"],"picked":"Iron Wave","floor":6.0},{"not_picked":["Spot Weakness","Second Wind"],"picked":"Combust","floor":8},{"not_picked":["Searing Blow","Shockwave","Cleave"],"picked":"Singing Bowl","floor":11},{"not_picked":["Clothesline","Thunderclap","Sever Soul"],"picked":"Singing Bowl","floor":14},{"not_picked":["Limit Break","Brutality"],"picked":"Juggernaut","floor":16},{"not_picked":["Clash","Thunderclap","True Grit+1"],"picked":"Singing Bowl","floor":18},{"not_picked":["Disarm","Uppercut"],"picked":"Entrench","floor":20},{"not_picked":["Blood for Blood","Carnage","Anger"],"picked":"Singing Bowl","floor":24}],"player_experience":234457,"relics_obtained":[{"floor":6.0,"key":"Gremlin Horn"},{"floor":9,"key":"Dodecahedron"},{"floor":11,"key":"Singing Bowl"},{"floor":22,"key":"Art of War"},{"floor":24,"key":"Bag of Preparation"}],"event_choices":[{"event_name":"Golden Idol","player_choice":"Take Damage","floor":2.0,"damage_taken":0.0},{"event_name":"Golden Shrine","player_choice":"Pray","floor":4.0,"damage_taken":0.0},{"event_name":"Nest","player_choice":"Stole From Cult","floor":19,"damage_taken":0},{"event_name":"Masked Bandits","player_choice":"Fought over 324 gold","floor":25,"damage_taken":0}],"boss_relics":[{"not_picked":["Eternal Feather","Fusion Hammer"],"picked":"Velvet Choker"}],"items_purged_floors":[],"is_endless":false,"potions_floor_spawned":[3,6,8,14,18],"ascension_level":2}