{"gold_per_floor":[113,213,230,230,131,131,143,143,143,158,194,194,219,240,240,361,361,384,284,302,302,321,362,362,362,362,386,106,106,31,54,54,54],"floor_reached":33,"playtime":1108,"items_purged":["Defend_R","Defend_R","Defend_R"],"score":269,"play_id":"639ed2cb-3009-4745-80ed-e0602eb1eacd","local_time":"20190211140421","is_ascension_mode":false,"campfire_choices":[{"data":"Bash","floor":6.0,"key":"SMITH"},{"floor":15.0,"key":"REST"},{"floor":25.0,"key":"REST"},{"floor":32.0,"key":"REST"}],"neow_cost":"NONE","seed_source_timestamp":63835848591785,"circlet_count":0,"master_deck":["Strike_R","Strike_R","Strike_R","Bash+1","Clash","Shrug It Off"],"special_seed":0,"relics":["Burning Blood","NeowsBlessing","Golden Idol","Matryoshka","Red Skull","Lizard Tail","Paper Frog","Blood Vial","Question Card","Regal Pillow"],"potions_floor_usage":[33,33],"damage_taken":[{"damage":0.0,"enemies":"Jaw Worm","floor":1.0,"turns":1.0},{"damage":0.0,"enemies":"Cultist","floor":3.0,"turns":1.0},{"damage":0.0,"enemies":"2 Louse","floor":7.0,"turns":1.0},{"damage":7.0,"enemies":"2 Fungi Beasts","floor":10.0,"turns":4.0},{"damage":40.0,"enemies":"3 Sentries","floor":11.0,"turns":10.0},{"damage":9.0,"enemies":"3 Louse","floor":13.0,"turns":2.0},{"damage":2.0,"enemies":"Large Slime","floor":14.0,"turns":5.0},{"damage":38.0,"enemies":"Hexaghost","floor":16.0,"turns":8.0},{"damage":35.0,"enemies":"Shell Parasite","floor":18.0,"turns":8.0},{"damage":19.0,"enemies":"Spheric Guardian","floor":20.0,"turns":4.0},{"damage":20.0,"enemies":"Chosen and Byrds","floor":22.0,"turns":5.0},{"damage":50.0,"enemies":"Book of Stabbing","floor":23.0,"turns":5.0},{"damage":0.0,"enemies":"Sentry and Sphere","floor":24.0,"turns":1.0},{"damage":21.0,"enemies":"Snake Plant","floor":27.0,"turns":3.0},{"damage":7.0,"enemies":"Snecko","floor":31.0,"turns":3.0},{"damage":85,"enemies":"Collector","floor":33,"turns":8}],"seed_played":"-6480993053719926365","potions_obtained":[{"floor":1.0,"key":"SteroidPotion"},{"floor":10.0,"key":"Ancient Potion"},{"floor":13.0,"key":"Swift Potion"},{"floor":14.0,"key":"Strength Potion"},{"floor":20.0,"key":"SkillPotion"},{"floor":23.0,"key":"SmokeBomb"},{"floor":27.0,"key":"Explosive Potion"}],"is_trial":false,"path_per_floor":["M","?","M","?","$","R","M","?","T","M","E","?","M","M","R","B",null,"M","$","M","?","M","E","M","R","T","M","$","?","?","M","R","B"],"character_chosen":"IRONCLAD","items_purchased":["Clash","Regal Pillow"],"campfire_rested":3,"item_purchase_floors":[5,28],"current_hp_per_floor":[80,80,80,80,80,80,80,60,60,59,25,18,15,19,43,11,80,51,51,38,38,24,22,28,52,52,39,39,39,39,40,79,0],"gold":54,"neow_bonus":"THREE_ENEMY_KILL","is_prod":false,"is_daily":false,"chose_seed":false,"campfire_upgraded":1,"win_rate":0,"timestamp":1549883061,"path_taken":["M","?","?","?","$","R","M","?","T","M","E","?","M","M","R","BOSS","M","$","M","?","?","E","M","R","T","M","$","?","?","M","R","BOSS"],"build_version":"2019-01-23","purchased_purges":3,"victory":false,"max_hp_per_floor":[80,80,80,80,80,80,80,80,80,80,80,80,80,80,80,80,80,80,80,80,80,80,80,80,80,80,80,80,80,80,80,80,80],"card_choices":[{"not_picked":["Rage","Wild Strike","Armaments"],"picked":"SKIP","floor":1.0},{"not_picked":["Inflame","Shockwave","Sword Boomerang"],"picked":"SKIP","floor":3.0},{"not_picked":["Battle Trance","Perfected Strike","Sword Boomerang"],"picked":"SKIP","floor":7.0},{"not_picked":["Warcry","Metallicize","Clash"],"picked":"SKIP","floor":10.0},{"not_picked":["Entrench","Clash"],"picked":"Shrug It Off","floor":11.0},{"not_picked":["True Grit","Dual Wield","Ghostly Armor"],"picked":"SKIP","floor":13.0},{"not_picked":["Reaper","Heavy Blade","Headbutt"],"picked":"SKIP","floor":14.0},{"not_picked":["Reckless Charge","Clothesline+1","Anger"],"picked":"SKIP","floor":18.0},{"not_picked":["Uppercut","Flex","Wild Strike"],"picked":"SKIP","floor":20.0},{"not_picked":["Pommel Strike","Body Slam","Warcry"],"picked":"SKIP","floor":22.0},{"not_picked":["Double Tap","Metallicize+1","Havoc+1"],"picked":"SKIP","floor":23.0},{"not_picked":["True Grit+1","Shrug It Off","Heavy Blade","Havoc"],"picked":"SKIP","floor":27.0},{"not_picked":["Demon Form","Inflame+1","Havoc","Shrug It Off"],"picked":"SKIP","floor":31.0}],"player_experience":310318,"relics_obtained":[{"floor":9.0,"key":"Matryoshka"},{"floor":11.0,"key":"Red Skull"},{"floor":23.0,"key":"Paper Frog"},{"floor":26.0,"key":"Blood Vial"},{"floor":26.0,"key":"Question Card"}],"event_choices":[{"damage_healed":0.0,"max_hp_gain":0.0,"max_hp_loss":0.0,"gold_gain":100.0,"event_name":"Golden Shrine","player_choice":"Pray","floor":2.0,"gold_loss":0.0,"damage_taken":0.0},{"damage_healed":0.0,"max_hp_gain":0.0,"max_hp_loss":0.0,"gold_gain":0.0,"event_name":"Liars Game","player_choice":"Ignored","floor":4.0,"gold_loss":0.0,"damage_taken":0.0},{"damage_healed":0.0,"max_hp_gain":0.0,"max_hp_loss":0.0,"gold_gain":0.0,"event_name":"Golden Idol","player_choice":"Take Damage","floor":8.0,"gold_loss":0.0,"damage_taken":20.0,"relics_obtained":["Golden Idol"]},{"cards_removed":["Defend_R"],"damage_healed":0.0,"max_hp_gain":0.0,"max_hp_loss":0.0,"gold_gain":0.0,"event_name":"Golden Wing","player_choice":"Card Removal","floor":12.0,"gold_loss":0.0,"damage_taken":7.0},{"damage_healed":0.0,"max_hp_gain":0.0,"max_hp_loss":0.0,"gold_gain":0.0,"event_name":"NoteForYourself","player_choice":"Ignored","floor":21.0,"gold_loss":0.0,"damage_taken":0.0},{"cards_removed":["Strike_R"],"damage_healed":0.0,"max_hp_gain":0.0,"max_hp_loss":0.0,"gold_gain":0.0,"event_name":"Back to Basics","player_choice":"Elegance","floor":29.0,"gold_loss":0.0,"damage_taken":0.0},{"cards_removed":["Strike_R"],"damage_healed":0.0,"max_hp_gain":0.0,"max_hp_loss":0.0,"gold_gain":0.0,"event_name":"Beggar","player_choice":"Gave Gold","floor":30.0,"gold_loss":75.0,"damage_taken":0.0}],"is_beta":false,"boss_relics":[{"not_picked":["Mark of Pain","Ectoplasm"],"picked":"Lizard Tail"}],"items_purged_floors":[5,19,28],"is_endless":false,"potions_floor_spawned":[1,10,13,14,20,22,23,27],"killed_by":"Collector","ascension_level":0}