{"gold_per_floor":[114,129,204,379,394,394,424,439,464,479,509,524,524,539,539,639,639,654,232,232,247,262,292,292,292,292,307,222,222,237,87,87,187,187,202,202,217,232,232,232,247,247,247,262,277,292,42,57,57,57],"floor_reached":51,"playtime":7372,"items_purged":["Doubt"],"score":825,"play_id":"7cedcff0-e7d8-4da0-aa0d-33fed385060b","local_time":"20180715210957","daily_mods":["Insanity","Terminal","Vintage"],"is_ascension_mode":false,"campfire_choices":[{"data":"Buffer","floor":6,"key":"SMITH"},{"floor":13,"key":"REST"},{"floor":15,"key":"REST"},{"floor":24,"key":"REST"},{"data":"Double Energy","floor":29,"key":"SMITH"},{"data":"Turbo","floor":32,"key":"SMITH"},{"data":"Capacitor","floor":40,"key":"SMITH"},{"data":"Reboot","floor":42,"key":"SMITH"},{"floor":49,"key":"DIG"}],"neow_cost":"","seed_source_timestamp":692689189603358,"circlet_count":0,"master_deck":["Force Field","Defragment","All For One","Turbo+1","Core Surge","Rainbow","Strike_B","Storm","Heatsinks","Consume","All For One+1","Coolheaded","Blizzard","Storm","Echo Form","Defend_B","Coolheaded","Chill","Strike_B","Defend_B","Dualcast","Aggregate","Fusion","Rip and Tear","Cold Snap","Steam Power","Redo","Sweeping Beam","Darkness","Steam+1","Buffer+1","Static Discharge","Recycle","Scrape","Turbo","Meteor Strike","Thunder Strike","Multi-Cast","Force Field","Dualcast","Streamline","Glacier","Fusion","Reboot+1","All For One+1","Multi-Cast","Sunder","Rip and Tear","Conserve Battery","Leap","BootSequence+1","Meteor Strike","Tempest","Melter","Double Energy+1","Barrage","Streamline","Capacitor+1","Zap","Chaos+1","Fission"],"special_seed":17727,"relics":["Cracked Core","Bottled Tornado","Sundial","Happy Flower","Shuriken","Ancient Tea Set","Whetstone","War Paint","Peace Pipe","Torii","Bag of Preparation","Orrery","Smiling Mask","Art of War","Centennial Puzzle","Omamori","Calipers","Bottled Lightning","DataDisk","Bird Faced Urn","Pear","Oddly Smooth Stone","Regal Pillow","Lantern","Nuclear Battery","Blood Vial","Cables","Ginger","Kunai","Question Card","Anchor","Gremlin Horn","Strawberry","Mercury Hourglass","Shovel","Symbiotic Virus"],"potions_floor_usage":[7,12,16,16,23,23,27,27,30,33,50,50],"damage_taken":[{"damage":3,"enemies":"Small Slimes","floor":1,"turns":3},{"damage":0,"enemies":"Jaw Worm","floor":2,"turns":3},{"damage":0,"enemies":"2 Louse","floor":5,"turns":4},{"damage":46,"enemies":"Gremlin Nob","floor":7,"turns":6},{"damage":0,"enemies":"Large Slime","floor":8,"turns":5},{"damage":0,"enemies":"2 Fungi Beasts","floor":10,"turns":3},{"damage":0,"enemies":"Gremlin Gang","floor":12,"turns":4},{"damage":0,"enemies":"Exordium Thugs","floor":14,"turns":5},{"damage":3,"enemies":"Hexaghost","floor":16,"turns":7},{"damage":0,"enemies":"Shell Parasite","floor":18,"turns":3},{"damage":0,"enemies":"Chosen","floor":21,"turns":2},{"damage":0,"enemies":"Snecko","floor":22,"turns":4},{"damage":22,"enemies":"Slavers","floor":23,"turns":5},{"damage":0,"enemies":"3 Cultists","floor":27,"turns":5},{"damage":0,"enemies":"Centurion and Healer","floor":30,"turns":3},{"damage":0,"enemies":"Collector","floor":33,"turns":9},{"damage":0,"enemies":"Orb Walker","floor":35,"turns":5},{"damage":0,"enemies":"Flame Bruiser 1 Orb","floor":37,"turns":9},{"damage":0,"enemies":"4 Shapes","floor":38,"turns":7},{"damage":0,"enemies":"Flame Bruiser 2 Orb","floor":41,"turns":5},{"damage":0,"enemies":"Spire Growth","floor":44,"turns":5},{"damage":0,"enemies":"3 Darklings","floor":45,"turns":5},{"damage":0,"enemies":"4 Shapes","floor":46,"turns":2},{"damage":0,"enemies":"Sphere and 2 Shapes","floor":48,"turns":3},{"damage":0,"enemies":"Time Eater","floor":50,"turns":8}],"seed_played":"-3267651053854438972","potions_obtained":[{"floor":1,"key":"Swift Potion"},{"floor":10,"key":"Fire Potion"},{"floor":12,"key":"FocusPotion"},{"floor":14,"key":"FearPotion"},{"floor":16,"key":"EntropicBrew"},{"floor":18,"key":"LiquidBronze"},{"floor":21,"key":"Strength Potion"},{"floor":27,"key":"Ancient Potion"},{"floor":35,"key":"Fire Potion"},{"floor":38,"key":"Regen Potion"}],"is_trial":false,"path_per_floor":["M","M","?","?","M","R","E","M","T","M","?","M","R","M","R","B",null,"M","$","?","M","M","E","R","?","T","M","?","R","M","$","R","B",null,"M","?","M","M","$","R","M","R","T","M","M","M","$","M","R","B"],"character_chosen":"DEFECT","items_purchased":["Art of War","Centennial Puzzle","Capacitor","Regal Pillow","Mercury Hourglass"],"campfire_rested":3,"item_purchase_floors":[19,19,19,31,47],"current_hp_per_floor":[71,71,60,60,60,60,14,14,14,14,14,14,32,32,50,47,57,56,55,54,53,52,30,45,45,45,45,55,55,54,53,52,51,50,49,48,47,46,45,44,43,42,41,40,39,45,44,43,42,41],"gold":57,"neow_bonus":"","is_prod":false,"is_daily":true,"chose_seed":false,"campfire_upgraded":5,"win_rate":0.0,"timestamp":1531678197,"path_taken":["M","M","?","?","M","R","E","M","T","M","?","M","R","M","R","BOSS","M","$","?","M","M","E","R","?","T","M","?","R","M","?","R","BOSS","M","?","M","M","?","R","M","R","T","M","M","M","$","M","R","BOSS"],"build_version":"2018-07-12","purchased_purges":1,"victory":true,"max_hp_per_floor":[73,72,71,70,69,68,67,66,65,64,63,62,61,60,59,58,57,56,55,54,53,52,51,50,49,48,47,56,55,54,53,52,51,50,49,48,47,46,45,44,43,42,41,40,39,45,44,43,42,41],"card_choices":[{"not_picked":["Scrape","Cold Snap"],"picked":"BootSequence","floor":7},{"not_picked":["Hyperbeam","Machine Learning"],"picked":"Meteor Strike","floor":16},{"not_picked":["Sweeping Beam","Stack"],"picked":"Tempest","floor":17},{"not_picked":["Hologram","Consume"],"picked":"Melter","floor":17},{"not_picked":["Coolheaded","Steam"],"picked":"Double Energy","floor":17},{"not_picked":["Conserve Battery","Leap"],"picked":"Barrage","floor":17},{"not_picked":["Seek","Rebound"],"picked":"Streamline","floor":17},{"not_picked":["Hyperbeam","Coolheaded+1"],"picked":"Chaos+1","floor":23},{"not_picked":["Biased Cognition","Buffer"],"picked":"Fission","floor":33}],"player_experience":52136,"relics_obtained":[{"floor":1,"key":"Bottled Tornado"},{"floor":2,"key":"Sundial"},{"floor":5,"key":"Happy Flower"},{"floor":7,"key":"Shuriken"},{"floor":8,"key":"Ancient Tea Set"},{"floor":9,"key":"Whetstone"},{"floor":10,"key":"War Paint"},{"floor":12,"key":"Peace Pipe"},{"floor":14,"key":"Torii"},{"floor":16,"key":"Bag of Preparation"},{"floor":18,"key":"Smiling Mask"},{"floor":21,"key":"Omamori"},{"floor":22,"key":"Calipers"},{"floor":23,"key":"Bottled Lightning"},{"floor":26,"key":"DataDisk"},{"floor":27,"key":"Bird Faced Urn"},{"floor":30,"key":"Oddly Smooth Stone"},{"floor":33,"key":"Lantern"},{"floor":35,"key":"Blood Vial"},{"floor":37,"key":"Cables"},{"floor":38,"key":"Ginger"},{"floor":41,"key":"Kunai"},{"floor":43,"key":"Question Card"},{"floor":44,"key":"Anchor"},{"floor":45,"key":"Gremlin Horn"},{"floor":46,"key":"Strawberry"},{"floor":48,"key":"Shovel"},{"floor":49,"key":"Symbiotic Virus"}],"event_choices":[{"event_name":"World of Goop","player_choice":"Gather Gold","floor":3,"damage_taken":0},{"event_name":"Liars Game","player_choice":"agreed","floor":4,"damage_taken":0},{"event_name":"Dead Adventurer","player_choice":"Searched \u00271\u0027 times","floor":11,"damage_taken":0},{"event_name":"Match and Keep!","player_choice":"1 cards matched","floor":20,"damage_taken":0},{"event_name":"Ghosts","player_choice":"Ignored","floor":25,"damage_taken":0},{"event_name":"Addict","player_choice":"Obtained Relic","floor":28,"damage_taken":0},{"event_name":"Mysterious Sphere","player_choice":"Ignore","floor":36,"damage_taken":0}],"boss_relics":[{"not_picked":["Runic Pyramid","Velvet Choker"],"picked":"Orrery"},{"not_picked":["Cursed Key","Tiny House"],"picked":"Nuclear Battery"}],"items_purged_floors":[19],"is_endless":false,"potions_floor_spawned":[1,10,12,14,16,18,21,27,35,38,41,48],"ascension_level":0}