{"gold_per_floor":[117,117,117,127,146,146,67,79,79,93,93,69,69,80,80,181,181,197,197,209,209],"floor_reached":21,"playtime":3178,"items_purged":[],"score":171,"play_id":"42b536b1-7034-4f4d-8834-2ffdf7c37208","local_time":"20180717172012","is_ascension_mode":false,"campfire_choices":[{"data":"Zap","floor":6,"key":"SMITH"},{"data":"Double Energy","floor":11,"key":"SMITH"},{"floor":15,"key":"REST"}],"neow_cost":"NONE","seed_source_timestamp":863919100474403,"circlet_count":0,"master_deck":["Strike_B","Strike_B","Strike_B","Strike_B","Defend_B","Defend_B","Defend_B","Zap+1","Dualcast+1","Consume","Streamline","Undo","Defragment","Turbo","Core Surge","Double Energy+1","Turbo","Hello World+1","Steam","Reboot","Melter","Genetic Algorithm+1","Capacitor+1"],"relics":["Cracked Core","Bag of Preparation","Prayer Wheel","Frozen Egg 2","Inserter"],"potions_floor_usage":[10,21],"damage_taken":[{"damage":0,"enemies":"Small Slimes","floor":1,"turns":3},{"damage":4,"enemies":"Cultist","floor":4,"turns":4},{"damage":6,"enemies":"Jaw Worm","floor":5,"turns":4},{"damage":6,"enemies":"Exordium Thugs","floor":8,"turns":4},{"damage":21,"enemies":"Exordium Wildlife","floor":10,"turns":5},{"damage":20,"enemies":"Large Slime","floor":14,"turns":4},{"damage":27,"enemies":"Slime Boss","floor":16,"turns":7},{"damage":6,"enemies":"Shell Parasite","floor":18,"turns":4},{"damage":0,"enemies":"Chosen","floor":20,"turns":4},{"damage":80,"enemies":"Slaver and Parasite","floor":21,"turns":5}],"seed_played":"-4227702181479189127","potions_obtained":[{"floor":2,"key":"SkillPotion"},{"floor":2,"key":"LiquidBronze"},{"floor":2,"key":"Regen Potion"},{"floor":10,"key":"SpeedPotion"}],"is_trial":false,"path_per_floor":["M","?","?","M","M","R","$","M","T","M","R","$","T","M","R","B",null,"M","?","M"],"character_chosen":"DEFECT","items_purchased":["Defragment","Turbo"],"campfire_rested":1,"item_purchase_floors":[7,12],"current_hp_per_floor":[75,75,75,71,65,65,65,59,59,52,52,52,52,32,54,27,75,69,69,69,0],"gold":209,"neow_bonus":"RANDOM_COMMON_RELIC","is_prod":false,"is_daily":false,"chose_seed":false,"campfire_upgraded":2,"win_rate":0,"timestamp":1531837212,"path_taken":["M","?","?","?","M","R","$","M","T","M","R","?","?","M","R","BOSS","M","?","M","?"],"build_version":"2018-07-12","purchased_purges":0,"victory":false,"max_hp_per_floor":[75,75,75,75,75,75,75,75,75,75,75,75,75,75,75,75,75,75,75,75,75],"card_choices":[{"not_picked":["Sweeping Beam","Stack"],"picked":"Consume","floor":1},{"not_picked":["Redo","Coolheaded"],"picked":"Streamline","floor":4},{"not_picked":["Gash","Hologram"],"picked":"Undo","floor":5},{"not_picked":["Beam Cell","Ball Lightning"],"picked":"Turbo","floor":8},{"not_picked":["Conserve Battery","Streamline"],"picked":"Core Surge","floor":10},{"not_picked":["Compile Driver","Static Discharge"],"picked":"Double Energy","floor":10},{"not_picked":["Hologram","Turbo"],"picked":"Hello World+1","floor":14},{"not_picked":["Go for the Eyes","Gash"],"picked":"Steam","floor":14},{"not_picked":["Core Surge","Thunder Strike"],"picked":"Reboot","floor":16},{"not_picked":["Scrape","Rip and Tear"],"picked":"Melter","floor":18},{"not_picked":["Leap+1","Compile Driver","Fusion"],"picked":"SKIP","floor":18},{"not_picked":["FTL","Auto Shields+1"],"picked":"Genetic Algorithm+1","floor":20},{"not_picked":["Streamline","Barrage"],"picked":"Capacitor+1","floor":20}],"player_experience":118914,"relics_obtained":[{"floor":9,"key":"Prayer Wheel"},{"floor":13,"key":"Frozen Egg 2"}],"event_choices":[{"event_name":"The Lab","player_choice":"Got Potions","floor":2,"damage_taken":0},{"event_name":"Living Wall","player_choice":"Grow","floor":3,"damage_taken":0},{"event_name":"Purifier","player_choice":"One Purge","floor":19,"damage_taken":0}],"boss_relics":[{"not_picked":["Sozu","Velvet Choker"],"picked":"Inserter"}],"items_purged_floors":[],"is_endless":false,"potions_floor_spawned":[8,10,14,20],"killed_by":"Slaver and Parasite","ascension_level":0}