{"gold_per_floor":[116,116,129,129,129,129,160,181,181,202,202,235,235,260,260,391,391,414,437,437,451,486,486],"floor_reached":23,"playtime":2312,"items_purged":[],"score":231,"play_id":"a6579ff7-344b-4328-a5f6-742d5c48b78e","local_time":"20190217185519","is_ascension_mode":true,"campfire_choices":[{"data":"Dualcast","floor":6,"key":"SMITH"},{"floor":11,"key":"REST"},{"floor":15,"key":"REST"}],"neow_cost":"NONE","seed_source_timestamp":248677556721337,"circlet_count":0,"master_deck":["Strike_B+1","Strike_B+1","Strike_B+1","Strike_B+1","Defend_B+1","Defend_B+1","Defend_B+1","Defend_B+1","Zap","Dualcast+1","Darkness+1","Cold Snap","Chaos","Coolheaded","Redo","Coolheaded","Electrodynamics","Defragment","Cold Snap+1"],"relics":["Sozu","Golden Idol","Pantograph","Molten Egg 2","Smiling Mask","FaceOfCleric","Philosopher\u0027s Stone","Red Mask"],"potions_floor_usage":[],"damage_taken":[{"damage":0,"enemies":"Small Slimes","floor":1,"turns":4},{"damage":7,"enemies":"Jaw Worm","floor":3,"turns":4},{"damage":13,"enemies":"3 Sentries","floor":7,"turns":8},{"damage":4,"enemies":"Cultist","floor":8,"turns":3},{"damage":4,"enemies":"Blue Slaver","floor":10,"turns":3},{"damage":22,"enemies":"Lagavulin","floor":12,"turns":6},{"damage":17,"enemies":"Lots of Slimes","floor":14,"turns":4},{"damage":11,"enemies":"Hexaghost","floor":16,"turns":9},{"damage":9,"enemies":"Shell Parasite","floor":18,"turns":5},{"damage":14,"enemies":"3 Byrds","floor":19,"turns":4},{"damage":1,"enemies":"Centurion and Healer","floor":21,"turns":6},{"damage":31,"enemies":"Masked Bandits","floor":22,"turns":5},{"damage":26,"enemies":"Gremlin Leader","floor":23,"turns":2}],"seed_played":"5652694139153064270","potions_obtained":[],"is_trial":false,"path_per_floor":["M","?","M","?","?","R","E","M","T","M","R","E","?","M","R","B",null,"M","M","?","M","?","E"],"character_chosen":"DEFECT","items_purchased":[],"campfire_rested":2,"item_purchase_floors":[],"current_hp_per_floor":[75,69,62,48,48,48,35,31,31,27,47,25,25,9,30,45,71,63,50,50,50,20,0],"gold":486,"neow_bonus":"BOSS_RELIC","is_prod":false,"is_daily":false,"chose_seed":false,"campfire_upgraded":1,"win_rate":0,"timestamp":1550451319,"path_taken":["M","?","M","?","?","R","E","M","T","?","R","E","?","?","R","BOSS","M","M","?","M","?","E"],"build_version":"2019-01-23","purchased_purges":0,"victory":false,"max_hp_per_floor":[75,69,69,69,69,69,69,69,69,69,69,69,69,70,70,71,71,72,73,73,74,75,75],"card_choices":[{"not_picked":["Hologram","Sweeping Beam"],"picked":"Darkness","floor":1},{"not_picked":["Sweeping Beam","Steam"],"picked":"Cold Snap","floor":3},{"not_picked":["Coolheaded","Steam Power"],"picked":"Chaos","floor":7},{"not_picked":["Turbo","Sunder"],"picked":"Coolheaded","floor":8},{"not_picked":["Capacitor","Scrape+1","Leap"],"picked":"SKIP","floor":10},{"not_picked":["Chaos","Darkness"],"picked":"Redo","floor":12},{"not_picked":["Stack","Lockon+1"],"picked":"Coolheaded","floor":14},{"not_picked":["Rainbow","Biased Cognition"],"picked":"Electrodynamics","floor":16},{"not_picked":["Conserve Battery","Streamline+1","Genetic Algorithm"],"picked":"SKIP","floor":18},{"not_picked":["Capacitor","Sweeping Beam+1","Auto Shields"],"picked":"SKIP","floor":19},{"not_picked":["Steam+1","Hologram"],"picked":"Defragment","floor":21},{"not_picked":["Streamline+1","Beam Cell+1"],"picked":"Cold Snap+1","floor":22}],"player_experience":501246,"relics_obtained":[{"floor":7,"key":"Pantograph"},{"floor":9,"key":"Molten Egg 2"},{"floor":12,"key":"Smiling Mask"},{"floor":22,"key":"Red Mask"}],"event_choices":[{"damage_healed":0,"gold_gain":0,"player_choice":"Lose Max HP","damage_taken":0,"relics_obtained":["Golden Idol"],"max_hp_gain":0,"max_hp_loss":6,"event_name":"Golden Idol","floor":2,"gold_loss":0},{"damage_healed":0,"gold_gain":0,"player_choice":"Entered Light","damage_taken":14,"max_hp_gain":0,"max_hp_loss":0,"event_name":"Shining Light","floor":4,"gold_loss":0,"cards_upgraded":["Defend_B","Strike_B"]},{"damage_healed":0,"gold_gain":0,"player_choice":"Forge","damage_taken":0,"max_hp_gain":0,"max_hp_loss":0,"event_name":"Accursed Blacksmith","floor":5,"gold_loss":0,"cards_upgraded":["Darkness"]},{"damage_healed":0,"gold_gain":0,"player_choice":"Trade","damage_taken":0,"relics_obtained":["FaceOfCleric"],"max_hp_gain":0,"max_hp_loss":0,"event_name":"FaceTrader","floor":13,"gold_loss":0},{"damage_healed":0,"gold_gain":0,"player_choice":"Simplicity","damage_taken":0,"max_hp_gain":0,"max_hp_loss":0,"event_name":"Back to Basics","floor":20,"gold_loss":0,"cards_upgraded":["Strike_B","Strike_B","Strike_B","Defend_B","Defend_B","Defend_B"]},{"damage_healed":0,"gold_gain":0,"player_choice":"Fought Bandits","damage_taken":0,"max_hp_gain":0,"max_hp_loss":0,"event_name":"Masked Bandits","floor":22,"gold_loss":0}],"is_beta":false,"boss_relics":[{"not_picked":["Tiny House","Cursed Key"],"picked":"Philosopher\u0027s Stone"}],"items_purged_floors":[],"is_endless":false,"potions_floor_spawned":[7,8,12,16],"killed_by":"Gremlin Leader","ascension_level":3}