{"gold_per_floor":[117,131,131,306,256,256,290,309,309,321,338,338,354,372,372,467,467,478,478,497,497],"floor_reached":21,"playtime":1194,"items_purged":[],"score":208,"play_id":"ec1c9e3c-a648-487c-b508-7024d85b6137","local_time":"20190217091454","is_ascension_mode":false,"campfire_choices":[{"floor":12,"key":"REST"},{"floor":15,"key":"REST"}],"neow_cost":"NONE","seed_source_timestamp":0,"circlet_count":0,"master_deck":["Strike_B","Strike_B","Strike_B","Strike_B","Defend_B","Defend_B","Defend_B","Defend_B","Zap","Dualcast","Loop+1","All For One","Capacitor","Barrage","Conserve Battery","Hologram","Steam","Echo Form+1"],"special_seed":0,"relics":["Cracked Core","NeowsBlessing","Vajra","Pantograph","Busted Crown"],"potions_floor_usage":[11,16,21],"damage_taken":[{"damage":0.0,"enemies":"Small Slimes","floor":1.0,"turns":1.0},{"damage":0.0,"enemies":"2 Louse","floor":2.0,"turns":1.0},{"damage":0,"enemies":"3 Sentries","floor":7,"turns":1},{"damage":6,"enemies":"Jaw Worm","floor":8,"turns":3},{"damage":13,"enemies":"Exordium Wildlife","floor":10,"turns":6},{"damage":15,"enemies":"Exordium Thugs","floor":11,"turns":4},{"damage":3,"enemies":"Looter","floor":13,"turns":3},{"damage":9,"enemies":"2 Fungi Beasts","floor":14,"turns":4},{"damage":40,"enemies":"The Guardian","floor":16,"turns":9},{"damage":15,"enemies":"3 Byrds","floor":18,"turns":5},{"damage":17,"enemies":"Spheric Guardian","floor":20,"turns":5},{"damage":46,"enemies":"Snake Plant","floor":21,"turns":5}],"seed_played":"5225713174494701384","potions_obtained":[{"floor":2.0,"key":"Poison Potion"},{"floor":7,"key":"PowerPotion"},{"floor":11,"key":"SteroidPotion"},{"floor":13,"key":"Energy Potion"},{"floor":16,"key":"PowerPotion"},{"floor":20,"key":"Energy Potion"}],"is_trial":false,"path_per_floor":["M","M","?","?","?","?","E","M","T","M","M","R","M","M","R","B",null,"M","?","M","M"],"character_chosen":"DEFECT","items_purchased":[],"campfire_rested":2,"item_purchase_floors":[],"current_hp_per_floor":[75,75,75,75,75,75,75,69,69,56,41,63,60,51,73,35,75,60,60,43,0],"gold":497,"neow_bonus":"THREE_ENEMY_KILL","is_prod":false,"is_daily":false,"chose_seed":false,"campfire_upgraded":0,"win_rate":0,"timestamp":1550384094,"path_taken":["M","M","?","?","?","?","E","M","T","M","M","R","M","?","R","BOSS","M","?","M","?"],"build_version":"2019-01-23","purchased_purges":0,"victory":false,"max_hp_per_floor":[75,75,75,75,75,75,75,75,75,75,75,75,75,75,75,75,75,75,75,75,75],"card_choices":[{"not_picked":["Redo","Genetic Algorithm","Turbo"],"picked":"SKIP","floor":1.0},{"not_picked":["Sweeping Beam","Rip and Tear"],"picked":"Loop","floor":2.0},{"not_picked":["Aggregate","Reboot"],"picked":"All For One","floor":7},{"not_picked":["Sweeping Beam","Blizzard"],"picked":"Capacitor","floor":8},{"not_picked":["Hello World","Stack"],"picked":"Barrage","floor":10},{"not_picked":["Leap","Fusion"],"picked":"Conserve Battery","floor":11},{"not_picked":["Meteor Strike","Sweeping Beam"],"picked":"Hologram","floor":13},{"not_picked":["Blizzard","Sweeping Beam"],"picked":"Steam","floor":14},{"not_picked":["Amplify","Seek"],"picked":"Echo Form","floor":16},{"not_picked":["Go for the Eyes+1"],"picked":"SKIP","floor":18},{"not_picked":["Barrage"],"picked":"SKIP","floor":20}],"player_experience":408539,"relics_obtained":[{"floor":7,"key":"Vajra"},{"floor":9,"key":"Pantograph"}],"event_choices":[{"damage_healed":0.0,"max_hp_gain":0.0,"max_hp_loss":0.0,"gold_gain":0.0,"event_name":"Living Wall","player_choice":"Grow","floor":3.0,"gold_loss":0.0,"damage_taken":0.0,"cards_upgraded":["Loop"]},{"damage_healed":0.0,"max_hp_gain":0.0,"max_hp_loss":0.0,"gold_gain":175.0,"event_name":"Liars Game","player_choice":"AGREE","floor":4.0,"gold_loss":0.0,"damage_taken":0.0,"cards_obtained":["Doubt"]},{"cards_removed":["Doubt"],"damage_healed":0.0,"max_hp_gain":0.0,"max_hp_loss":0.0,"gold_gain":0.0,"event_name":"The Cleric","player_choice":"Card Removal","floor":5.0,"gold_loss":50.0,"damage_taken":0.0},{"damage_healed":0,"gold_gain":0,"player_choice":"Fled","damage_taken":0,"max_hp_gain":0,"max_hp_loss":0,"event_name":"Scrap Ooze","floor":6,"gold_loss":0},{"damage_healed":0,"gold_gain":0,"player_choice":"Forge","damage_taken":0,"max_hp_gain":0,"max_hp_loss":0,"event_name":"Accursed Blacksmith","floor":19,"gold_loss":0,"cards_upgraded":["Echo Form"]}],"is_beta":false,"boss_relics":[{"not_picked":["Sozu","Pandora\u0027s Box"],"picked":"Busted Crown"}],"items_purged_floors":[],"is_endless":false,"potions_floor_spawned":[2,7,11,13,16,20],"killed_by":"Snake Plant","ascension_level":0}