{"gold_per_floor":[119,119,119,138,63,63,92,105,128,128,128,142,42,70,70,167,167,178,178,193,203,203,203,234,234,234,259,88,88,88,117,117,117],"floor_reached":33,"playtime":2285,"items_purged":["Regret","Defend_R","Whirlwind"],"score":343,"play_id":"f8f41fd0-a63a-4f58-9dd4-e0cb4b313e82","local_time":"20180701144855","is_ascension_mode":true,"campfire_choices":[{"data":"Perfected Strike","floor":6.0,"key":"SMITH"},{"data":"Pommel Strike","floor":11.0,"key":"SMITH"},{"floor":15.0,"key":"REST"},{"data":"Bash","floor":23,"key":"SMITH"},{"data":"Reaper","floor":25,"key":"SMITH"},{"floor":29,"key":"REST"},{"data":"Evolve","floor":32,"key":"SMITH"}],"neow_cost":"","seed_source_timestamp":0,"circlet_count":0,"master_deck":["Strike_R","Strike_R","Strike_R+1","Strike_R","Strike_R","Defend_R","Defend_R+1","Defend_R","Bash+1","Perfected Strike+1","Pommel Strike+1","Reaper+1","Perfected Strike+1","Perfected Strike+1","Perfected Strike+1","Evolve+1"],"special_seed":0,"relics":["Black Blood","Potion Belt","Singing Bowl","Anchor","Thread and Needle","Shuriken","Happy Flower","Molten Egg 2","Centennial Puzzle","Red Mask"],"potions_floor_usage":[24,24,33,33],"damage_taken":[{"damage":9.0,"enemies":"Jaw Worm","floor":1.0,"turns":4.0},{"damage":2.0,"enemies":"Cultist","floor":4.0,"turns":4.0},{"damage":12.0,"enemies":"3 Sentries","floor":7.0,"turns":5.0},{"damage":0.0,"enemies":"Small Slimes","floor":8.0,"turns":3.0},{"damage":0.0,"enemies":"Gremlin Gang","floor":12.0,"turns":3.0},{"damage":31.0,"enemies":"Lagavulin","floor":14.0,"turns":5.0},{"damage":49.0,"enemies":"The Guardian","floor":16.0,"turns":11.0},{"damage":0,"enemies":"Chosen","floor":18,"turns":5},{"damage":0,"enemies":"Spheric Guardian","floor":20,"turns":3},{"damage":5,"enemies":"Cultist and Chosen","floor":21,"turns":5},{"damage":29,"enemies":"Book of Stabbing","floor":24,"turns":4},{"damage":44,"enemies":"Slavers","floor":27,"turns":6},{"damage":5,"floor":31,"turns":3},{"damage":100,"enemies":"Automaton","floor":33,"turns":8}],"seed_played":"1837249734240807182","potions_obtained":[{"floor":1.0,"key":"Energy Potion"},{"floor":4.0,"key":"SteroidPotion"},{"floor":7.0,"key":"LiquidBronze"},{"floor":16.0,"key":"LiquidBronze"},{"floor":18,"key":"SneckoOil"},{"floor":27,"key":"SkillPotion"},{"floor":31,"key":"Dexterity Potion"}],"is_trial":false,"path_per_floor":["M","?","?","M","$","R","E","M","T","?","R","M","$","E","R","B",null,"M","?","M","M","?","R","E","R","T","E","$","R","?","?","R"],"character_chosen":"IRONCLAD","items_purchased":["Perfected Strike+1"],"campfire_rested":2,"item_purchase_floors":[28],"current_hp_per_floor":[77,61,61,65,65,65,59,67,67,67,67,75,75,52,77,34,86,88,88,88,90,90,90,73,73,73,56,56,84,84,89,89,0],"gold":117,"neow_bonus":"","is_prod":false,"is_daily":false,"chose_seed":false,"campfire_upgraded":5,"win_rate":0,"timestamp":1530474535,"path_taken":["M","?","?","?","?","R","E","M","T","?","R","M","$","E","R","BOSS","M","?","M","?","?","R","E","R","T","E","$","R","?","?","R","BOSS"],"build_version":"2018-06-28","purchased_purges":3,"victory":false,"max_hp_per_floor":[80,80,80,80,80,80,80,82,82,82,82,84,84,86,86,86,86,88,88,88,90,90,90,92,92,92,94,94,94,94,94,94,94],"card_choices":[{"not_picked":["Shockwave","Bloodletting"],"picked":"Whirlwind","floor":1.0},{"not_picked":["Sword Boomerang","Uppercut"],"picked":"Perfected Strike","floor":4.0},{"not_picked":["Corruption","Sword Boomerang"],"picked":"Pommel Strike","floor":7.0},{"not_picked":["Wild Strike","Warcry","Sword Boomerang"],"picked":"Singing Bowl","floor":8.0},{"not_picked":["Intimidate","Shockwave","Fire Breathing"],"picked":"Singing Bowl","floor":12.0},{"not_picked":["Sever Soul","Clothesline","Armaments"],"picked":"Singing Bowl","floor":14.0},{"not_picked":["Berserk","Impervious"],"picked":"Reaper","floor":16.0},{"not_picked":["Spot Weakness","Body Slam","Flame Barrier"],"picked":"Singing Bowl","floor":18},{"not_picked":["Armaments","Second Wind"],"picked":"Perfected Strike+1","floor":20},{"not_picked":["Fire Breathing","Sentinel+1","Clash"],"picked":"Singing Bowl","floor":21},{"not_picked":["Flame Barrier+1","Heavy Blade+1","Armaments+1"],"picked":"Singing Bowl","floor":24},{"not_picked":["Entrench+1","Feed","Rampage"],"picked":"Singing Bowl","floor":27},{"not_picked":["Warcry","Blood for Blood+1"],"picked":"Evolve","floor":31}],"player_experience":240489,"relics_obtained":[{"floor":7.0,"key":"Singing Bowl"},{"floor":9.0,"key":"Anchor"},{"floor":14.0,"key":"Thread and Needle"},{"floor":24,"key":"Shuriken"},{"floor":26,"key":"Happy Flower"},{"floor":27,"key":"Molten Egg 2"},{"floor":31,"key":"Red Mask"}],"event_choices":[{"event_name":"Shining Light","player_choice":"Entered Light","floor":2.0,"damage_taken":0.0},{"event_name":"Big Fish","player_choice":"Box","floor":3.0,"damage_taken":0.0},{"event_name":"The Woman in Blue","player_choice":"Bought 0 Potions","floor":10.0,"damage_taken":0.0},{"event_name":"Duplicator","player_choice":"One dupe","floor":19,"damage_taken":0},{"event_name":"Match and Keep!","player_choice":"0 cards matched","floor":22,"damage_taken":0},{"event_name":"The Mausoleum","player_choice":"Yes","floor":30,"damage_taken":0},{"event_name":"Masked Bandits","player_choice":"Fought over 88 gold","floor":31,"damage_taken":0}],"boss_relics":[{"not_picked":["Cursed Key","Orrery"],"picked":"Black Blood"}],"items_purged_floors":[],"is_endless":false,"potions_floor_spawned":[1,4,7,16,18,27,31],"killed_by":"Automaton","ascension_level":2}