{"gold_per_floor":[117,136,40,40,57,112,132,132,156,167,183,183,183,194,194,298,298,285,285],"floor_reached":19,"playtime":775,"items_purged":[],"score":188,"play_id":"ab5d5fc7-2e48-4a5b-9286-2609a32ae172","local_time":"20190213143212","is_ascension_mode":true,"campfire_choices":[{"data":"Night Terror","floor":8.0,"key":"SMITH"},{"data":"Noxious Fumes","floor":15.0,"key":"SMITH"}],"neow_cost":"NONE","seed_source_timestamp":59365729647893,"circlet_count":0,"master_deck":["Defend_G","Defend_G","Defend_G","Defend_G","Defend_G","Strike_G","Strike_G","Strike_G","Strike_G","Survivor","Neutralize","Bouncing Flask","Sucker Punch","Finesse","Catalyst","Bouncing Flask","Night Terror+1","PiercingWail","Flying Knee","Finisher","Noxious Fumes+1","Envenom","Quick Slash"],"special_seed":0,"relics":["Ring of the Snake","Tiny Chest","Omamori","HoveringKite"],"potions_floor_usage":[19],"damage_taken":[{"damage":0.0,"enemies":"2 Louse","floor":1.0,"turns":3.0},{"damage":10.0,"enemies":"Small Slimes","floor":2.0,"turns":3.0},{"damage":0.0,"enemies":"Cultist","floor":5.0,"turns":3.0},{"damage":11.0,"enemies":"Lagavulin","floor":6.0,"turns":5.0},{"damage":1.0,"enemies":"Looter","floor":7.0,"turns":3.0},{"damage":6.0,"enemies":"3 Louse","floor":10.0,"turns":5.0},{"damage":3.0,"enemies":"Blue Slaver","floor":11.0,"turns":5.0},{"damage":17.0,"enemies":"Exordium Thugs","floor":14.0,"turns":4.0},{"damage":20.0,"enemies":"Hexaghost","floor":16.0,"turns":7.0},{"damage":40,"enemies":"2 Thieves","floor":18,"turns":5},{"damage":30,"enemies":"Masked Bandits","floor":19,"turns":2}],"seed_played":"-8471409150736219946","potions_obtained":[{"floor":7.0,"key":"SneckoOil"},{"floor":10.0,"key":"Regen Potion"},{"floor":16.0,"key":"GamblersBrew"},{"floor":18,"key":"PowerPotion"}],"is_trial":false,"path_per_floor":["M","M","$","?","M","E","M","R","T","M","M","?","?","M","R","B",null,"M","?"],"character_chosen":"THE_SILENT","items_purchased":["Finesse"],"campfire_rested":0,"item_purchase_floors":[3],"current_hp_per_floor":[70,60,60,60,60,49,48,48,48,42,39,39,70,53,53,33,70,30,0],"gold":285,"neow_bonus":"RANDOM_COLORLESS","is_prod":false,"is_daily":false,"chose_seed":false,"campfire_upgraded":2,"win_rate":0,"timestamp":1550057532,"path_taken":["M","M","$","?","M","E","M","R","T","M","M","?","?","?","R","BOSS","M","?"],"build_version":"2019-01-23","purchased_purges":0,"victory":false,"max_hp_per_floor":[70,70,70,70,70,70,70,70,70,70,70,70,70,70,70,70,70,70,70],"card_choices":[{"not_picked":["Dodge and Roll","Dagger Throw"],"picked":"Bouncing Flask","floor":1.0},{"not_picked":["Dagger Throw","Outmaneuver"],"picked":"Sucker Punch","floor":2.0},{"not_picked":["Escape Plan","Terror"],"picked":"Bouncing Flask","floor":5.0},{"not_picked":["Finisher","Prepared"],"picked":"Night Terror","floor":6.0},{"not_picked":["Quick Slash","Cloak And Dagger"],"picked":"PiercingWail","floor":7.0},{"not_picked":["Reflex","Sucker Punch"],"picked":"Flying Knee","floor":10.0},{"not_picked":["Skewer","Dagger Throw"],"picked":"Finisher","floor":11.0},{"not_picked":["Quick Slash","Blade Dance"],"picked":"Noxious Fumes","floor":14.0},{"not_picked":["Die Die Die","Phantasmal Killer"],"picked":"Envenom","floor":16.0},{"not_picked":["Underhanded Strike","Dagger Spray"],"picked":"Quick Slash","floor":18}],"player_experience":381078,"relics_obtained":[{"floor":6.0,"key":"Tiny Chest"},{"floor":9.0,"key":"Omamori"}],"event_choices":[{"damage_healed":0.0,"max_hp_gain":0.0,"max_hp_loss":0.0,"gold_gain":0.0,"cards_transformed":["Strike_G"],"event_name":"Living Wall","player_choice":"Change","floor":4.0,"gold_loss":0.0,"damage_taken":0.0,"cards_obtained":["Catalyst"]},{"damage_healed":0.0,"max_hp_gain":0.0,"max_hp_loss":0.0,"gold_gain":0.0,"event_name":"Shining Light","player_choice":"Ignored","floor":12.0,"gold_loss":0.0,"damage_taken":0.0},{"cards_removed":["Trip"],"damage_healed":31.0,"max_hp_gain":0.0,"max_hp_loss":0.0,"gold_gain":0.0,"event_name":"Bonfire Elementals","player_choice":"Offered Uncommon","floor":13.0,"gold_loss":0.0,"damage_taken":0.0},{"damage_healed":0,"gold_gain":0,"player_choice":"Fought Bandits","damage_taken":0,"max_hp_gain":0,"max_hp_loss":0,"event_name":"Masked Bandits","floor":19,"gold_loss":0}],"is_beta":false,"boss_relics":[{"not_picked":["Ectoplasm","Calling Bell"],"picked":"HoveringKite"}],"items_purged_floors":[],"is_endless":false,"potions_floor_spawned":[7,10,16,18],"killed_by":"Masked Bandits","ascension_level":2}