{"gold_per_floor":[213,213,224,239,189,189,189,203,203,223,148,148,148,48,48,148,148,161,177,177,52,71,104,120,120,120,120],"floor_reached":27,"playtime":2030,"items_purged":["Strike_R","Strike_R","Defend_R"],"score":300,"play_id":"25491855-4bad-4164-a469-5fe16ae6af59","local_time":"20180704002844","is_ascension_mode":true,"campfire_choices":[{"data":"Armaments","floor":6.0,"key":"SMITH"},{"data":"Metallicize","floor":12.0,"key":"SMITH"},{"data":"Combust","floor":15.0,"key":"SMITH"},{"floor":25,"key":"REST"}],"neow_cost":"","seed_source_timestamp":0,"circlet_count":0,"master_deck":["Defend_R","Defend_R+1","Defend_R","Bash+1","Metallicize+1","Body Slam+1","Armaments+1","Combust+1","Barricade+1"],"special_seed":0,"relics":["Burning Blood","Matryoshka","Black Star","Centennial Puzzle","Blue Candle","Whetstone","Orichalcum"],"potions_floor_usage":[19,23,24,27],"damage_taken":[{"damage":8.0,"enemies":"Jaw Worm","floor":1.0,"turns":4.0},{"damage":2.0,"enemies":"Cultist","floor":3.0,"turns":4.0},{"damage":2.0,"enemies":"Small Slimes","floor":4.0,"turns":5.0},{"damage":1.0,"enemies":"Red Slaver","floor":8.0,"turns":5.0},{"damage":12.0,"enemies":"Looter","floor":10.0,"turns":3.0},{"damage":10.0,"enemies":"The Guardian","floor":16.0,"turns":11.0},{"damage":15,"enemies":"Shell Parasite","floor":18,"turns":8},{"damage":9,"enemies":"Chosen","floor":19,"turns":7},{"damage":16,"enemies":"Snake Plant","floor":22,"turns":5},{"damage":50,"enemies":"Gremlin Leader","floor":23,"turns":6},{"damage":11,"enemies":"Sentry and Sphere","floor":24,"turns":7},{"damage":33,"enemies":"Slavers","floor":27,"turns":4}],"seed_played":"-5594435944135341458","potions_obtained":[{"floor":1.0,"key":"FearPotion"},{"floor":3.0,"key":"LiquidBronze"},{"floor":8.0,"key":"BloodPotion"},{"floor":10.0,"key":"Block Potion"},{"floor":16.0,"key":"SkillPotion"},{"floor":18,"key":"Block Potion"},{"floor":23,"key":"PowerPotion"}],"is_trial":false,"path_per_floor":["M","?","M","M","?","R","?","M","T","M","$","R","?","$","R","B",null,"M","M","?","$","M","E","M","R","T"],"character_chosen":"IRONCLAD","items_purchased":[],"campfire_rested":1,"item_purchase_floors":[],"current_hp_per_floor":[78,71,75,79,79,79,63,68,68,70,70,70,70,70,70,66,80,71,68,68,68,58,14,9,33,33,0],"gold":120,"neow_bonus":"","is_prod":false,"is_daily":false,"chose_seed":false,"campfire_upgraded":3,"win_rate":0,"timestamp":1530682124,"path_taken":["M","?","M","?","?","R","?","?","T","M","?","R","?","$","R","BOSS","M","M","?","$","M","E","M","R","T","E"],"build_version":"2018-06-28","purchased_purges":3,"victory":false,"max_hp_per_floor":[80,80,80,80,80,80,80,80,80,80,80,80,80,80,80,80,80,80,80,80,80,80,80,80,80,80,80],"card_choices":[{"not_picked":["Second Wind","Power Through"],"picked":"Metallicize","floor":1.0},{"not_picked":["Pommel Strike","Twin Strike"],"picked":"Body Slam","floor":3.0},{"not_picked":["Body Slam","Headbutt"],"picked":"Armaments","floor":4.0},{"not_picked":["Fire Breathing","Clothesline"],"picked":"Combust","floor":8.0},{"not_picked":["Infernal Blade","Thunderclap","Hemokinesis"],"picked":"SKIP","floor":10.0},{"not_picked":["Limit Break","Dark Embrace"],"picked":"Barricade","floor":16.0},{"not_picked":["Wild Strike+1","Heavy Blade","Thunderclap"],"picked":"SKIP","floor":18},{"not_picked":["Ghostly Armor","Perfected Strike","Armaments"],"picked":"SKIP","floor":19},{"not_picked":["True Grit","Bludgeon","Sword Boomerang"],"picked":"SKIP","floor":22},{"not_picked":["Clothesline","Limit Break","Armaments"],"picked":"SKIP","floor":23},{"not_picked":["Cleave","Twin Strike","Flex"],"picked":"SKIP","floor":24}],"player_experience":244290,"relics_obtained":[{"floor":9.0,"key":"Matryoshka"},{"floor":23,"key":"Centennial Puzzle"},{"floor":23,"key":"Blue Candle"},{"floor":26,"key":"Whetstone"},{"floor":26,"key":"Orichalcum"}],"event_choices":[{"event_name":"Golden Wing","player_choice":"Card Removal","floor":2.0,"damage_taken":0.0},{"event_name":"The Cleric","player_choice":"Card Removal","floor":5.0,"damage_taken":0.0},{"event_name":"Shining Light","player_choice":"Entered Light","floor":7.0,"damage_taken":0.0},{"event_name":"Living Wall","player_choice":"Forget","floor":13.0,"damage_taken":0.0},{"event_name":"Upgrade Shrine","player_choice":"Upgraded","floor":20,"damage_taken":0}],"boss_relics":[{"not_picked":["Lizard Tail","Eternal Feather"],"picked":"Black Star"}],"items_purged_floors":[],"is_endless":false,"potions_floor_spawned":[1,3,8,10,16,18,23],"killed_by":"Slavers","ascension_level":2}