{"path_per_floor":["M","M","$","M","M","R","?","M","T","M","$","R","E","$","R","B",null,"M","M","$","?","M","R","?","M","T","M"],"character_chosen":"DEFECT","items_purchased":["Electrodynamics","Defragment"],"gold_per_floor":[111,126,51,71,83,83,83,103,174,194,64,64,99,49,49,144,144,156,169,49,49,64,64,64,81,106,118,118],"floor_reached":28,"campfire_rested":1,"playtime":5697,"item_purchase_floors":[11,20],"current_hp_per_floor":[74,74,74,74,72,72,57,53,53,50,50,50,47,47,69,56,75,75,70,70,70,52,52,52,52,52,48,0],"items_purged":["Strike_B","Strike_B","Strike_B","Strike_B+1"],"gold":118,"score":222,"play_id":"4fcde17c-8bcf-4332-ad68-409cc14dadc9","local_time":"20180604201935","is_prod":false,"is_daily":false,"chose_seed":false,"is_ascension_mode":false,"campfire_upgraded":3,"win_rate":0,"timestamp":1528161575,"campfire_choices":[{"data":"Dualcast","floor":6,"key":"SMITH"},{"data":"Zap","floor":12,"key":"SMITH"},{"floor":15,"key":"REST"},{"data":"FTL","floor":23,"key":"SMITH"}],"path_taken":["M","M","$","M","M","R","?","M","T","M","$","R","E","$","R","BOSS","M","M","$","?","M","R","?","M","T","?","E"],"build_version":"2018-05-31","seed_source_timestamp":111178717469629,"purchased_purges":4,"victory":false,"master_deck":["Defend_B+1","Defend_B","Defend_B","Zap+1","Dualcast+1","BootSequence","Capacitor","BootSequence","Melter","BootSequence","Chill","Electrodynamics","FTL+1","Creative AI","Double Energy+1","Defragment","White Noise","Fission","Consume","Turbo"],"max_hp_per_floor":[75,75,75,75,75,75,75,75,75,75,75,75,75,75,75,75,75,75,75,75,75,75,75,75,75,75,75,75],"relics":["Cracked Core","Smiling Mask","Sundial","Runic Pyramid","Bag of Preparation"],"card_choices":[{"not_picked":["Barrage","Steam"],"picked":"BootSequence","floor":1},{"not_picked":["Beam Cell","Aggregate"],"picked":"Capacitor","floor":2},{"not_picked":["Rebound","Go for the Eyes"],"picked":"BootSequence","floor":4},{"not_picked":["Turbo","Leap"],"picked":"Melter","floor":5},{"not_picked":["Sweeping Beam","Stack"],"picked":"BootSequence","floor":8},{"not_picked":["Skim","Go for the Eyes"],"picked":"Chill","floor":10},{"not_picked":["Hello World","Leap"],"picked":"FTL","floor":13},{"not_picked":["Reboot","Amplify"],"picked":"Creative AI","floor":16},{"not_picked":["Force Field","Beam Cell","Redo"],"picked":"SKIP","floor":18},{"not_picked":["Auto Shields","Blizzard"],"picked":"Double Energy+1","floor":19},{"not_picked":["Ball Lightning","Leap"],"picked":"White Noise","floor":22},{"not_picked":["Coolheaded","Darkness"],"picked":"Consume","floor":25},{"not_picked":["Skim","Genetic Algorithm"],"picked":"Turbo","floor":27}],"player_experience":102833,"potions_floor_usage":[10,16,16,28],"damage_taken":[{"damage":1,"enemies":"Jaw Worm","floor":1,"turns":3},{"damage":0,"enemies":"2 Louse","floor":2,"turns":2},{"damage":0,"enemies":"Cultist","floor":4,"turns":4},{"damage":2,"enemies":"Looter","floor":5,"turns":4},{"damage":4,"enemies":"Blue Slaver","floor":8,"turns":3},{"damage":3,"enemies":"Exordium Thugs","floor":10,"turns":5},{"damage":3,"enemies":"3 Sentries","floor":13,"turns":6},{"damage":13,"enemies":"The Guardian","floor":16,"turns":11},{"damage":0,"enemies":"Spheric Guardian","floor":18,"turns":2},{"damage":5,"enemies":"3 Byrds","floor":19,"turns":5},{"damage":18,"enemies":"Snake Plant","floor":22,"turns":5},{"damage":0,"enemies":"Sentry and Sphere","floor":25,"turns":3},{"damage":4,"enemies":"Centurion and Healer","floor":27,"turns":5},{"damage":49,"enemies":"Book of Stabbing","floor":28,"turns":6}],"relics_obtained":[{"floor":9,"key":"Smiling Mask"},{"floor":13,"key":"Sundial"},{"floor":26,"key":"Bag of Preparation"}],"event_choices":[{"event_name":"Shining Light","player_choice":"Entered Light","floor":7,"damage_taken":0},{"event_name":"Back to Basics","player_choice":"Elegance","floor":21,"damage_taken":0},{"event_name":"Match and Keep!","player_choice":"1 cards matched","floor":24,"damage_taken":0}],"boss_relics":[{"not_picked":["Calling Bell","White Beast Statue"],"picked":"Runic Pyramid"}],"items_purged_floors":[3,11,14,20],"potions_floor_spawned":[2,5,8,10,19,25],"seed_played":"-3699174627623300054","killed_by":"Book of Stabbing","ascension_level":0,"potions_obtained":[{"floor":2,"key":"SkillPotion"},{"floor":5,"key":"Explosive Potion"},{"floor":8,"key":"Strength Potion"},{"floor":10,"key":"Weak Potion"},{"floor":19,"key":"SteroidPotion"},{"floor":25,"key":"Energy Potion"}],"is_trial":false}