{"gold_per_floor":[110,185,199,199,216,216,242,242,268,285,355,372,388,407,407,511,511,522,533,251,261,272,272],"floor_reached":23,"playtime":1850,"items_purged":[],"score":199,"play_id":"4932fabe-31ae-4437-9939-0a501ad5662d","local_time":"20190205092323","is_ascension_mode":false,"campfire_choices":[{"data":"Metallicize","floor":6.0,"key":"SMITH"},{"floor":15.0,"key":"REST"}],"neow_cost":"NONE","seed_source_timestamp":25854723835942,"circlet_count":0,"master_deck":["Strike_R","Strike_R","Strike_R","Strike_R","Strike_R","Defend_R","Defend_R","Defend_R","Defend_R","Bash","Combust","Metallicize+1","Demon Form","Dual Wield","Warcry","Clothesline","Searing Blow","Juggernaut","Metallicize","Heavy Blade"],"special_seed":0,"relics":["Burning Blood","Orichalcum","Lantern","SsserpentHead","Bag of Marbles","Runic Pyramid","Bag of Preparation"],"potions_floor_usage":[23],"damage_taken":[{"damage":3.0,"enemies":"Small Slimes","floor":1.0,"turns":3.0},{"damage":4.0,"enemies":"2 Louse","floor":3.0,"turns":4.0},{"damage":3.0,"enemies":"Cultist","floor":5.0,"turns":3.0},{"damage":30.0,"enemies":"Lagavulin","floor":7.0,"turns":9.0},{"damage":0.0,"enemies":"Looter","floor":10.0,"turns":3.0},{"damage":11.0,"enemies":"Exordium Wildlife","floor":11.0,"turns":5.0},{"damage":15.0,"enemies":"Large Slime","floor":12.0,"turns":7.0},{"damage":0.0,"enemies":"Looter","floor":13.0,"turns":3.0},{"damage":3.0,"enemies":"Blue Slaver","floor":14.0,"turns":2.0},{"damage":24.0,"enemies":"Hexaghost","floor":16.0,"turns":9.0},{"damage":4.0,"enemies":"Chosen","floor":18.0,"turns":6.0},{"damage":23.0,"enemies":"2 Thieves","floor":19.0,"turns":5.0},{"damage":11.0,"enemies":"Snecko","floor":21.0,"turns":6.0},{"damage":25,"enemies":"Centurion and Healer","floor":22,"turns":8},{"damage":39,"enemies":"Book of Stabbing","floor":23,"turns":6}],"seed_played":"2548931771510850450","potions_obtained":[{"floor":7.0,"key":"Weak Potion"},{"floor":10.0,"key":"Dexterity Potion"},{"floor":11.0,"key":"Dexterity Potion"},{"floor":14.0,"key":"Fire Potion"},{"floor":16.0,"key":"GamblersBrew"}],"is_trial":false,"path_per_floor":["M","?","M","?","M","R","E","?","T","M","M","M","M","M","R","B",null,"M","M","$","M","M","E"],"character_chosen":"IRONCLAD","items_purchased":["Metallicize","Heavy Blade","Bag of Preparation"],"campfire_rested":1,"item_purchase_floors":[20,20,20],"current_hp_per_floor":[80,69,71,71,74,74,50,50,50,56,51,42,48,51,75,57,80,80,63,63,58,39,0],"gold":272,"neow_bonus":"RANDOM_COMMON_RELIC","is_prod":false,"is_daily":false,"chose_seed":false,"campfire_upgraded":1,"win_rate":0,"timestamp":1549347803,"path_taken":["M","?","M","?","M","R","E","?","T","M","?","M","M","M","R","BOSS","M","M","$","M","M","E"],"build_version":"2019-01-23","purchased_purges":0,"victory":false,"max_hp_per_floor":[80,80,80,80,80,80,80,80,80,80,80,80,80,80,80,80,80,80,80,80,80,80,80],"card_choices":[{"not_picked":["True Grit","Thunderclap","Sever Soul"],"picked":"SKIP","floor":1.0},{"not_picked":["Wild Strike","Shockwave"],"picked":"Combust","floor":3.0},{"not_picked":["Thunderclap","Anger"],"picked":"Metallicize","floor":5.0},{"not_picked":["Seeing Red","Dropkick"],"picked":"Demon Form","floor":7.0},{"not_picked":["Sentinel","True Grit"],"picked":"Dual Wield","floor":10.0},{"not_picked":["Perfected Strike","Cleave"],"picked":"Warcry","floor":11.0},{"not_picked":["Bloodletting","Warcry"],"picked":"Clothesline","floor":12.0},{"not_picked":["Flex","Pummel"],"picked":"Searing Blow","floor":13.0},{"not_picked":["Perfected Strike","Warcry","Shrug It Off"],"picked":"SKIP","floor":14.0},{"not_picked":["Impervious","Fiend Fire"],"picked":"Juggernaut","floor":16.0},{"not_picked":["Havoc","Clothesline","Clash"],"picked":"SKIP","floor":18.0},{"not_picked":["Thunderclap","Anger","Rage"],"picked":"SKIP","floor":19.0},{"not_picked":["Power Through+1","Armaments","Shockwave+1"],"picked":"SKIP","floor":21.0},{"not_picked":["Second Wind+1","Warcry+1","Dual Wield"],"picked":"SKIP","floor":22}],"player_experience":198095,"relics_obtained":[{"floor":7.0,"key":"Lantern"},{"floor":9.0,"key":"Bag of Marbles"}],"event_choices":[{"damage_healed":0.0,"max_hp_gain":0.0,"max_hp_loss":0.0,"gold_gain":75.0,"event_name":"World of Goop","player_choice":"Gather Gold","floor":2.0,"gold_loss":0.0,"damage_taken":11.0},{"damage_healed":0.0,"max_hp_gain":0.0,"max_hp_loss":0.0,"gold_gain":0.0,"event_name":"The Cleric","player_choice":"Leave","floor":4.0,"gold_loss":0.0,"damage_taken":0.0},{"damage_healed":0.0,"max_hp_gain":0.0,"max_hp_loss":0.0,"gold_gain":0.0,"event_name":"FaceTrader","player_choice":"Trade","floor":8.0,"gold_loss":0.0,"damage_taken":0.0,"relics_obtained":["SsserpentHead"]}],"is_beta":false,"boss_relics":[{"not_picked":["Calling Bell","Ectoplasm"],"picked":"Runic Pyramid"}],"items_purged_floors":[],"is_endless":false,"potions_floor_spawned":[7,10,11,14,16,19],"killed_by":"Book of Stabbing","ascension_level":0}