{"gold_per_floor":[114,89,102,177,177,212,212,212,238,238,256,266,266,280,280,377,377,388,388,400,417,0,0,0,25,25,38,38,38,54,54,54,151,151,161,173,173,98,113,139,139,174,228,228,128,128,147,163,163,163],"floor_reached":51,"playtime":2556,"items_purged":["Normality","Normality"],"score":820,"play_id":"49c2c58c-b000-4897-ac3a-6825bf88ac64","local_time":"20180720035429","is_ascension_mode":true,"campfire_choices":[{"data":"Bash","floor":10.0,"key":"SMITH"},{"data":"Flex","floor":13.0,"key":"SMITH"},{"floor":15.0,"key":"REST"},{"floor":23.0,"key":"REST"},{"floor":28.0,"key":"REST"},{"floor":32.0,"key":"REST"},{"floor":41.0,"key":"REST"},{"floor":46,"key":"REST"},{"floor":49,"key":"REST"}],"neow_cost":"TEN_PERCENT_HP_LOSS","seed_source_timestamp":9863751096172,"circlet_count":0,"master_deck":["Strike_R","Strike_R","Strike_R","Strike_R","Strike_R","Defend_R","Defend_R","Defend_R","Bash+1","Shockwave+1","Thunderclap","Wild Strike","Offering","Rage","Flex+1","Infernal Blade","Limit Break","Metallicize+1","Dropkick","Inflame","Spot Weakness","Impervious","Fiend Fire","Sentinel","Clash","Demon Form","Limit Break","Armaments","Regret","Shrug It Off+1","Clash+1"],"special_seed":0,"relics":["Burning Blood","Mango","Ornamental Fan","Boot","Cursed Key","Vajra","Mercury Hourglass","Kunai","Bottled Tornado","Self Forming Clay","Lizard Tail","Strawberry","Turnip","Orichalcum"],"potions_floor_usage":[50,50],"damage_taken":[{"damage":1.0,"enemies":"2 Louse","floor":1.0,"turns":2.0},{"damage":5.0,"enemies":"Small Slimes","floor":3.0,"turns":4.0},{"damage":35.0,"enemies":"Lagavulin","floor":6.0,"turns":8.0},{"damage":9.0,"enemies":"Jaw Worm","floor":11.0,"turns":3.0},{"damage":11.0,"enemies":"Blue Slaver","floor":12.0,"turns":3.0},{"damage":12.0,"enemies":"Exordium Thugs","floor":14.0,"turns":2.0},{"damage":61.0,"enemies":"Hexaghost","floor":16.0,"turns":9.0},{"damage":31.0,"enemies":"2 Thieves","floor":18.0,"turns":3.0},{"damage":16.0,"enemies":"Shell Parasite","floor":20.0,"turns":3.0},{"damage":29.0,"enemies":"Sentry and Sphere","floor":21.0,"turns":7.0},{"damage":26.0,"enemies":"Gremlin Leader","floor":25.0,"turns":5.0},{"damage":20.0,"enemies":"Cultist and Chosen","floor":27.0,"turns":5.0},{"damage":6.0,"enemies":"Centurion and Healer","floor":30.0,"turns":4.0},{"damage":57.0,"enemies":"Automaton","floor":33.0,"turns":8.0},{"damage":35.0,"enemies":"3 Shapes","floor":35.0,"turns":2.0},{"damage":40.0,"enemies":"3 Darklings","floor":36.0,"turns":5.0},{"damage":13.0,"enemies":"Sphere and 2 Shapes","floor":39.0,"turns":4.0},{"damage":53.0,"enemies":"2 Orb Walkers","floor":40.0,"turns":5.0},{"damage":46.0,"enemies":"Giant Head","floor":42.0,"turns":6.0},{"damage":14,"enemies":"Maw","floor":47,"turns":7},{"damage":22,"enemies":"Transient","floor":48,"turns":5},{"damage":43,"enemies":"Donu and Deca","floor":50,"turns":8}],"seed_played":"5838089618035132352","potions_obtained":[{"floor":6.0,"key":"Strength Potion"},{"floor":11.0,"key":"SkillPotion"},{"floor":12.0,"key":"SpeedPotion"},{"floor":18.0,"key":"Strength Potion"},{"floor":25.0,"key":"AttackPotion"},{"floor":36.0,"key":"SkillPotion"},{"floor":39.0,"key":"Ancient Potion"},{"floor":48,"key":"Dexterity Potion"}],"is_trial":false,"path_per_floor":["M","$","M","?","?","E","?","?","T","R","M","M","R","M","R","B",null,"M","?","M","M","$","R","T","E","T","M","R","?","M","$","R","B",null,"M","M","?","$","M","E","R","E","T","?","$","R","M","M","R","B"],"character_chosen":"IRONCLAD","items_purchased":["Thunderclap","Vajra","Mercury Hourglass"],"campfire_rested":7,"item_purchase_floors":[2,22,22],"current_hp_per_floor":[86,86,86,75,75,46,67,67,67,67,64,59,59,53,77,22,83,58,58,48,25,25,49,49,29,29,15,39,39,39,39,63,12,83,54,20,20,20,13,29,56,16,16,16,16,43,35,19,46,9],"gold":163,"neow_bonus":"ONE_RARE_RELIC","is_prod":false,"is_daily":false,"chose_seed":false,"campfire_upgraded":2,"win_rate":0,"timestamp":1532048069,"path_taken":["M","$","M","?","?","E","?","?","T","R","M","M","R","?","R","BOSS","M","?","M","M","$","R","?","E","T","M","R","?","M","$","R","BOSS","M","M","?","$","M","E","R","E","T","?","?","R","M","M","R","BOSS"],"build_version":"2018-07-12","purchased_purges":2,"victory":true,"max_hp_per_floor":[86,86,86,86,86,86,86,83,83,83,83,83,83,83,83,83,83,83,83,83,83,83,83,83,83,83,83,83,83,83,83,83,83,83,83,83,83,83,83,90,90,90,90,90,90,90,90,90,90,90],"card_choices":[{"not_picked":["Perfected Strike","Twin Strike"],"picked":"Shockwave","floor":1.0},{"not_picked":["Sword Boomerang","Power Through"],"picked":"Wild Strike","floor":3.0},{"not_picked":["Sword Boomerang","Spot Weakness"],"picked":"Offering","floor":6.0},{"not_picked":["Iron Wave","Cleave"],"picked":"Rage","floor":11.0},{"not_picked":["Inflame","Bloodletting"],"picked":"Flex","floor":12.0},{"not_picked":["Anger","Twin Strike"],"picked":"Infernal Blade","floor":14.0},{"not_picked":["Dark Embrace","Offering"],"picked":"Limit Break","floor":16.0},{"not_picked":["Disarm","Warcry","Anger"],"picked":"SKIP","floor":18.0},{"not_picked":["Wild Strike","Thunderclap"],"picked":"Metallicize+1","floor":20.0},{"not_picked":["True Grit","Armaments"],"picked":"Dropkick","floor":21.0},{"not_picked":["Warcry","Reckless Charge"],"picked":"Inflame","floor":25.0},{"not_picked":["Sever Soul","True Grit"],"picked":"Spot Weakness","floor":27.0},{"not_picked":["Dual Wield","Cleave"],"picked":"Impervious","floor":30.0},{"not_picked":["Dark Embrace","Limit Break"],"picked":"Fiend Fire","floor":33.0},{"not_picked":["Clothesline","Pommel Strike+1"],"picked":"Sentinel","floor":35.0},{"not_picked":["Shrug It Off","Clothesline"],"picked":"Clash","floor":36.0},{"not_picked":["Warcry+1","Metallicize"],"picked":"Demon Form","floor":39.0},{"not_picked":["Disarm","Inflame"],"picked":"Limit Break","floor":40.0},{"not_picked":["Demon Form","Perfected Strike+1"],"picked":"Armaments","floor":42.0},{"not_picked":["Power Through+1","Second Wind+1"],"picked":"Shrug It Off+1","floor":47},{"not_picked":["Twin Strike+1","Heavy Blade"],"picked":"Clash+1","floor":48}],"player_experience":135698,"relics_obtained":[{"floor":6.0,"key":"Ornamental Fan"},{"floor":9.0,"key":"Boot"},{"floor":24.0,"key":"Kunai"},{"floor":25.0,"key":"Bottled Tornado"},{"floor":26.0,"key":"Self Forming Clay"},{"floor":40.0,"key":"Strawberry"},{"floor":42.0,"key":"Turnip"},{"floor":43.0,"key":"Orichalcum"}],"event_choices":[{"event_name":"World of Goop","player_choice":"Gather Gold","floor":4.0,"damage_taken":0.0},{"event_name":"Upgrade Shrine","player_choice":"Upgraded","floor":5.0,"damage_taken":0.0},{"event_name":"Mushrooms","player_choice":"Healed and dodged fight","floor":7.0,"damage_taken":0.0},{"event_name":"Fountain of Cleansing","player_choice":"Removed Curse","floor":8.0,"damage_taken":0.0},{"event_name":"Vampires","player_choice":"Ignored","floor":19.0,"damage_taken":0.0},{"event_name":"Addict","player_choice":"Ignored","floor":29.0,"damage_taken":0.0},{"event_name":"Falling","player_choice":"Removed Skill","floor":37.0,"damage_taken":0.0},{"event_name":"Mysterious Sphere","player_choice":"Ignore","floor":44.0,"damage_taken":0.0}],"boss_relics":[{"not_picked":["Mark of Pain","White Beast Statue"],"picked":"Cursed Key"},{"not_picked":["Eternal Feather","Busted Crown"],"picked":"Lizard Tail"}],"items_purged_floors":[38,45],"is_endless":false,"potions_floor_spawned":[6,11,12,14,18,25,36,39,48],"ascension_level":2}