{"gold_per_floor":[112,112,187,187,206,206,107,107,107,107,127,159,188,100,100,200,200,216,91,91,110,110,110,137,156,183,183,183,33,132,145,145,241,241,257,82,101,119,119,153,153,167,167,167,167,167,66,91,91,91],"floor_reached":51,"playtime":1328,"items_purged":["Strike_R","Strike_R","Defend_R","Anger","Strike_R+1"],"score":769,"play_id":"6dc33272-6aa0-495c-b5a1-627ba3239a8d","local_time":"20190216112618","is_ascension_mode":false,"campfire_choices":[{"data":"Searing Blow","floor":6.0,"key":"SMITH"},{"data":"Armaments","floor":10.0,"key":"SMITH"},{"data":"Searing Blow+1","floor":15.0,"key":"SMITH"},{"data":"Searing Blow+2","floor":23.0,"key":"SMITH"},{"data":"Searing Blow+3","floor":28.0,"key":"SMITH"},{"floor":32.0,"key":"REST"},{"data":"Searing Blow+4","floor":41,"key":"SMITH"},{"data":"Searing Blow+5","floor":49,"key":"SMITH"}],"neow_cost":"TEN_PERCENT_HP_LOSS","seed_source_timestamp":8389733292554,"circlet_count":0,"master_deck":["Strike_R+1","Bash","Searing Blow+6","Armaments+1","Armaments","Whirlwind","Exhume","Battle Trance+1","Offering","Double Tap"],"special_seed":0,"relics":["Burning Blood","Singing Bowl","Shuriken","MawBank","Philosopher\u0027s Stone","PreservedInsect","Omamori","Coffee Dripper","Mercury Hourglass","Self Forming Clay","Bird Faced Urn"],"potions_floor_usage":[38,38,47,50,50,50],"damage_taken":[{"damage":0.0,"enemies":"Small Slimes","floor":1.0,"turns":3.0},{"damage":8.0,"enemies":"Jaw Worm","floor":5.0,"turns":3.0},{"damage":2.0,"enemies":"2 Louse","floor":11.0,"turns":3.0},{"damage":20.0,"enemies":"Gremlin Nob","floor":12.0,"turns":4.0},{"damage":0.0,"enemies":"Looter","floor":13.0,"turns":3.0},{"damage":43.0,"enemies":"Hexaghost","floor":16.0,"turns":9.0},{"damage":0.0,"enemies":"3 Byrds","floor":18.0,"turns":3.0},{"damage":17.0,"enemies":"2 Thieves","floor":21.0,"turns":2.0},{"damage":42.0,"enemies":"Book of Stabbing","floor":24.0,"turns":4.0},{"damage":30.0,"enemies":"Shelled Parasite and Fungi","floor":25.0,"turns":3.0},{"damage":4.0,"enemies":"Centurion and Healer","floor":31.0,"turns":3.0},{"damage":12.0,"enemies":"Collector","floor":33.0,"turns":5.0},{"damage":14.0,"enemies":"3 Darklings","floor":35.0,"turns":2.0},{"damage":12.0,"enemies":"3 Shapes","floor":37.0,"turns":1.0},{"damage":1,"enemies":"Jaw Worm Horde","floor":38,"turns":3},{"damage":10,"enemies":"Giant Head","floor":40,"turns":3},{"damage":12,"enemies":"Writhing Mass","floor":42,"turns":2},{"damage":12,"enemies":"Reptomancer","floor":48,"turns":2},{"damage":36,"enemies":"Donu and Deca","floor":50,"turns":4}],"seed_played":"-1740633111295835366","potions_obtained":[{"floor":1.0,"key":"AttackPotion"},{"floor":13.0,"key":"SpeedPotion"},{"floor":16.0,"key":"Explosive Potion"},{"floor":24.0,"key":"Strength Potion"},{"floor":33.0,"key":"Poison Potion"},{"floor":35.0,"key":"SpeedPotion"},{"floor":38,"key":"Weak Potion"},{"floor":48,"key":"BloodPotion"}],"is_trial":false,"path_per_floor":["M","?","?","?","M","R","$","?","T","R","M","E","M","$","R","B",null,"M","$","?","M","?","R","E","M","T","?","R","$","?","M","R","B",null,"M","$","M","M","?","E","R","M","T","?","?","?","$","E","R","B",null],"character_chosen":"IRONCLAD","items_purchased":["Armaments","Fruit Juice"],"campfire_rested":1,"item_purchase_floors":[7,47],"current_hp_per_floor":[72,58,47,71,69,69,69,62,62,62,66,52,60,60,60,25,76,78,78,78,69,69,69,35,11,11,38,38,38,38,42,67,61,84,78,78,74,81,81,77,77,73,73,73,73,73,78,74,74,53],"gold":91,"neow_bonus":"REMOVE_TWO","is_prod":false,"is_daily":false,"chose_seed":false,"campfire_upgraded":7,"win_rate":0,"timestamp":1550337978,"path_taken":["M","?","?","?","M","R","$","?","T","R","M","E","M","$","R","BOSS","M","$","?","M","?","R","E","M","T","?","R","$","?","M","R","BOSS","M","$","M","M","?","E","R","M","T","?","?","?","$","E","R","BOSS"],"build_version":"2019-01-23","purchased_purges":5,"victory":true,"max_hp_per_floor":[72,72,72,72,72,72,72,72,72,72,72,72,74,74,74,76,76,78,78,78,80,80,80,82,82,82,82,82,82,82,84,84,84,84,86,86,88,90,90,90,90,92,92,92,87,87,92,94,94,94],"card_choices":[{"not_picked":["Second Wind","Anger","Intimidate"],"picked":"SKIP","floor":1.0},{"not_picked":["Anger","Dropkick"],"picked":"Searing Blow","floor":5.0},{"not_picked":["Infernal Blade","Dropkick"],"picked":"Armaments","floor":11.0},{"not_picked":["Spot Weakness","Burning Pact"],"picked":"Whirlwind","floor":12.0},{"not_picked":["Heavy Blade","Evolve","Shrug It Off"],"picked":"Singing Bowl","floor":13.0},{"not_picked":["Juggernaut","Exhume","Double Tap"],"picked":"Singing Bowl","floor":16.0},{"not_picked":["Sword Boomerang+1","Body Slam","Flex"],"picked":"Singing Bowl","floor":18.0},{"not_picked":["Dual Wield","Thunderclap","Cleave"],"picked":"Singing Bowl","floor":21.0},{"not_picked":["Fire Breathing","Power Through","Ghostly Armor"],"picked":"Singing Bowl","floor":24.0},{"not_picked":["Warcry+1","Heavy Blade"],"picked":"Battle Trance+1","floor":25.0},{"not_picked":["Clothesline","Armaments","Heavy Blade"],"picked":"Singing Bowl","floor":31.0},{"not_picked":["Barricade","Impervious"],"picked":"Offering","floor":33.0},{"not_picked":["Cleave","True Grit+1","Flex+1"],"picked":"Singing Bowl","floor":35.0},{"not_picked":["Sword Boomerang+1","Anger","Armaments"],"picked":"Singing Bowl","floor":37.0},{"not_picked":["Body Slam+1","Pommel Strike","Searing Blow+1"],"picked":"Singing Bowl","floor":38},{"not_picked":["Ghostly Armor","Warcry+1"],"picked":"Double Tap","floor":40},{"not_picked":["Spot Weakness+1","Flex","Clash+1"],"picked":"Singing Bowl","floor":42},{"not_picked":["Forethought","Discovery"],"picked":"Purity","floor":44},{"not_picked":["Evolve","Entrench+1","Anger"],"picked":"Singing Bowl","floor":48}],"player_experience":836068,"relics_obtained":[{"floor":9.0,"key":"Shuriken"},{"floor":12.0,"key":"MawBank"},{"floor":24.0,"key":"PreservedInsect"},{"floor":26.0,"key":"Omamori"},{"floor":40,"key":"Mercury Hourglass"},{"floor":43,"key":"Self Forming Clay"},{"floor":48,"key":"Bird Faced Urn"}],"event_choices":[{"damage_healed":0.0,"max_hp_gain":0.0,"max_hp_loss":0.0,"gold_gain":0.0,"event_name":"Shining Light","player_choice":"Entered Light","floor":2.0,"gold_loss":0.0,"damage_taken":14.0,"cards_upgraded":["Strike_R","Strike_R"]},{"damage_healed":0.0,"max_hp_gain":0.0,"max_hp_loss":0.0,"gold_gain":75.0,"event_name":"World of Goop","player_choice":"Gather Gold","floor":3.0,"gold_loss":0.0,"damage_taken":11.0},{"damage_healed":24.0,"max_hp_gain":0.0,"max_hp_loss":0.0,"gold_gain":0.0,"event_name":"Big Fish","player_choice":"Banana","floor":4.0,"gold_loss":0.0,"damage_taken":0.0},{"damage_healed":0.0,"max_hp_gain":0.0,"max_hp_loss":0.0,"gold_gain":0.0,"event_name":"Scrap Ooze","player_choice":"Success","floor":8.0,"gold_loss":0.0,"damage_taken":7.0,"relics_obtained":["Singing Bowl"]},{"damage_healed":0.0,"max_hp_gain":0.0,"max_hp_loss":0.0,"gold_gain":0.0,"cards_transformed":["Defend_R","Defend_R"],"event_name":"Drug Dealer","player_choice":"Became Test Subject","floor":20.0,"gold_loss":0.0,"damage_taken":0.0,"cards_obtained":["Anger","Exhume"]},{"damage_healed":0.0,"max_hp_gain":0.0,"max_hp_loss":0.0,"gold_gain":0.0,"event_name":"Vampires","player_choice":"Ignored","floor":22.0,"gold_loss":0.0,"damage_taken":0.0},{"damage_healed":27.0,"max_hp_gain":0.0,"max_hp_loss":0.0,"gold_gain":0.0,"event_name":"The Library","player_choice":"Heal","floor":27.0,"gold_loss":0.0,"damage_taken":0.0},{"damage_healed":0.0,"max_hp_gain":0.0,"max_hp_loss":0.0,"gold_gain":99.0,"event_name":"Nest","player_choice":"Stole From Cult","floor":30.0,"gold_loss":0.0,"damage_taken":0.0},{"damage_healed":0,"gold_gain":0,"player_choice":"Ignored","damage_taken":0,"max_hp_gain":0,"max_hp_loss":0,"event_name":"Tomb of Lord Red Mask","floor":39,"gold_loss":0},{"damage_healed":0,"gold_gain":0,"player_choice":"Memory 1","damage_taken":0,"max_hp_gain":0,"max_hp_loss":0,"event_name":"SensoryStone","floor":44,"gold_loss":0},{"damage_healed":0,"gold_gain":0,"player_choice":"Max HP","damage_taken":0,"max_hp_gain":0,"max_hp_loss":5,"event_name":"Winding Halls","floor":45,"gold_loss":0},{"cards_removed":["Purity"],"damage_healed":0,"gold_gain":0,"player_choice":"Removed Skill","damage_taken":0,"max_hp_gain":0,"max_hp_loss":0,"event_name":"Falling","floor":46,"gold_loss":0}],"is_beta":false,"boss_relics":[{"not_picked":["Astrolabe","Ectoplasm"],"picked":"Philosopher\u0027s Stone"},{"not_picked":["Orrery","Calling Bell"],"picked":"Coffee Dripper"}],"items_purged_floors":[7,14,19,29,36],"is_endless":false,"potions_floor_spawned":[1,13,16,24,33,35,38,48],"ascension_level":0}