{"gold_per_floor":[214,231,118,118,137,171,171,171,226,226,126,161,161,195,195,195],"floor_reached":16,"playtime":558,"items_purged":["Defend_R","Defend_R"],"score":141,"play_id":"eeaae2bb-4c88-46ab-bfe4-7c6514dda5d9","local_time":"20190211192038","is_ascension_mode":false,"campfire_choices":[{"floor":7.0,"key":"REST"},{"floor":10.0,"key":"REST"},{"floor":15,"key":"REST"}],"neow_cost":"NONE","seed_source_timestamp":83438546023712,"circlet_count":0,"master_deck":["Strike_R","Strike_R","Strike_R","Strike_R","Defend_R","Defend_R","Bash","Shrug It Off","Rupture","Dropkick","Clash"],"special_seed":0,"relics":["Burning Blood","Omamori","Tiny Chest","Ornamental Fan","Mango"],"potions_floor_usage":[14],"damage_taken":[{"damage":16.0,"enemies":"2 Louse","floor":1.0,"turns":3.0},{"damage":9.0,"enemies":"Small Slimes","floor":2.0,"turns":4.0},{"damage":11.0,"enemies":"Jaw Worm","floor":5.0,"turns":3.0},{"damage":59.0,"enemies":"Lagavulin","floor":6.0,"turns":8.0},{"damage":46.0,"enemies":"3 Sentries","floor":12.0,"turns":14.0},{"damage":36,"enemies":"Lagavulin","floor":14,"turns":8},{"damage":51,"enemies":"Hexaghost","floor":16,"turns":9}],"seed_played":"1413257390632792473","potions_obtained":[{"floor":2.0,"key":"Swift Potion"},{"floor":6.0,"key":"SpeedPotion"},{"floor":12.0,"key":"Poison Potion"}],"is_trial":false,"path_per_floor":["M","M","$","?","M","E","R","?","T","R","$","E","?","E","R","B"],"character_chosen":"IRONCLAD","items_purchased":["Dropkick"],"campfire_rested":3,"item_purchase_floors":[3],"current_hp_per_floor":[70,67,67,72,67,14,39,32,32,57,57,17,38,22,51,0],"gold":195,"neow_bonus":"HUNDRED_GOLD","is_prod":false,"is_daily":false,"chose_seed":false,"campfire_upgraded":0,"win_rate":0,"timestamp":1549902038,"path_taken":["M","M","$","?","M","E","R","?","T","R","$","E","?","E","R","BOSS"],"build_version":"2019-01-23","purchased_purges":2,"victory":false,"max_hp_per_floor":[80,80,80,85,85,85,85,85,85,85,85,85,85,99,99,99],"card_choices":[{"not_picked":["Iron Wave","Ghostly Armor"],"picked":"Shrug It Off","floor":1.0},{"not_picked":["Shrug It Off","Anger"],"picked":"Rupture","floor":2.0},{"not_picked":["Havoc","Thunderclap","Pummel"],"picked":"SKIP","floor":5.0},{"not_picked":["Rage","Sword Boomerang"],"picked":"Clash","floor":6.0},{"not_picked":["Heavy Blade","Entrench","Second Wind"],"picked":"SKIP","floor":12.0},{"not_picked":["Clash","Burning Pact","Warcry"],"picked":"SKIP","floor":14}],"player_experience":322189,"relics_obtained":[{"floor":6.0,"key":"Omamori"},{"floor":9.0,"key":"Tiny Chest"},{"floor":12.0,"key":"Ornamental Fan"},{"floor":14,"key":"Mango"}],"event_choices":[{"damage_healed":0.0,"max_hp_gain":5.0,"max_hp_loss":0.0,"gold_gain":0.0,"event_name":"Big Fish","player_choice":"Donut","floor":4.0,"gold_loss":0.0,"damage_taken":0.0},{"cards_removed":["Strike_R"],"damage_healed":0.0,"max_hp_gain":0.0,"max_hp_loss":0.0,"gold_gain":0.0,"event_name":"Golden Wing","player_choice":"Card Removal","floor":8.0,"gold_loss":0.0,"damage_taken":7.0},{"damage_healed":21.0,"max_hp_gain":0.0,"max_hp_loss":0.0,"gold_gain":0.0,"event_name":"Mushrooms","player_choice":"Healed and dodged fight","floor":13.0,"gold_loss":0.0,"damage_taken":0.0,"cards_obtained":["Parasite"]}],"is_beta":false,"boss_relics":[],"items_purged_floors":[3,11],"is_endless":false,"potions_floor_spawned":[2,6,12],"killed_by":"Hexaghost","ascension_level":0}