{"gold_per_floor":[214,15,33,45,59,59,90,90,90,123,22,48,68,79,79,176,176,193,213,313,332,75,75,86,104,104,116,145,163,109,129,129,226,226,240,70,70,70,89,89,35,0,52,77,77,77,77,95,95,95],"floor_reached":51,"playtime":1059,"items_purged":["Defend_R","Defend_R"],"score":1013,"play_id":"dbf708d9-19bb-460c-90f2-144fe9d23d49","local_time":"20190117040405","is_ascension_mode":true,"campfire_choices":[{"data":"Iron Wave","floor":6.0,"key":"SMITH"},{"data":"Clash","floor":8.0,"key":"SMITH"},{"data":"Heavy Blade","floor":15.0,"key":"SMITH"},{"data":"Perfected Strike","floor":23.0,"key":"SMITH"},{"data":"Heavy Blade","floor":32.0,"key":"SMITH"},{"floor":40.0,"key":"RECALL"},{"floor":49.0,"key":"REST"}],"neow_cost":"NONE","seed_source_timestamp":121272527890869,"circlet_count":0,"master_deck":["Strike_R+1","Strike_R+1","Strike_R+1","Strike_R+1","Strike_R+1","Defend_R+1","Bash+1","Iron Wave+1","Clash+1","Clash+1","Shrug It Off+1","Iron Wave+1","Heavy Blade+1","Clash+1","Twin Strike+1","Perfected Strike+1","Perfected Strike+1","Cleave+1","Twin Strike+1","Sword Boomerang+1","Heavy Blade+1","Pommel Strike+1","Clash+1","Thunderclap+1","Heavy Blade+1","Perfected Strike+1","Perfected Strike+1","Perfected Strike"],"special_seed":0,"relics":["Burning Blood","Brimstone","Whetstone","Dream Catcher","Lantern","Velvet Choker","Bag of Marbles","Mercury Hourglass","StoneCalendar","Fusion Hammer","Tiny Chest","Red Mask","Happy Flower","Oddly Smooth Stone","Mark of the Bloom"],"potions_floor_usage":[50,50],"damage_taken":[{"damage":1.0,"enemies":"Cultist","floor":1.0,"turns":3.0},{"damage":0.0,"enemies":"Small Slimes","floor":3.0,"turns":3.0},{"damage":3.0,"enemies":"Jaw Worm","floor":4.0,"turns":2.0},{"damage":0.0,"enemies":"2 Fungi Beasts","floor":5.0,"turns":2.0},{"damage":9.0,"enemies":"3 Sentries","floor":7.0,"turns":5.0},{"damage":0.0,"enemies":"Lagavulin","floor":10.0,"turns":4.0},{"damage":9.0,"enemies":"3 Sentries","floor":12.0,"turns":5.0},{"damage":0.0,"enemies":"Lots of Slimes","floor":13.0,"turns":3.0},{"damage":9.0,"enemies":"Blue Slaver","floor":14.0,"turns":2.0},{"damage":46.0,"enemies":"The Guardian","floor":16.0,"turns":6.0},{"damage":12.0,"enemies":"2 Thieves","floor":18.0,"turns":2.0},{"damage":0.0,"enemies":"Spheric Guardian","floor":19.0,"turns":2.0},{"damage":2.0,"enemies":"Centurion and Healer","floor":21.0,"turns":2.0},{"damage":0.0,"enemies":"Snake Plant","floor":24.0,"turns":1.0},{"damage":0.0,"enemies":"3 Cultists","floor":25.0,"turns":2.0},{"damage":0.0,"enemies":"Shelled Parasite and Fungi","floor":27.0,"turns":2.0},{"damage":0.0,"enemies":"Gremlin Leader","floor":28.0,"turns":3.0},{"damage":0.0,"enemies":"Sentry and Sphere","floor":29.0,"turns":2.0},{"damage":0.0,"enemies":"Centurion and Healer","floor":31.0,"turns":2.0},{"damage":31.0,"enemies":"Champ","floor":33.0,"turns":5.0},{"damage":13.0,"enemies":"3 Shapes","floor":35.0,"turns":2.0},{"damage":0.0,"enemies":"Orb Walker","floor":39.0,"turns":1.0},{"damage":12.0,"enemies":"Giant Head","floor":44.0,"turns":4.0},{"damage":0.0,"enemies":"Jaw Worm Horde","floor":48.0,"turns":2.0},{"damage":50,"enemies":"Donu and Deca","floor":50,"turns":4}],"seed_played":"-450392446159926490","potions_obtained":[{"floor":3.0,"key":"GamblersBrew"},{"floor":4.0,"key":"SpeedPotion"},{"floor":5.0,"key":"Dexterity Potion"},{"floor":13.0,"key":"FearPotion"},{"floor":29.0,"key":"SteroidPotion"},{"floor":39.0,"key":"Regen Potion"}],"is_trial":false,"path_per_floor":["M","$","M","M","M","R","E","R","T","E","$","E","M","M","R","B",null,"M","M","?","M","$","R","M","M","T","M","E","M","$","M","R","B",null,"M","$","?","?","M","R","$","?","T","E","?","?","$","M","R","B",null],"character_chosen":"IRONCLAD","items_purchased":["Brimstone","Shrug It Off","Bag of Marbles","Heavy Blade","Clash","Tiny Chest","Heavy Blade"],"campfire_rested":1,"item_purchase_floors":[2,11,22,30,36,36,41],"current_hp_per_floor":[80,80,80,80,80,80,77,77,77,80,80,77,80,77,77,37,80,74,80,80,80,80,80,80,80,80,80,80,80,80,80,80,55,80,73,73,73,73,79,79,79,79,79,73,73,73,73,73,73,23],"gold":95,"neow_bonus":"HUNDRED_GOLD","is_prod":false,"is_daily":false,"chose_seed":false,"campfire_upgraded":5,"win_rate":0,"timestamp":1547708645,"path_taken":["M","$","M","M","M","R","E","R","T","E","$","E","?","M","R","BOSS","M","M","?","M","$","R","M","?","T","M","E","M","$","M","R","BOSS","M","$","?","?","?","R","$","?","T","E","?","?","$","?","R","BOSS"],"build_version":"2018-11-15","purchased_purges":2,"victory":true,"max_hp_per_floor":[80,80,80,80,80,80,80,80,80,80,80,80,80,80,80,80,80,80,80,80,80,80,80,80,80,80,80,80,80,80,80,80,80,80,80,80,80,80,80,80,80,80,80,80,80,80,80,80,80,80],"card_choices":[{"not_picked":["Disarm","Spot Weakness"],"picked":"Iron Wave","floor":1.0},{"not_picked":["Seeing Red","Sentinel"],"picked":"Clash","floor":3.0},{"not_picked":["Seeing Red","Combust","Rupture"],"picked":"SKIP","floor":4.0},{"not_picked":["Disarm","Searing Blow","Infernal Blade"],"picked":"SKIP","floor":5.0},{"not_picked":["Metallicize","Searing Blow"],"picked":"Clash","floor":7.0},{"not_picked":["Body Slam","Bludgeon","Evolve"],"picked":"SKIP","floor":10.0},{"not_picked":["Anger","True Grit"],"picked":"Iron Wave","floor":12.0},{"not_picked":["Seeing Red","Body Slam"],"picked":"Heavy Blade","floor":13.0},{"not_picked":["Shrug It Off","Second Wind"],"picked":"Clash","floor":14.0},{"not_picked":["Body Slam+1","Pommel Strike"],"picked":"Twin Strike","floor":18.0},{"not_picked":["Headbutt","Bloodletting"],"picked":"Perfected Strike","floor":19.0},{"not_picked":["Metallicize","Sword Boomerang"],"picked":"Perfected Strike+1","floor":21.0},{"not_picked":["Havoc","Shockwave"],"picked":"Cleave+1","floor":24.0},{"not_picked":["Second Wind","Exhume","Clothesline"],"picked":"SKIP","floor":25.0},{"not_picked":["Pommel Strike","Warcry+1"],"picked":"Twin Strike","floor":27.0},{"not_picked":["Burning Pact","Iron Wave","Limit Break"],"picked":"SKIP","floor":28.0},{"not_picked":["Infernal Blade+1","Havoc"],"picked":"Sword Boomerang","floor":29.0},{"not_picked":["Infernal Blade+1","Hemokinesis","Entrench"],"picked":"SKIP","floor":31.0},{"not_picked":["Pummel","Flame Barrier+1"],"picked":"Pommel Strike","floor":35.0},{"not_picked":["Havoc+1","Uppercut"],"picked":"Thunderclap+1","floor":39.0},{"not_picked":["Warcry","Anger"],"picked":"Perfected Strike","floor":44.0},{"not_picked":["Spot Weakness","Seeing Red","Corruption"],"picked":"SKIP","floor":48.0},{"not_picked":["Fire Breathing","Headbutt+1"],"picked":"Perfected Strike","floor":49.0}],"player_experience":23419,"relics_obtained":[{"floor":7.0,"key":"Whetstone"},{"floor":9.0,"key":"Dream Catcher"},{"floor":12.0,"key":"Lantern"},{"floor":26.0,"key":"Mercury Hourglass"},{"floor":28.0,"key":"StoneCalendar"},{"floor":43.0,"key":"Happy Flower"},{"floor":44.0,"key":"Oddly Smooth Stone"}],"event_choices":[{"damage_healed":0.0,"max_hp_gain":0.0,"max_hp_loss":0.0,"gold_gain":100.0,"event_name":"Golden Shrine","player_choice":"Pray","floor":20.0,"gold_loss":0.0,"damage_taken":0.0},{"cards_removed":["Defend_R"],"damage_healed":0.0,"max_hp_gain":0.0,"max_hp_loss":0.0,"gold_gain":0.0,"event_name":"Falling","player_choice":"Removed Skill","floor":37.0,"gold_loss":0.0,"damage_taken":0.0},{"damage_healed":0.0,"max_hp_gain":0.0,"max_hp_loss":0.0,"gold_gain":0.0,"event_name":"Lab","player_choice":"Got Potions","floor":38.0,"gold_loss":0.0,"damage_taken":0.0},{"damage_healed":0.0,"max_hp_gain":0.0,"max_hp_loss":0.0,"gold_gain":0.0,"event_name":"Tomb of Lord Red Mask","player_choice":"Paid","floor":42.0,"gold_loss":35.0,"damage_taken":0.0,"relics_obtained":["Red Mask"]},{"damage_healed":0.0,"max_hp_gain":0.0,"max_hp_loss":0.0,"gold_gain":0.0,"event_name":"MindBloom","player_choice":"Upgrade","floor":45.0,"gold_loss":0.0,"damage_taken":0.0,"cards_upgraded":["Strike_R","Strike_R","Strike_R","Strike_R","Defend_R","Bash","Shrug It Off","Iron Wave","Clash","Twin Strike","Twin Strike","Sword Boomerang","Pommel Strike","Clash","Heavy Blade","Perfected Strike"],"relics_obtained":["Mark of the Bloom"]},{"damage_healed":0.0,"max_hp_gain":0.0,"max_hp_loss":0.0,"gold_gain":0.0,"event_name":"Duplicator","player_choice":"Copied","floor":46.0,"gold_loss":0.0,"damage_taken":0.0,"cards_obtained":["Perfected Strike"]}],"is_beta":false,"boss_relics":[{"not_picked":["Busted Crown","Coffee Dripper"],"picked":"Velvet Choker"},{"not_picked":["Mark of Pain","Empty Cage"],"picked":"Fusion Hammer"}],"items_purged_floors":[11,22],"is_endless":false,"potions_floor_spawned":[3,4,5,13,14,16,18,24,29,39,48],"ascension_level":4}