{"gold_per_floor":[112,112,123,73,38,38,70,70,70,105,105,138,53,53,53,153,153,169,96,109,109,129,129,156,156,156,167,181,149,168,168,168,268,268,283,301,251,261,280,280,290,290,290,290,86,0,18,118,118,118],"floor_reached":51,"playtime":5889,"items_purged":["Defend_G","Strike_G","Injury","Well Laid Plans+1","Parasite"],"score":1118,"play_id":"783cbdb5-a477-49bd-8176-c3ca9ed08c47","local_time":"20190209175734","is_ascension_mode":true,"campfire_choices":[{"data":"Neutralize","floor":6.0,"key":"SMITH"},{"floor":8.0,"key":"REST"},{"floor":11.0,"key":"REST"},{"data":"Cloak And Dagger","floor":15.0,"key":"SMITH"},{"floor":23.0,"key":"REST"},{"floor":25.0,"key":"REST"},{"floor":32.0,"key":"REST"},{"data":"Wraith Form v2","floor":40,"key":"SMITH"},{"data":"Wraith Form v2","floor":42,"key":"SMITH"},{"floor":49,"key":"REST"}],"neow_cost":"NONE","seed_source_timestamp":0,"circlet_count":0,"master_deck":["AscendersBane","Defend_G+1","Defend_G","Defend_G","Strike_G","Strike_G","Strike_G","Strike_G","Survivor","Neutralize+1","Dagger Spray","Bouncing Flask+1","Cloak And Dagger+1","Caltrops","Wraith Form v2+1","Dash+1","Slice","Dodge and Roll","Deflect","Backstab","Endless Agony","Prepared+1","Neutralize","Wraith Form v2+1","Footwork","Cloak And Dagger+1","Adrenaline","Slice","Cloak And Dagger+1","Finisher"],"special_seed":0,"relics":["Ring of the Snake","Smiling Mask","Blood Vial","Pear","Omamori","Kunai","Calling Bell","Bag of Preparation","Shuriken","Prayer Wheel","War Paint","The Courier","Singing Bowl","Runic Pyramid","StoneCalendar","DollysMirror","Red Mask","Thread and Needle"],"potions_floor_usage":[50,50],"damage_taken":[{"damage":0.0,"enemies":"Small Slimes","floor":1.0,"turns":3.0},{"damage":5.0,"enemies":"Jaw Worm","floor":3.0,"turns":5.0},{"damage":28.0,"enemies":"Gremlin Nob","floor":7.0,"turns":4.0},{"damage":27.0,"enemies":"Lagavulin","floor":10.0,"turns":7.0},{"damage":33.0,"enemies":"Gremlin Nob","floor":12.0,"turns":4.0},{"damage":13.0,"enemies":"The Guardian","floor":16.0,"turns":10.0},{"damage":5.0,"enemies":"Chosen","floor":18.0,"turns":5.0},{"damage":15.0,"enemies":"2 Thieves","floor":20.0,"turns":5.0},{"damage":12.0,"enemies":"3 Cultists","floor":22.0,"turns":4.0},{"damage":32.0,"enemies":"Book of Stabbing","floor":24.0,"turns":6.0},{"damage":11.0,"enemies":"Shelled Parasite and Fungi","floor":27.0,"turns":9.0},{"damage":10.0,"enemies":"Cultist and Chosen","floor":28.0,"turns":8.0},{"damage":2.0,"enemies":"Centurion and Healer","floor":30.0,"turns":7.0},{"damage":38.0,"enemies":"Automaton","floor":33.0,"turns":12.0},{"damage":1,"enemies":"Orb Walker","floor":35,"turns":5},{"damage":16,"enemies":"3 Darklings","floor":36,"turns":6},{"damage":0,"enemies":"Maw","floor":38,"turns":8},{"damage":0,"enemies":"Writhing Mass","floor":39,"turns":10},{"damage":0,"enemies":"4 Shapes","floor":41,"turns":7},{"damage":5,"enemies":"3 Darklings","floor":47,"turns":5},{"damage":4,"enemies":"Mind Bloom Boss Battle","floor":48,"turns":6},{"damage":0,"enemies":"Awakened One","floor":50,"turns":14}],"seed_played":"1854519075756746756","potions_obtained":[{"floor":3.0,"key":"GhostInAJar"},{"floor":12.0,"key":"SteroidPotion"},{"floor":18.0,"key":"Swift Potion"},{"floor":24.0,"key":"Weak Potion"},{"floor":33.0,"key":"Ancient Potion"},{"floor":35,"key":"AttackPotion"},{"floor":38,"key":"GamblersBrew"},{"floor":48,"key":"SteroidPotion"}],"is_trial":false,"path_per_floor":["M","?","M","$","?","R","E","R","T","E","R","E","$","?","R","B",null,"M","$","M","?","M","R","E","R","T","M","M","$","M","?","R","B",null,"M","M","$","M","M","R","M","R","T","?","$","?","M","?","R","B",null],"character_chosen":"THE_SILENT","items_purchased":["Caltrops","Slice","Endless Agony","DollysMirror"],"campfire_rested":6,"item_purchase_floors":[13,19,29,45],"current_hp_per_floor":[63,56,51,51,68,68,40,61,71,46,70,39,39,39,39,28,67,64,64,51,51,41,65,35,59,59,52,48,48,48,48,73,37,74,75,63,63,67,73,73,79,79,79,79,79,79,78,78,99,99],"gold":118,"neow_bonus":"RANDOM_COMMON_RELIC","is_prod":false,"is_daily":false,"chose_seed":false,"campfire_upgraded":4,"win_rate":0,"timestamp":1549760254,"path_taken":["M","?","M","$","?","R","E","R","T","E","R","E","$","?","R","BOSS","M","$","M","?","M","R","E","R","T","M","M","$","M","?","R","BOSS","M","M","$","M","?","R","?","R","T","?","$","?","M","?","R","BOSS"],"build_version":"2019-01-23","purchased_purges":5,"victory":true,"max_hp_per_floor":[70,70,70,70,70,70,70,70,80,80,80,80,80,80,80,80,80,80,80,80,80,80,80,80,80,80,82,86,86,86,86,86,86,86,86,88,88,90,94,94,98,98,98,98,95,95,97,99,99,99],"card_choices":[{"not_picked":["Dagger Throw","Bane"],"picked":"Dagger Spray","floor":1.0},{"not_picked":["Deflect","Outmaneuver"],"picked":"Bouncing Flask","floor":3.0},{"not_picked":["Infinite Blades","Distraction","Accuracy"],"picked":"SKIP","floor":7.0},{"not_picked":["Flying Knee","Outmaneuver","Blade Dance"],"picked":"SKIP","floor":10.0},{"not_picked":["Leg Sweep","Underhanded Strike"],"picked":"Cloak And Dagger","floor":12.0},{"not_picked":["Night Terror","After Image"],"picked":"Wraith Form v2","floor":16.0},{"not_picked":["Concentrate","Finisher"],"picked":"Dash+1","floor":18.0},{"not_picked":["Poisoned Stab","Backflip","Prepared"],"picked":"SKIP","floor":18.0},{"not_picked":["Catalyst","Bullet Time","Bane"],"picked":"SKIP","floor":20.0},{"not_picked":["Blade Dance","Poisoned Stab","Dash"],"picked":"SKIP","floor":20.0},{"not_picked":["Quick Slash","Terror"],"picked":"Dodge and Roll","floor":22.0},{"not_picked":["Predator","Flying Knee"],"picked":"Deflect","floor":22.0},{"not_picked":["Bane","Cloak And Dagger","Finisher"],"picked":"SKIP","floor":24.0},{"not_picked":["Bullet Time","Finisher","Dagger Spray"],"picked":"Singing Bowl","floor":27.0},{"not_picked":["Deflect","Acrobatics"],"picked":"Backstab","floor":27.0},{"not_picked":["Eviscerate","Deflect","Distraction"],"picked":"Singing Bowl","floor":28.0},{"not_picked":["Quick Slash","Skewer","Deadly Poison"],"picked":"Singing Bowl","floor":28.0},{"not_picked":["All Out Attack","Dodge and Roll"],"picked":"Prepared+1","floor":30.0},{"not_picked":["Endless Agony","All Out Attack"],"picked":"Well Laid Plans+1","floor":30.0},{"not_picked":["Bullet Time","Tools of the Trade"],"picked":"Wraith Form v2","floor":33.0},{"not_picked":["Acrobatics","Dagger Spray"],"picked":"Footwork","floor":35},{"not_picked":["Distraction+1","Flying Knee"],"picked":"Cloak And Dagger+1","floor":35},{"not_picked":["Eviscerate","Underhanded Strike","Heel Hook"],"picked":"Singing Bowl","floor":36},{"not_picked":["Dagger Spray","Crippling Poison"],"picked":"Adrenaline","floor":36},{"not_picked":["Riddle With Holes","Deadly Poison"],"picked":"Slice","floor":38},{"not_picked":["Outmaneuver","Flying Knee","Distraction+1"],"picked":"Singing Bowl","floor":38},{"not_picked":["Flying Knee+1","Eviscerate","Masterful Stab"],"picked":"Singing Bowl","floor":39},{"not_picked":["Heel Hook","Underhanded Strike","Accuracy+1"],"picked":"Singing Bowl","floor":39},{"not_picked":["Quick Slash+1","Cloak And Dagger","Dagger Throw"],"picked":"Singing Bowl","floor":41},{"not_picked":["Poisoned Stab","Escape Plan","PiercingWail"],"picked":"Singing Bowl","floor":41},{"not_picked":["Cloak And Dagger","Flying Knee+1","Accuracy"],"picked":"Singing Bowl","floor":47},{"not_picked":["Outmaneuver","Sucker Punch"],"picked":"Finisher","floor":47},{"not_picked":["Dagger Throw","Acrobatics","Choke"],"picked":"Singing Bowl","floor":48}],"player_experience":894316,"relics_obtained":[{"floor":7.0,"key":"Blood Vial"},{"floor":9.0,"key":"Pear"},{"floor":10.0,"key":"Omamori"},{"floor":12.0,"key":"Kunai"},{"floor":17.0,"key":"Bag of Preparation"},{"floor":17.0,"key":"Shuriken"},{"floor":17.0,"key":"Prayer Wheel"},{"floor":24.0,"key":"The Courier"},{"floor":26.0,"key":"Singing Bowl"},{"floor":43,"key":"StoneCalendar"},{"floor":48,"key":"Thread and Needle"}],"event_choices":[{"cards_removed":["Defend_G"],"damage_healed":0.0,"max_hp_gain":0.0,"max_hp_loss":0.0,"gold_gain":0.0,"event_name":"Golden Wing","player_choice":"Card Removal","floor":2.0,"gold_loss":0.0,"damage_taken":7.0},{"damage_healed":17.0,"max_hp_gain":0.0,"max_hp_loss":0.0,"gold_gain":0.0,"event_name":"The Cleric","player_choice":"Healed","floor":5.0,"gold_loss":35.0,"damage_taken":0.0},{"damage_healed":0.0,"max_hp_gain":0.0,"max_hp_loss":0.0,"gold_gain":0.0,"event_name":"Liars Game","player_choice":"Ignored","floor":14.0,"gold_loss":0.0,"damage_taken":0.0},{"damage_healed":0.0,"max_hp_gain":0.0,"max_hp_loss":0.0,"gold_gain":0.0,"event_name":"The Mausoleum","player_choice":"Opened","floor":21.0,"gold_loss":0.0,"damage_taken":0.0,"relics_obtained":["War Paint"]},{"damage_healed":0.0,"max_hp_gain":0.0,"max_hp_loss":0.0,"gold_gain":0.0,"event_name":"Match and Keep!","player_choice":"1 cards matched","floor":31.0,"gold_loss":0.0,"damage_taken":0.0,"cards_obtained":["Neutralize"]},{"damage_healed":0,"gold_gain":0,"player_choice":"Ignored","damage_taken":0,"max_hp_gain":0,"max_hp_loss":0,"event_name":"Mysterious Sphere","floor":44,"gold_loss":0},{"damage_healed":0,"gold_gain":0,"player_choice":"Paid","damage_taken":0,"relics_obtained":["Red Mask"],"max_hp_gain":0,"max_hp_loss":0,"event_name":"Tomb of Lord Red Mask","floor":46,"gold_loss":86},{"damage_healed":0,"gold_gain":0,"player_choice":"Fight","damage_taken":0,"max_hp_gain":0,"max_hp_loss":0,"event_name":"MindBloom","floor":48,"gold_loss":0}],"is_beta":false,"boss_relics":[{"not_picked":["White Beast Statue","Cursed Key"],"picked":"Calling Bell"},{"not_picked":["Orrery","Snecko Eye"],"picked":"Runic Pyramid"}],"items_purged_floors":[4,13,19,37,45],"is_endless":false,"potions_floor_spawned":[3,12,18,20,24,27,33,35,38,39,48],"ascension_level":12}