{"gold_per_floor":[114,132,148,74,74,108,124,124,178,178],"floor_reached":10,"playtime":715,"items_purged":[],"score":68,"play_id":"bc2cba62-4635-47fe-97d3-19c3b6d308e0","local_time":"20190206140354","is_ascension_mode":false,"campfire_choices":[{"floor":8,"key":"REST"}],"neow_cost":"NONE","seed_source_timestamp":39671051131533,"circlet_count":0,"master_deck":["Defend_G","Defend_G","Defend_G","Defend_G","Defend_G","Strike_G","Strike_G","Strike_G","Strike_G","Strike_G","Survivor","Neutralize","Dagger Throw","Expertise","Accuracy","Malaise","Accuracy","Underhanded Strike"],"relics":["Ring of the Snake","NeowsBlessing","Art of War","Tiny Chest"],"potions_floor_usage":[],"damage_taken":[{"damage":0,"enemies":"Cultist","floor":1,"turns":1},{"damage":0,"enemies":"2 Louse","floor":2,"turns":1},{"damage":0,"enemies":"Jaw Worm","floor":3,"turns":1},{"damage":46,"enemies":"3 Sentries","floor":6,"turns":16},{"damage":10,"enemies":"Exordium Wildlife","floor":7,"turns":8},{"damage":37,"enemies":"Gremlin Nob","floor":10,"turns":5}],"seed_played":"-1380655997866674198","potions_obtained":[{"floor":2,"key":"PowerPotion"},{"floor":3,"key":"PowerPotion"}],"is_trial":false,"path_per_floor":["M","M","M","$","?","E","M","R","T","E"],"character_chosen":"THE_SILENT","items_purchased":["Accuracy"],"campfire_rested":1,"item_purchase_floors":[4],"current_hp_per_floor":[70,70,70,70,70,24,14,35,35,0],"gold":178,"neow_bonus":"THREE_ENEMY_KILL","is_prod":false,"is_daily":false,"chose_seed":false,"campfire_upgraded":0,"win_rate":0,"timestamp":1549451034,"path_taken":["M","M","?","$","?","E","M","R","T","E"],"build_version":"2019-01-23","purchased_purges":0,"victory":false,"max_hp_per_floor":[70,70,70,70,70,70,70,70,70,70],"card_choices":[{"not_picked":["Dagger Throw","Endless Agony","Noxious Fumes"],"picked":"SKIP","floor":1},{"not_picked":["Dodge and Roll","Setup"],"picked":"Dagger Throw","floor":2},{"not_picked":["Dagger Throw","Deadly Poison"],"picked":"Expertise","floor":3},{"not_picked":["Dagger Spray","Dodge and Roll"],"picked":"Accuracy","floor":6},{"not_picked":["Blur","Poisoned Stab"],"picked":"Underhanded Strike","floor":7}],"player_experience":214339,"relics_obtained":[{"floor":6,"key":"Art of War"},{"floor":9,"key":"Tiny Chest"}],"event_choices":[{"damage_healed":0,"gold_gain":0,"player_choice":"1 cards matched","damage_taken":0,"max_hp_gain":0,"max_hp_loss":0,"event_name":"Match and Keep!","floor":5,"gold_loss":0,"cards_obtained":["Malaise"]}],"is_beta":false,"boss_relics":[],"items_purged_floors":[],"is_endless":false,"potions_floor_spawned":[2,3],"killed_by":"Gremlin Nob","ascension_level":0}