{"gold_per_floor":[116,135,60,80,98,124,24,24,104,135,151,151,172,191,191,288,288,304,304,179,192,192,192,217,67,117,135,145,145,158,171,171,272,272,286,111,211,11,11,11,11,46,46,46,61,0,0,0,0,0],"floor_reached":50,"playtime":2370,"items_purged":["Defend_R","Strike_R","Defend_R","Strike_R","Defend_R+1","Strike_R"],"score":498,"play_id":"5ecec2dd-2849-4ca4-9c01-a40a2bdb3dfa","local_time":"20190209142407","is_ascension_mode":false,"campfire_choices":[{"floor":8.0,"key":"REST"},{"floor":12.0,"key":"REST"},{"data":"Clash","floor":15.0,"key":"SMITH"},{"floor":23,"key":"REST"},{"floor":29,"key":"REST"},{"floor":32,"key":"REST"},{"floor":40,"key":"REST"},{"floor":44,"key":"REST"},{"floor":47,"key":"REST"},{"floor":49,"key":"REST"}],"neow_cost":"NONE","seed_source_timestamp":0,"circlet_count":0,"master_deck":["Strike_R","Strike_R","Bash+1","Shrug It Off+1","Dropkick","Dropkick","Clash+1","Anger"],"special_seed":0,"relics":["Burning Blood","WingedGreaves","Shuriken","Ancient Tea Set","Odd Mushroom","Fusion Hammer","War Paint","Happy Flower","Busted Crown","Shovel","Bag of Preparation","Bottled Flame","Red Mask"],"potions_floor_usage":[16,16,33,33,33],"damage_taken":[{"damage":10.0,"enemies":"Cultist","floor":1.0,"turns":4.0},{"damage":5.0,"enemies":"Small Slimes","floor":2.0,"turns":4.0},{"damage":3.0,"enemies":"2 Louse","floor":4.0,"turns":2.0},{"damage":3.0,"enemies":"2 Fungi Beasts","floor":5.0,"turns":4.0},{"damage":49.0,"enemies":"3 Sentries","floor":6.0,"turns":14.0},{"damage":59.0,"enemies":"Lagavulin","floor":10.0,"turns":11.0},{"damage":8.0,"enemies":"Red Slaver","floor":11.0,"turns":3.0},{"damage":5.0,"enemies":"The Mushroom Lair","floor":13.0,"turns":3.0},{"damage":0.0,"enemies":"Exordium Wildlife","floor":14.0,"turns":4.0},{"damage":25,"enemies":"Slime Boss","floor":16,"turns":8},{"damage":6,"enemies":"Shell Parasite","floor":18,"turns":3},{"damage":5,"enemies":"Chosen","floor":21,"turns":4},{"damage":38,"enemies":"Book of Stabbing","floor":24,"turns":4},{"damage":6,"enemies":"Shelled Parasite and Fungi","floor":27,"turns":3},{"damage":2,"enemies":"Snake Plant","floor":28,"turns":2},{"damage":22,"enemies":"3 Cultists","floor":30,"turns":5},{"damage":2,"enemies":"Cultist and Chosen","floor":31,"turns":3},{"damage":15,"enemies":"Collector","floor":33,"turns":4},{"damage":2,"enemies":"Orb Walker","floor":35,"turns":2},{"damage":43,"enemies":"Mind Bloom Boss Battle","floor":37,"turns":4},{"damage":73,"enemies":"Nemesis","floor":42,"turns":5},{"damage":10,"enemies":"3 Shapes","floor":45,"turns":2},{"damage":102,"enemies":"Time Eater","floor":50,"turns":7}],"seed_played":"4822482246110284313","potions_obtained":[{"floor":1.0,"key":"GamblersBrew"},{"floor":11.0,"key":"GamblersBrew"},{"floor":13.0,"key":"Weak Potion"},{"floor":16,"key":"Ancient Potion"},{"floor":21,"key":"Explosive Potion"},{"floor":24,"key":"Block Potion"},{"floor":31,"key":"Explosive Potion"},{"floor":42,"key":"BloodPotion"},{"floor":45,"key":"SkillPotion"}],"is_trial":false,"path_per_floor":["M","M","$","M","M","E","$","R","T","E","M","R","?","M","R","B",null,"M","?","$","M","?","R","E","$","T","M","M","R","M","M","R","B",null,"M","$","?","$","?","R","?","E","T","R","M","?","R","$","R","B"],"character_chosen":"IRONCLAD","items_purchased":[],"campfire_rested":9,"item_purchase_floors":[],"current_hp_per_floor":[84,85,85,88,88,45,45,71,71,18,16,42,43,49,49,30,88,88,71,71,72,72,93,61,61,61,61,65,92,76,80,93,84,93,93,93,56,56,56,83,83,16,16,43,39,39,66,66,93,0],"gold":0,"neow_bonus":"TEN_PERCENT_HP_BONUS","is_prod":false,"is_daily":false,"chose_seed":false,"campfire_upgraded":1,"win_rate":0,"timestamp":1549711447,"path_taken":["M","M","$","M","M","E","$","R","T","E","?","R","?","M","R","BOSS","M","?","$","M","?","R","E","$","T","M","M","R","?","M","R","BOSS","M","$","?","$","?","R","?","E","T","R","?","?","R","$","R","BOSS"],"build_version":"2019-01-23","purchased_purges":6,"victory":false,"max_hp_per_floor":[88,88,88,88,88,88,88,88,88,88,88,88,88,88,88,88,88,88,93,93,93,93,93,93,93,93,93,93,93,93,93,93,93,93,93,93,93,93,93,93,93,93,93,93,93,93,93,93,93,93],"card_choices":[{"not_picked":["Wild Strike","Sword Boomerang"],"picked":"Shrug It Off","floor":1.0},{"not_picked":["Burning Pact","Headbutt","Twin Strike"],"picked":"SKIP","floor":2.0},{"not_picked":["Corruption","Shockwave"],"picked":"Dropkick","floor":4.0},{"not_picked":["Armaments","Perfected Strike","Cleave"],"picked":"SKIP","floor":5.0},{"not_picked":["Headbutt","Dual Wield","Armaments"],"picked":"SKIP","floor":6.0},{"not_picked":["Body Slam","Warcry"],"picked":"Dropkick","floor":10.0},{"not_picked":["Blood for Blood","Shockwave"],"picked":"Clash","floor":11.0},{"not_picked":["Spot Weakness","Headbutt","True Grit"],"picked":"SKIP","floor":14.0},{"not_picked":["Clash+1","Clothesline","Iron Wave"],"picked":"SKIP","floor":18},{"not_picked":["Clash","Cleave+1","Wild Strike+1"],"picked":"SKIP","floor":21},{"not_picked":["Pommel Strike","Wild Strike","Evolve"],"picked":"SKIP","floor":24},{"not_picked":["Body Slam","Hemokinesis","Havoc+1"],"picked":"SKIP","floor":27},{"not_picked":["Shrug It Off+1","Combust","Cleave"],"picked":"SKIP","floor":28},{"not_picked":["Reaper","Warcry","Whirlwind+1"],"picked":"SKIP","floor":30},{"not_picked":["Iron Wave","Dropkick","Thunderclap+1"],"picked":"SKIP","floor":31},{"not_picked":["Spot Weakness+1"],"picked":"SKIP","floor":35},{"not_picked":["Brutality"],"picked":"SKIP","floor":42},{"not_picked":["Anger+1"],"picked":"SKIP","floor":45}],"player_experience":257474,"relics_obtained":[{"floor":6.0,"key":"WingedGreaves"},{"floor":9.0,"key":"Shuriken"},{"floor":10.0,"key":"Ancient Tea Set"},{"floor":13.0,"key":"Odd Mushroom"},{"floor":24,"key":"War Paint"},{"floor":26,"key":"Happy Flower"},{"floor":37,"key":"Shovel"},{"floor":42,"key":"Bag of Preparation"},{"floor":43,"key":"Bottled Flame"}],"event_choices":[{"damage_healed":0.0,"max_hp_gain":0.0,"max_hp_loss":0.0,"gold_gain":0.0,"event_name":"Mushrooms","player_choice":"Fought Mushrooms","floor":13.0,"gold_loss":0.0,"damage_taken":0.0},{"damage_healed":0,"gold_gain":0,"player_choice":"Shed Blood","damage_taken":22,"max_hp_gain":5,"max_hp_loss":0,"event_name":"Forgotten Altar","floor":19,"gold_loss":0},{"damage_healed":0,"gold_gain":0,"cards_transformed":["Defend_R"],"player_choice":"Transformed","damage_taken":0,"max_hp_gain":0,"max_hp_loss":0,"event_name":"Transmorgrifier","floor":22,"gold_loss":0,"cards_obtained":["Anger"]},{"damage_healed":0,"gold_gain":0,"player_choice":"Fight","damage_taken":0,"max_hp_gain":0,"max_hp_loss":0,"event_name":"MindBloom","floor":37,"gold_loss":0},{"damage_healed":0,"gold_gain":0,"player_choice":"Memory 1","damage_taken":0,"max_hp_gain":0,"max_hp_loss":0,"event_name":"SensoryStone","floor":39,"gold_loss":0},{"damage_healed":0,"gold_gain":0,"player_choice":"Forge","damage_taken":0,"max_hp_gain":0,"max_hp_loss":0,"event_name":"Accursed Blacksmith","floor":41,"gold_loss":0,"cards_upgraded":["Bash"]},{"damage_healed":0,"gold_gain":0,"player_choice":"Paid","damage_taken":0,"relics_obtained":["Red Mask"],"max_hp_gain":0,"max_hp_loss":0,"event_name":"Tomb of Lord Red Mask","floor":46,"gold_loss":61}],"is_beta":false,"boss_relics":[{"not_picked":["Snecko Eye","Philosopher\u0027s Stone"],"picked":"Fusion Hammer"},{"not_picked":["Runic Pyramid","Mark of Pain"],"picked":"Busted Crown"}],"items_purged_floors":[3,7,20,25,36,38],"is_endless":false,"potions_floor_spawned":[1,4,11,13,16,21,24,28,31,42,45],"killed_by":"Time Eater","ascension_level":0}