{"gold_per_floor":[112,37,56,75,25,25,57,69,69,69,69,87,87,151,151,248,248,261,261,261,161,177,177],"floor_reached":23,"playtime":813,"items_purged":["Dualcast","Strike_B"],"score":252,"play_id":"c61c8ce6-fdd7-430d-aada-2f5f131ac738","local_time":"20190120162521","is_ascension_mode":true,"campfire_choices":[{"data":"Zap","floor":6,"key":"SMITH"},{"floor":10,"key":"REST"},{"data":"Machine Learning","floor":13,"key":"SMITH"},{"data":"Defend_B","floor":15,"key":"SMITH"}],"neow_cost":"NONE","seed_source_timestamp":161879868171118,"circlet_count":0,"master_deck":["Defend_B","Defend_B+1","Zap+1","Gash","Machine Learning+1","Gash","BootSequence+1","Reinforced Body+1"],"relics":["Cracked Core","Pear","Bottled Lightning","Bottled Flame","Astrolabe","Question Card"],"potions_floor_usage":[14,16,16],"damage_taken":[{"damage":6,"enemies":"2 Louse","floor":1,"turns":2},{"damage":8,"enemies":"Small Slimes","floor":3,"turns":3},{"damage":6,"enemies":"Jaw Worm","floor":4,"turns":4},{"damage":49,"enemies":"Gremlin Nob","floor":7,"turns":5},{"damage":9,"enemies":"Exordium Thugs","floor":8,"turns":5},{"damage":0,"enemies":"Large Slime","floor":12,"turns":4},{"damage":15,"enemies":"3 Sentries","floor":14,"turns":6},{"damage":20,"enemies":"The Guardian","floor":16,"turns":11},{"damage":6,"enemies":"Shell Parasite","floor":18,"turns":5},{"damage":5,"enemies":"3 Byrds","floor":22,"turns":5},{"damage":100,"enemies":"Slavers","floor":23,"turns":7}],"seed_played":"5702861780539432517","potions_obtained":[{"floor":7,"key":"FocusPotion"},{"floor":12,"key":"LiquidBronze"},{"floor":14,"key":"EssenceOfSteel"}],"is_trial":false,"path_per_floor":["M","$","M","M","?","R","E","M","T","R","$","M","R","?","R","B",null,"M","?","?","$","M","E"],"character_chosen":"DEFECT","items_purchased":[],"campfire_rested":1,"item_purchase_floors":[],"current_hp_per_floor":[76,76,68,62,62,62,23,14,14,41,41,41,41,26,26,6,92,86,86,86,86,81,0],"gold":177,"neow_bonus":"TEN_PERCENT_HP_BONUS","is_prod":false,"is_daily":false,"chose_seed":false,"campfire_upgraded":3,"win_rate":0,"timestamp":1548012321,"path_taken":["M","$","M","M","?","R","E","M","T","R","$","M","R","?","R","BOSS","M","?","?","$","?","E"],"build_version":"2018-11-15","purchased_purges":2,"victory":false,"max_hp_per_floor":[82,82,82,82,82,82,92,92,92,92,92,92,92,92,92,92,92,92,92,92,92,92,92],"card_choices":[{"not_picked":["Capacitor","Conserve Battery"],"picked":"Gash","floor":1},{"not_picked":["Go for the Eyes","Barrage","Beam Cell"],"picked":"SKIP","floor":3},{"not_picked":["Double Energy","Recycle","Redo"],"picked":"SKIP","floor":4},{"not_picked":["Redo","Genetic Algorithm","Compile Driver"],"picked":"SKIP","floor":7},{"not_picked":["Leap","Coolheaded"],"picked":"Machine Learning","floor":8},{"not_picked":["Steam","Redo"],"picked":"Gash","floor":12},{"not_picked":["Sweeping Beam","Conserve Battery","Compile Driver"],"picked":"SKIP","floor":18},{"not_picked":["Gash+1","Genetic Algorithm+1","Leap","Recycle"],"picked":"SKIP","floor":22}],"player_experience":29590,"relics_obtained":[{"floor":7,"key":"Pear"},{"floor":9,"key":"Bottled Lightning"},{"floor":14,"key":"Bottled Flame"}],"event_choices":[{"cards_removed":["Strike_B"],"damage_healed":0,"gold_gain":0,"player_choice":"Card Removal","damage_taken":0,"max_hp_gain":0,"max_hp_loss":0,"event_name":"The Cleric","floor":5,"gold_loss":50},{"damage_healed":0,"gold_gain":30,"player_choice":"Searched \u00273\u0027 times","damage_taken":0,"max_hp_gain":0,"max_hp_loss":0,"event_name":"Dead Adventurer","floor":14,"gold_loss":0},{"cards_removed":["Defend_B"],"damage_healed":0,"gold_gain":0,"player_choice":"Elegance","damage_taken":0,"max_hp_gain":0,"max_hp_loss":0,"event_name":"Back to Basics","floor":19,"gold_loss":0},{"cards_removed":["White Noise"],"damage_healed":0,"gold_gain":0,"player_choice":"Gave Card","damage_taken":0,"relics_obtained":["Question Card"],"max_hp_gain":0,"max_hp_loss":0,"event_name":"WeMeetAgain","floor":20,"gold_loss":0}],"is_beta":false,"boss_relics":[{"not_picked":["Cursed Key","Eternal Feather"],"picked":"Astrolabe"}],"items_purged_floors":[2,21],"is_endless":false,"potions_floor_spawned":[7,12,14],"killed_by":"Slavers","ascension_level":4}