{"path_per_floor":["M","?","?","M","M","E","M","M","T","M","$","M","E","M","R","B",null,"M","M","$","M","M","R","E","M","T","M","?","R","M","E","R","B",null,"M","?","?","M","?"],"character_chosen":"IRONCLAD","items_purchased":["Bottled Flame","Perfected Strike","Armaments"],"gold_per_floor":[109,109,284,303,322,351,370,388,388,407,332,352,386,400,400,496,496,451,451,6,6,6,6,6,6,6,6,6,6,6,6,6,6,6,6,6,6,6,6,6],"floor_reached":40,"campfire_rested":0,"playtime":3434,"item_purchase_floors":[20,20,20],"current_hp_per_floor":[86,86,86,82,82,50,47,46,46,49,49,55,46,52,52,24,88,88,83,83,88,79,79,84,88,88,73,79,79,70,76,76,38,88,88,68,68,68,68,0],"items_purged":["Regret","Doubt"],"gold":6,"score":494,"play_id":"78c4bb47-0ff7-4b87-9ffa-0ea8f7676bd4","local_time":"20180602141201","is_prod":false,"is_daily":false,"chose_seed":false,"is_ascension_mode":false,"campfire_upgraded":4,"win_rate":0,"timestamp":1527966721,"campfire_choices":[{"data":"Perfected Strike","floor":15.0,"key":"SMITH"},{"data":"Armaments","floor":23,"key":"SMITH"},{"data":"Perfected Strike","floor":29,"key":"SMITH"},{"data":"Perfected Strike","floor":32,"key":"SMITH"}],"path_taken":["M","?","?","M","M","E","M","M","T","M","$","M","E","M","R","BOSS","M","?","$","?","M","R","E","M","T","?","?","R","M","E","R","BOSS","M","?","?","M","?","BOSS"],"build_version":"2018-05-31","seed_source_timestamp":0,"purchased_purges":2,"victory":false,"master_deck":["Strike_R","Strike_R","Strike_R","Strike_R","Strike_R","Defend_R","Defend_R+1","Defend_R","Defend_R+1","Bash","Clothesline","Perfected Strike+1","Perfected Strike+1","Impervious","Pommel Strike","Pommel Strike","Wild Strike","Berserk","Twin Strike+1","Twin Strike+1","Perfected Strike+1","Armaments+1","Twin Strike","Perfected Strike","Double Tap","Battle Trance"],"max_hp_per_floor":[88,88,88,88,88,88,88,88,88,88,88,88,88,88,88,88,88,88,88,88,88,88,88,88,88,88,88,88,88,88,88,88,88,88,88,88,88,88,88,88],"relics":["Burning Blood","Blue Candle","War Paint","Gremlin Horn","Sundial","Ectoplasm","Bottled Flame","Happy Flower","Paper Frog","Red Mask","Regal Pillow","Cursed Key","Gambling Chip"],"card_choices":[{"not_picked":["Shrug It Off","Clash"],"picked":"Clothesline","floor":1.0},{"not_picked":["Intimidate","Burning Pact","Searing Blow"],"picked":"SKIP","floor":4.0},{"not_picked":["Thunderclap","Wild Strike"],"picked":"Perfected Strike","floor":5.0},{"not_picked":["Sentinel","Thunderclap","Cleave"],"picked":"SKIP","floor":6.0},{"not_picked":["True Grit","Flex"],"picked":"Perfected Strike","floor":7.0},{"not_picked":["Warcry","Flex"],"picked":"Impervious","floor":8.0},{"not_picked":["Warcry","Cleave"],"picked":"Pommel Strike","floor":10.0},{"not_picked":["Spot Weakness","Armaments"],"picked":"Pommel Strike","floor":12.0},{"not_picked":["Thunderclap","Bloodletting","Limit Break"],"picked":"SKIP","floor":13.0},{"not_picked":["Sword Boomerang","Heavy Blade"],"picked":"Wild Strike","floor":14.0},{"not_picked":["Fiend Fire","Immolate"],"picked":"Berserk","floor":16.0},{"not_picked":["Sword Boomerang+1","Wild Strike+1"],"picked":"Twin Strike+1","floor":18},{"not_picked":["Shrug It Off","Power Through+1"],"picked":"Twin Strike+1","floor":19},{"not_picked":["Whirlwind","Sword Boomerang","Heavy Blade"],"picked":"SKIP","floor":21},{"not_picked":["Shockwave","Body Slam","Combust"],"picked":"SKIP","floor":22},{"not_picked":["Ghostly Armor","Fire Breathing","Fiend Fire"],"picked":"SKIP","floor":24},{"not_picked":["Sword Boomerang","Shrug It Off+1"],"picked":"Twin Strike","floor":25},{"not_picked":["Body Slam","Flex+1","Clothesline+1"],"picked":"SKIP","floor":27},{"not_picked":["Entrench","Barricade"],"picked":"Perfected Strike","floor":30},{"not_picked":["Immolate","Fire Breathing+1","Cleave"],"picked":"SKIP","floor":31},{"not_picked":["Feed","Demon Form"],"picked":"Double Tap","floor":33},{"not_picked":["Armaments","Flex","Clash+1"],"picked":"SKIP","floor":35},{"not_picked":["Reckless Charge","Seeing Red+1"],"picked":"Battle Trance","floor":36},{"not_picked":["Entrench","Metallicize+1","Hemokinesis+1"],"picked":"SKIP","floor":38}],"player_experience":75193,"potions_floor_usage":[24,24,27,33,40,40],"damage_taken":[{"damage":8.0,"enemies":"Small Slimes","floor":1.0,"turns":4.0},{"damage":10.0,"enemies":"Jaw Worm","floor":4.0,"turns":4.0},{"damage":6.0,"enemies":"2 Louse","floor":5.0,"turns":3.0},{"damage":38.0,"enemies":"3 Sentries","floor":6.0,"turns":12.0},{"damage":9.0,"enemies":"Looter","floor":7.0,"turns":3.0},{"damage":7.0,"enemies":"2 Fungi Beasts","floor":8.0,"turns":3.0},{"damage":3.0,"enemies":"Gremlin Gang","floor":10.0,"turns":4.0},{"damage":0.0,"enemies":"Lots of Slimes","floor":12.0,"turns":4.0},{"damage":15.0,"enemies":"Gremlin Nob","floor":13.0,"turns":4.0},{"damage":0.0,"enemies":"Red Slaver","floor":14.0,"turns":4.0},{"damage":34.0,"enemies":"The Guardian","floor":16.0,"turns":10.0},{"damage":1,"enemies":"2 Thieves","floor":18,"turns":4},{"damage":11,"enemies":"Shell Parasite","floor":19,"turns":4},{"damage":0,"enemies":"Snecko","floor":21,"turns":2},{"damage":15,"enemies":"Chosen and Byrds","floor":22,"turns":5},{"damage":1,"enemies":"Gremlin Leader","floor":24,"turns":5},{"damage":1,"enemies":"3 Cultists","floor":25,"turns":3},{"damage":21,"enemies":"Slaver and Parasite","floor":27,"turns":4},{"damage":0,"enemies":"Masked Bandits","floor":28,"turns":2},{"damage":15,"enemies":"Centurion and Healer","floor":30,"turns":2},{"damage":0,"enemies":"Slavers","floor":31,"turns":2},{"damage":44,"enemies":"Automaton","floor":33,"turns":5},{"damage":3,"enemies":"3 Shapes","floor":35,"turns":2},{"damage":26,"enemies":"Mysterious Sphere","floor":36,"turns":3},{"damage":6,"enemies":"Orb Walker","floor":38,"turns":2},{"damage":78,"enemies":"Awakened One","floor":40,"turns":7}],"relics_obtained":[{"floor":6.0,"key":"War Paint"},{"floor":9.0,"key":"Gremlin Horn"},{"floor":13.0,"key":"Sundial"},{"floor":24,"key":"Happy Flower"},{"floor":26,"key":"Paper Frog"},{"floor":28,"key":"Red Mask"},{"floor":31,"key":"Regal Pillow"},{"floor":36,"key":"Gambling Chip"}],"event_choices":[{"event_name":"Big Fish","player_choice":"Box","floor":2.0,"damage_taken":0.0},{"event_name":"Liars Game","player_choice":"agreed","floor":3.0,"damage_taken":0.0},{"event_name":"Masked Bandits","player_choice":"Fought over 6 gold","floor":28,"damage_taken":0},{"event_name":"Mysterious Sphere","player_choice":"Fight","floor":36,"damage_taken":0},{"event_name":"Tomb of Lord Red Mask","player_choice":"Wore Mask","floor":37,"damage_taken":0},{"event_name":"SecretPortal","player_choice":"Took Portal.","floor":39,"damage_taken":0}],"boss_relics":[{"not_picked":["Tiny House","White Beast Statue"],"picked":"Ectoplasm"},{"not_picked":["Black Blood","Orrery"],"picked":"Cursed Key"}],"items_purged_floors":[],"potions_floor_spawned":[6,7,14,16,19,24,30,31,33,35,36],"seed_played":"1018797485188092378","killed_by":"Awakened One","ascension_level":0,"potions_obtained":[{"floor":6.0,"key":"EssenceOfSteel"},{"floor":7.0,"key":"EssenceOfSteel"},{"floor":14.0,"key":"EssenceOfSteel"},{"floor":16.0,"key":"AttackPotion"},{"floor":19,"key":"EssenceOfSteel"},{"floor":24,"key":"AttackPotion"},{"floor":30,"key":"SpeedPotion"},{"floor":31,"key":"Block Potion"},{"floor":33,"key":"BloodPotion"},{"floor":35,"key":"Weak Potion"}],"is_trial":false}