{"gold_per_floor":[116,136,151,168,118,118,43,43,89,89,89,119,19,39,39,39],"floor_reached":16,"playtime":611,"items_purged":["Strike_R","Strike_R"],"score":90,"play_id":"20d237ef-2b41-445c-9f03-e4d45554b443","local_time":"20190212070652","is_ascension_mode":false,"campfire_choices":[{"data":"Entrench","floor":6.0,"key":"SMITH"},{"data":"Bash","floor":10.0,"key":"SMITH"},{"floor":15,"key":"REST"}],"neow_cost":"NONE","seed_source_timestamp":35480599605726,"circlet_count":0,"master_deck":["Strike_R","Strike_R","Defend_R","Defend_R","Defend_R","Defend_R","Bash+1","Entrench+1","Shrug It Off"],"special_seed":0,"relics":["Runic Pyramid","Golden Idol","Oddly Smooth Stone"],"potions_floor_usage":[16],"damage_taken":[{"damage":6.0,"enemies":"Cultist","floor":1.0,"turns":3.0},{"damage":3.0,"enemies":"Jaw Worm","floor":2.0,"turns":5.0},{"damage":1.0,"enemies":"2 Louse","floor":3.0,"turns":4.0},{"damage":8.0,"enemies":"2 Fungi Beasts","floor":4.0,"turns":6.0},{"damage":6,"enemies":"Exordium Wildlife","floor":14,"turns":5},{"damage":81,"enemies":"Hexaghost","floor":16,"turns":18}],"seed_played":"-3228391178019675066","potions_obtained":[{"floor":3.0,"key":"SpeedPotion"},{"floor":4.0,"key":"SkillPotion"},{"floor":14,"key":"Explosive Potion"}],"is_trial":false,"path_per_floor":["M","M","M","M","?","R","$","?","T","R","$","?","$","M","R","B"],"character_chosen":"IRONCLAD","items_purchased":[],"campfire_rested":1,"item_purchase_floors":[],"current_hp_per_floor":[74,71,70,62,62,62,62,62,62,62,62,62,62,56,74,0],"gold":39,"neow_bonus":"BOSS_RELIC","is_prod":false,"is_daily":false,"chose_seed":false,"campfire_upgraded":2,"win_rate":0,"timestamp":1549944412,"path_taken":["M","?","M","M","?","R","$","?","T","R","$","?","$","M","R","BOSS"],"build_version":"2019-01-23","purchased_purges":2,"victory":false,"max_hp_per_floor":[80,80,80,80,80,80,80,74,74,74,74,74,74,74,74,74],"card_choices":[{"not_picked":["Twin Strike","Pummel","Thunderclap"],"picked":"SKIP","floor":1.0},{"not_picked":["Intimidate","Heavy Blade"],"picked":"Entrench","floor":2.0},{"not_picked":["Perfected Strike","Blood for Blood","Warcry"],"picked":"SKIP","floor":3.0},{"not_picked":["Twin Strike","Sever Soul","Warcry"],"picked":"SKIP","floor":4.0},{"not_picked":["Metallicize","Entrench"],"picked":"Shrug It Off","floor":14}],"player_experience":327110,"relics_obtained":[{"floor":9.0,"key":"Oddly Smooth Stone"}],"event_choices":[{"cards_removed":["Strike_R"],"damage_healed":0.0,"max_hp_gain":0.0,"max_hp_loss":0.0,"gold_gain":0.0,"event_name":"The Cleric","player_choice":"Card Removal","floor":5.0,"gold_loss":50.0,"damage_taken":0.0},{"damage_healed":0.0,"max_hp_gain":0.0,"max_hp_loss":6.0,"gold_gain":0.0,"event_name":"Golden Idol","player_choice":"Lose Max HP","floor":8.0,"gold_loss":0.0,"damage_taken":0.0,"relics_obtained":["Golden Idol"]},{"damage_healed":0,"gold_gain":30,"player_choice":"Searched \u00271\u0027 times","damage_taken":0,"max_hp_gain":0,"max_hp_loss":0,"event_name":"Dead Adventurer","floor":12,"gold_loss":0}],"is_beta":false,"boss_relics":[],"items_purged_floors":[7,13],"is_endless":false,"potions_floor_spawned":[3,4,14],"killed_by":"Hexaghost","ascension_level":0}