{"gold_per_floor":[112,122,122,139,154,188,188,205,205,205,216,216,277,290,290,391,391,375,395,395,406,420,430,144,159,183,183,194,194,194,207,207,303,353,373,220,243,260,272,272,300,300,300,50,50],"floor_reached":45,"playtime":2799,"items_purged":["Strike_G","Parasite"],"score":501,"play_id":"36026609-68f9-4784-80bb-3c474b37b7a8","local_time":"20190209194150","is_ascension_mode":false,"campfire_choices":[{"floor":10.0,"key":"REST"},{"floor":12.0,"key":"REST"},{"floor":15.0,"key":"REST"},{"floor":27.0,"key":"REST"},{"data":"Noxious Fumes","floor":30.0,"key":"SMITH"},{"floor":32.0,"key":"REST"},{"floor":40,"key":"REST"},{"floor":42,"key":"REST"}],"neow_cost":"NONE","seed_source_timestamp":0,"circlet_count":0,"master_deck":["Defend_G","Defend_G","Defend_G","Defend_G","Defend_G","Strike_G+1","Strike_G","Strike_G","Strike_G","Survivor","Neutralize","Crippling Poison+1","Quick Slash","Flying Knee","Blade Dance","Cloak And Dagger","All Out Attack","Finisher","Poisoned Stab","Sucker Punch+1","Dagger Spray","Finisher","Bane","Noxious Fumes+1","Finisher","Clumsy","Skewer","Flying Knee","Corpse Explosion","Cloak And Dagger","Concentrate+1","Noxious Fumes","Poisoned Stab+1","Infinite Blades","Noxious Fumes"],"special_seed":0,"relics":["Ring of the Snake","Anchor","Sundial","Cursed Key","Lee\u0027s Waffle","Snake Skull","Tiny House","Omamori","Tingsha","Calipers","Ancient Tea Set"],"potions_floor_usage":[41,41],"damage_taken":[{"damage":1.0,"enemies":"Cultist","floor":1.0,"turns":5.0},{"damage":0.0,"enemies":"2 Louse","floor":2.0,"turns":3.0},{"damage":2.0,"enemies":"Small Slimes","floor":4.0,"turns":4.0},{"damage":3.0,"enemies":"3 Louse","floor":5.0,"turns":4.0},{"damage":41.0,"enemies":"Gremlin Nob","floor":6.0,"turns":6.0},{"damage":0.0,"enemies":"2 Fungi Beasts","floor":8.0,"turns":2.0},{"damage":7.0,"enemies":"Exordium Thugs","floor":11.0,"turns":4.0},{"damage":4.0,"enemies":"Blue Slaver","floor":14.0,"turns":3.0},{"damage":8.0,"enemies":"Slime Boss","floor":16.0,"turns":11.0},{"damage":10.0,"enemies":"2 Thieves","floor":18.0,"turns":4.0},{"damage":0.0,"enemies":"3 Byrds","floor":19.0,"turns":4.0},{"damage":0.0,"enemies":"Snake Plant","floor":21.0,"turns":4.0},{"damage":26.0,"enemies":"Shelled Parasite and Fungi","floor":22.0,"turns":7.0},{"damage":16.0,"enemies":"3 Cultists","floor":23.0,"turns":6.0},{"damage":29.0,"enemies":"Centurion and Healer","floor":25.0,"turns":7.0},{"damage":18.0,"enemies":"Snake Plant","floor":28.0,"turns":4.0},{"damage":31.0,"enemies":"Sentry and Sphere","floor":31.0,"turns":5.0},{"damage":78.0,"enemies":"Automaton","floor":33.0,"turns":10.0},{"damage":23,"enemies":"3 Darklings","floor":35,"turns":4},{"damage":27,"enemies":"Orb Walker","floor":38,"turns":5},{"damage":24,"enemies":"3 Darklings","floor":39,"turns":3},{"damage":40,"enemies":"Nemesis","floor":41,"turns":7},{"damage":40,"enemies":"Spire Growth","floor":45,"turns":3}],"seed_played":"5131618158413350107","potions_obtained":[{"floor":2.0,"key":"Fire Potion"},{"floor":4.0,"key":"GamblersBrew"},{"floor":14.0,"key":"SpeedPotion"},{"floor":16.0,"key":"SpeedPotion"},{"floor":18.0,"key":"EntropicBrew"},{"floor":23.0,"key":"Regen Potion"},{"floor":31.0,"key":"PowerPotion"},{"floor":34,"key":"Weak Potion"},{"floor":38,"key":"EntropicBrew"}],"is_trial":false,"path_per_floor":["M","M","?","M","M","E","?","M","T","R","M","R","?","M","R","B",null,"M","M","?","M","M","M","$","M","T","R","M","?","R","M","R","B",null,"M","$","T","M","M","R","E","R","T","$","M"],"character_chosen":"THE_SILENT","items_purchased":["Noxious Fumes","Lee\u0027s Waffle","Noxious Fumes","Ancient Tea Set"],"campfire_rested":7,"item_purchase_floors":[24,24,36,44],"current_hp_per_floor":[69,69,69,67,64,23,23,23,23,44,37,58,58,54,70,62,70,60,60,60,60,34,18,77,57,57,77,59,87,87,56,82,4,92,69,69,69,42,18,45,5,32,32,32,0],"gold":50,"neow_bonus":"RANDOM_COLORLESS","is_prod":false,"is_daily":false,"chose_seed":false,"campfire_upgraded":1,"win_rate":0,"timestamp":1549730510,"path_taken":["M","?","?","?","M","E","?","M","T","R","M","R","?","M","R","BOSS","M","M","?","M","M","M","?","M","T","R","M","?","R","?","R","BOSS","M","$","?","M","?","R","E","R","T","?","?"],"build_version":"2019-01-23","purchased_purges":2,"victory":false,"max_hp_per_floor":[70,70,70,70,70,70,70,70,70,70,70,70,70,70,70,70,70,70,70,70,70,70,70,77,77,77,77,77,87,87,87,87,87,92,92,92,92,92,92,92,92,92,92,89,89],"card_choices":[{"not_picked":["Footwork","Deadly Poison"],"picked":"Crippling Poison","floor":1.0},{"not_picked":["Backflip","Acrobatics"],"picked":"Quick Slash","floor":2.0},{"not_picked":["Predator","Slice"],"picked":"Flying Knee","floor":4.0},{"not_picked":["Backflip","Deflect"],"picked":"Blade Dance","floor":5.0},{"not_picked":["Escape Plan","Eviscerate"],"picked":"Cloak And Dagger","floor":6.0},{"not_picked":["Footwork","Quick Slash"],"picked":"All Out Attack","floor":8.0},{"not_picked":["Caltrops","Dagger Throw"],"picked":"Finisher","floor":11.0},{"not_picked":["Flechettes","Dodge and Roll"],"picked":"Poisoned Stab","floor":14.0},{"not_picked":["Unload","A Thousand Cuts"],"picked":"Grand Finale","floor":16.0},{"not_picked":["Poisoned Stab","Underhanded Strike"],"picked":"Sucker Punch+1","floor":18.0},{"not_picked":["Escape Plan","Sucker Punch"],"picked":"Dagger Spray","floor":19.0},{"not_picked":["Underhanded Strike+1","Dash"],"picked":"Finisher","floor":21.0},{"not_picked":["Acrobatics","Slice+1"],"picked":"Bane","floor":22.0},{"not_picked":["Eviscerate","Sucker Punch","PiercingWail"],"picked":"SKIP","floor":23.0},{"not_picked":["Prepared","Cloak And Dagger"],"picked":"Finisher","floor":25.0},{"not_picked":["Heel Hook","Deflect"],"picked":"Skewer","floor":28.0},{"not_picked":["Underhanded Strike","Eviscerate+1"],"picked":"Flying Knee","floor":31.0},{"not_picked":["Storm of Steel","Unload"],"picked":"Corpse Explosion","floor":33.0},{"not_picked":["Flying Knee","Distraction"],"picked":"Cloak And Dagger","floor":34},{"not_picked":["Finisher","Dagger Spray"],"picked":"Concentrate+1","floor":35},{"not_picked":["Choke+1","Slice"],"picked":"Poisoned Stab+1","floor":38},{"not_picked":["Slice","PiercingWail"],"picked":"Infinite Blades","floor":39},{"not_picked":["Dash","All Out Attack+1"],"picked":"Noxious Fumes","floor":41}],"player_experience":272029,"relics_obtained":[{"floor":6.0,"key":"Anchor"},{"floor":9.0,"key":"Sundial"},{"floor":26.0,"key":"Snake Skull"},{"floor":37,"key":"Omamori"},{"floor":41,"key":"Tingsha"},{"floor":43,"key":"Calipers"}],"event_choices":[{"damage_healed":0.0,"max_hp_gain":0.0,"max_hp_loss":0.0,"gold_gain":0.0,"event_name":"NoteForYourself","player_choice":"Ignored","floor":3.0,"gold_loss":0.0,"damage_taken":0.0},{"damage_healed":0.0,"max_hp_gain":0.0,"max_hp_loss":0.0,"gold_gain":0.0,"event_name":"Living Wall","player_choice":"Grow","floor":7.0,"gold_loss":0.0,"damage_taken":0.0,"cards_upgraded":["Crippling Poison"]},{"damage_healed":0.0,"max_hp_gain":0.0,"max_hp_loss":0.0,"gold_gain":61.0,"event_name":"Golden Wing","player_choice":"Gained Gold","floor":13.0,"gold_loss":0.0,"damage_taken":0.0},{"cards_removed":["Madness"],"damage_healed":0.0,"max_hp_gain":0.0,"max_hp_loss":0.0,"gold_gain":0.0,"event_name":"Purifier","player_choice":"Purged","floor":20.0,"gold_loss":0.0,"damage_taken":0.0},{"cards_removed":["Grand Finale"],"damage_healed":18.0,"max_hp_gain":10.0,"max_hp_loss":0.0,"gold_gain":0.0,"event_name":"Bonfire Elementals","player_choice":"Offered Rare","floor":29.0,"gold_loss":0.0,"damage_taken":0.0}],"is_beta":false,"boss_relics":[{"not_picked":["Snecko Eye","Coffee Dripper"],"picked":"Cursed Key"},{"not_picked":["Black Star","Fusion Hammer"],"picked":"Tiny House"}],"items_purged_floors":[36,44],"is_endless":false,"potions_floor_spawned":[2,4,14,16,18,23,31,38],"killed_by":"Spire Growth","ascension_level":0}