{"gold_per_floor":[119,119,119,137,137,137,164,184,258,258,276,302,316,49,49,148,148,167,185,285,285],"floor_reached":21,"playtime":1281,"items_purged":[],"score":189,"play_id":"48848676-e053-454f-86ec-758929ac377f","local_time":"20190205084731","is_ascension_mode":false,"campfire_choices":[{"data":"Anger","floor":6.0,"key":"SMITH"},{"floor":10.0,"key":"REST"},{"data":"Searing Blow","floor":15.0,"key":"SMITH"}],"neow_cost":"NONE","seed_source_timestamp":0,"circlet_count":0,"master_deck":["Strike_R","Strike_R","Strike_R","Strike_R","Strike_R","Defend_R+1","Defend_R+1","Defend_R","Defend_R+1","Bash","Battle Trance+1","Anger+1","Immolate","Entrench","Body Slam","Shrug It Off","Apotheosis","Searing Blow+1","Dark Embrace","Infernal Blade","Seeing Red"],"special_seed":0,"relics":["Burning Blood","Bag of Preparation","Self Forming Clay","War Paint"],"potions_floor_usage":[],"damage_taken":[{"damage":1.0,"enemies":"2 Louse","floor":1.0,"turns":2.0},{"damage":6.0,"enemies":"Cultist","floor":4.0,"turns":4.0},{"damage":28.0,"enemies":"Gremlin Nob","floor":7.0,"turns":4.0},{"damage":5.0,"enemies":"Jaw Worm","floor":8.0,"turns":4.0},{"damage":0.0,"enemies":"2 Fungi Beasts","floor":11.0,"turns":2.0},{"damage":30.0,"enemies":"Lagavulin","floor":12.0,"turns":6.0},{"damage":0.0,"enemies":"Gremlin Gang","floor":13.0,"turns":2.0},{"damage":57.0,"enemies":"The Guardian","floor":16.0,"turns":9.0},{"damage":24.0,"enemies":"3 Byrds","floor":18.0,"turns":4.0},{"damage":10.0,"enemies":"Chosen","floor":19.0,"turns":4.0},{"damage":0,"enemies":"Centurion and Healer","floor":21,"turns":1}],"seed_played":"-2189909955290999085","potions_obtained":[{"floor":1.0,"key":"Weak Potion"},{"floor":3.0,"key":"Regen Potion"},{"floor":3.0,"key":"EssenceOfSteel"},{"floor":11.0,"key":"Weak Potion"},{"floor":16.0,"key":"GamblersBrew"}],"is_trial":false,"path_per_floor":["M","$","?","M","?","R","E","M","T","R","M","E","M","$","R","B",null,"M","M","?","M"],"character_chosen":"IRONCLAD","items_purchased":["Apotheosis","Searing Blow"],"campfire_rested":1,"item_purchase_floors":[14,14],"current_hp_per_floor":[88,88,88,88,70,70,48,61,61,87,88,64,70,70,70,19,88,70,66,66,66],"gold":285,"neow_bonus":"TEN_PERCENT_HP_BONUS","is_prod":false,"is_daily":false,"chose_seed":false,"campfire_upgraded":2,"win_rate":0,"timestamp":1549345651,"path_taken":["M","$","?","?","?","R","E","M","T","R","M","E","M","$","R","BOSS","M","M","?","?"],"build_version":"2019-01-23","purchased_purges":0,"victory":false,"max_hp_per_floor":[88,88,88,88,88,88,88,88,88,88,88,88,88,88,88,88,88,88,88,88,88],"card_choices":[{"not_picked":["Havoc","Shrug It Off"],"picked":"Battle Trance","floor":1.0},{"not_picked":["Cleave","Thunderclap"],"picked":"Anger","floor":4.0},{"not_picked":["Dropkick","Burning Pact"],"picked":"Immolate","floor":7.0},{"not_picked":["Perfected Strike","Sword Boomerang","Reckless Charge"],"picked":"SKIP","floor":8.0},{"not_picked":["Sword Boomerang","Clash"],"picked":"Entrench","floor":11.0},{"not_picked":["True Grit","Pommel Strike"],"picked":"Body Slam","floor":12.0},{"not_picked":["Iron Wave","Perfected Strike"],"picked":"Shrug It Off","floor":13.0},{"not_picked":["Immolate","Bludgeon"],"picked":"Dark Embrace","floor":16.0},{"not_picked":["Battle Trance","Flex"],"picked":"Infernal Blade","floor":18.0},{"not_picked":["Carnage","Heavy Blade"],"picked":"Seeing Red","floor":19.0}],"player_experience":196814,"relics_obtained":[{"floor":7.0,"key":"Bag of Preparation"},{"floor":9.0,"key":"Self Forming Clay"},{"floor":12.0,"key":"War Paint"}],"event_choices":[{"damage_healed":0.0,"max_hp_gain":0.0,"max_hp_loss":0.0,"gold_gain":0.0,"event_name":"Lab","player_choice":"Got Potions","floor":3.0,"gold_loss":0.0,"damage_taken":0.0},{"damage_healed":0.0,"max_hp_gain":0.0,"max_hp_loss":0.0,"gold_gain":0.0,"event_name":"Shining Light","player_choice":"Entered Light","floor":5.0,"gold_loss":0.0,"damage_taken":18.0,"cards_upgraded":["Battle Trance","Defend_R"]},{"damage_healed":0.0,"max_hp_gain":0.0,"max_hp_loss":0.0,"gold_gain":100.0,"event_name":"Golden Shrine","player_choice":"Pray","floor":20.0,"gold_loss":0.0,"damage_taken":0.0}],"is_beta":false,"boss_relics":[{"not_picked":["Empty Cage","Runic Dome","Snecko Eye"]}],"items_purged_floors":[],"is_endless":false,"potions_floor_spawned":[1,7,11,16],"killed_by":"Centurion and Healer","ascension_level":0}