{"gold_per_floor":[112,62,23,23,23,23,55,55,105,105,130,55,55,73,73,173,173,190,54,54,5,105,140,140,169,169,181,201,216,59,78,78,183,183,196,5,5],"floor_reached":37,"playtime":1124,"items_purged":["Dualcast","Strike_B"],"score":738,"play_id":"66581529-0aa7-4214-854d-4f7c56d082b4","local_time":"20190207214040","is_ascension_mode":true,"campfire_choices":[{"data":"Zap","floor":6.0,"key":"SMITH"},{"data":"Defend_B","floor":10.0,"key":"SMITH"},{"data":"Defend_B","floor":13.0,"key":"SMITH"},{"data":"Streamline","floor":15.0,"key":"SMITH"},{"floor":24.0,"key":"REST"},{"floor":32,"key":"REST"}],"neow_cost":"NONE","seed_source_timestamp":0,"circlet_count":0,"master_deck":["AscendersBane","Strike_B+1","Defend_B+1","Defend_B+1","Defend_B+1","Zap+1","Chill","Genetic Algorithm","Streamline+1","Echo Form","Self Repair","White Noise","Ball Lightning","Gash+1","Gash+1","Gash+1","Reboot","Mayhem"],"special_seed":0,"relics":["Cracked Core","NeowsBlessing","Symbiotic Virus","Vajra","PreservedInsect","Cursed Key","Emotion Chip","Bottled Tornado","Art of War","Blue Candle","DataDisk","Runic Pyramid"],"potions_floor_usage":[],"damage_taken":[{"damage":0.0,"enemies":"2 Louse","floor":1.0,"turns":1.0},{"damage":0.0,"enemies":"Gremlin Nob","floor":7.0,"turns":1.0},{"damage":0.0,"enemies":"Lagavulin","floor":11.0,"turns":1.0},{"damage":0.0,"enemies":"Small Slimes","floor":14.0,"turns":3.0},{"damage":23.0,"enemies":"Hexaghost","floor":16.0,"turns":9.0},{"damage":3.0,"enemies":"Spheric Guardian","floor":18.0,"turns":4.0},{"damage":18.0,"enemies":"Colosseum Slavers","floor":22.0,"turns":5.0},{"damage":32.0,"enemies":"Colosseum Nobs","floor":22.0,"turns":4.0},{"damage":13.0,"enemies":"Gremlin Leader","floor":23.0,"turns":5.0},{"damage":28.0,"enemies":"Book of Stabbing","floor":25.0,"turns":4.0},{"damage":2.0,"enemies":"Shell Parasite","floor":27.0,"turns":2.0},{"damage":4.0,"enemies":"Snecko","floor":28.0,"turns":4.0},{"damage":14.0,"enemies":"Shelled Parasite and Fungi","floor":29.0,"turns":3.0},{"damage":7.0,"enemies":"Centurion and Healer","floor":31.0,"turns":5.0},{"damage":38,"enemies":"Automaton","floor":33,"turns":7},{"damage":41,"enemies":"3 Darklings","floor":35,"turns":5},{"damage":35,"enemies":"3 Shapes","floor":37,"turns":4}],"seed_played":"-3433553961545366063","potions_obtained":[{"floor":1.0,"key":"LiquidBronze"},{"floor":11.0,"key":"Strength Potion"},{"floor":22.0,"key":"AttackPotion"},{"floor":25.0,"key":"Block Potion"},{"floor":28.0,"key":"Weak Potion"}],"is_trial":false,"path_per_floor":["M","?","$","?","?","R","E","?","T","R","E","$","R","M","R","B",null,"M","$","?","$","?","E","R","E","T","M","M","M","$","M","R","B",null,"M","$","M"],"character_chosen":"DEFECT","items_purchased":["Chill","White Noise","Ball Lightning","DataDisk","Mayhem"],"campfire_rested":2,"item_purchase_floors":[3,19,21,30,36],"current_hp_per_floor":[68,68,68,61,46,46,46,46,46,46,46,46,46,46,46,23,62,59,59,59,59,16,10,32,18,18,16,26,26,26,26,48,17,61,34,34,0],"gold":5,"neow_bonus":"THREE_ENEMY_KILL","is_prod":false,"is_daily":false,"chose_seed":false,"campfire_upgraded":4,"win_rate":0,"timestamp":1549586440,"path_taken":["M","?","$","?","?","R","E","?","T","R","E","?","R","M","R","BOSS","M","$","?","?","?","E","R","E","T","M","M","M","?","M","R","BOSS","M","$","M"],"build_version":"2018-11-15","purchased_purges":2,"victory":false,"max_hp_per_floor":[75,75,75,75,75,75,75,75,75,75,75,75,75,75,75,75,75,75,75,75,75,75,75,75,75,75,75,75,75,75,75,75,75,75,75,75,75],"card_choices":[{"not_picked":["Heatsinks","Turbo","Stack"],"picked":"SKIP","floor":1.0},{"not_picked":["Force Field","Recycle"],"picked":"Genetic Algorithm","floor":7.0},{"not_picked":["Rebound","Hello World","Fusion"],"picked":"SKIP","floor":11.0},{"not_picked":["Stack","Turbo"],"picked":"Streamline","floor":14.0},{"not_picked":["Machine Learning","Seek"],"picked":"Echo Form","floor":16.0},{"not_picked":["Steam","Coolheaded"],"picked":"Self Repair","floor":18.0},{"not_picked":["Scrape+1","Sweeping Beam"],"picked":"Gash+1","floor":22.0},{"not_picked":["Compile Driver","Turbo+1","Go for the Eyes"],"picked":"SKIP","floor":23.0},{"not_picked":["Tempest","Rainbow","Rebound"],"picked":"SKIP","floor":25.0},{"not_picked":["Turbo+1","Go for the Eyes"],"picked":"Gash+1","floor":27.0},{"not_picked":["Leap","Coolheaded"],"picked":"Gash+1","floor":28.0},{"not_picked":["Beam Cell","Compile Driver","Steam"],"picked":"SKIP","floor":29.0},{"not_picked":["Storm","Tempest","Redo+1"],"picked":"SKIP","floor":31.0},{"not_picked":["Echo Form","Rainbow"],"picked":"Reboot","floor":33},{"not_picked":["Turbo","Gash","Steam"],"picked":"SKIP","floor":35}],"player_experience":102291,"relics_obtained":[{"floor":7.0,"key":"Symbiotic Virus"},{"floor":9.0,"key":"Vajra"},{"floor":11.0,"key":"PreservedInsect"},{"floor":22.0,"key":"Emotion Chip"},{"floor":22.0,"key":"Bottled Tornado"},{"floor":23.0,"key":"Art of War"},{"floor":25.0,"key":"Blue Candle"}],"event_choices":[{"cards_removed":["Defend_B"],"damage_healed":0.0,"max_hp_gain":0.0,"max_hp_loss":0.0,"gold_gain":0.0,"event_name":"The Cleric","player_choice":"Card Removal","floor":2.0,"gold_loss":50.0,"damage_taken":0.0},{"cards_removed":["Strike_B"],"damage_healed":0.0,"max_hp_gain":0.0,"max_hp_loss":0.0,"gold_gain":0.0,"event_name":"Golden Wing","player_choice":"Card Removal","floor":4.0,"gold_loss":0.0,"damage_taken":7.0},{"damage_healed":0.0,"max_hp_gain":0.0,"max_hp_loss":0.0,"gold_gain":0.0,"event_name":"Shining Light","player_choice":"Entered Light","floor":5.0,"gold_loss":0.0,"damage_taken":15.0,"cards_upgraded":["Strike_B","Defend_B"]},{"damage_healed":0.0,"max_hp_gain":0.0,"max_hp_loss":0.0,"gold_gain":0.0,"event_name":"Liars Game","player_choice":"Ignored","floor":8.0,"gold_loss":0.0,"damage_taken":0.0},{"cards_removed":["Strike_B"],"damage_healed":0.0,"max_hp_gain":0.0,"max_hp_loss":0.0,"gold_gain":0.0,"event_name":"Bonfire Elementals","player_choice":"Offered Basic","floor":20.0,"gold_loss":0.0,"damage_taken":0.0},{"damage_healed":0.0,"max_hp_gain":0.0,"max_hp_loss":0.0,"gold_gain":0.0,"event_name":"Colosseum","player_choice":"Fight","floor":22.0,"gold_loss":0.0,"damage_taken":0.0},{"damage_healed":0.0,"max_hp_gain":0.0,"max_hp_loss":0.0,"gold_gain":0.0,"event_name":"Colosseum","player_choice":"Fought Nobs","floor":22.0,"gold_loss":0.0,"damage_taken":0.0}],"is_beta":false,"boss_relics":[{"not_picked":["Black Star","Eternal Feather"],"picked":"Cursed Key"},{"not_picked":["Calling Bell","Inserter"],"picked":"Runic Pyramid"}],"items_purged_floors":[12,19],"is_endless":false,"potions_floor_spawned":[1,11,16,22,25,27,28],"killed_by":"3 Shapes","ascension_level":12}