{"gold_per_floor":[116,133,133,8,8,43,62,62,109,128,148,164,175,241,241,341,341,354,367,382,382,342,342,342],"floor_reached":24,"playtime":2105,"items_purged":[],"score":200,"play_id":"a97ad6b8-435d-493c-b49d-5a325e3ecc72","local_time":"20190204163025","is_ascension_mode":false,"campfire_choices":[{"floor":8.0,"key":"REST"},{"floor":15.0,"key":"REST"},{"floor":23,"key":"REST"}],"neow_cost":"NONE","seed_source_timestamp":62165915505215,"circlet_count":0,"master_deck":["Defend_G","Defend_G","Defend_G","Defend_G","Defend_G","Strike_G","Strike_G","Strike_G","Strike_G","Survivor","Neutralize","Wraith Form v2","Deadly Poison","Corpse Explosion","Bouncing Flask","Acrobatics","Unload","Deadly Poison","Skewer","Bane","Quick Slash","Choke","Slice","Infinite Blades","Adrenaline","Predator","Accuracy+1","Slice","Bouncing Flask"],"special_seed":0,"relics":["Ring of the Snake","Dream Catcher","Blue Candle","Bag of Preparation","Eternal Feather"],"potions_floor_usage":[20,21,24,24,24],"damage_taken":[{"damage":0.0,"enemies":"Small Slimes","floor":1.0,"turns":6.0},{"damage":1.0,"enemies":"Cultist","floor":2.0,"turns":5.0},{"damage":31.0,"enemies":"Lagavulin","floor":6.0,"turns":8.0},{"damage":0.0,"enemies":"Jaw Worm","floor":7.0,"turns":3.0},{"damage":0.0,"enemies":"2 Fungi Beasts","floor":10.0,"turns":4.0},{"damage":21.0,"enemies":"Exordium Thugs","floor":11.0,"turns":3.0},{"damage":4.0,"enemies":"Red Slaver","floor":12.0,"turns":3.0},{"damage":0.0,"enemies":"3 Louse","floor":13.0,"turns":2.0},{"damage":47.0,"enemies":"Slime Boss","floor":16.0,"turns":12.0},{"damage":10.0,"enemies":"3 Byrds","floor":18.0,"turns":3.0},{"damage":0.0,"enemies":"Spheric Guardian","floor":19.0,"turns":3.0},{"damage":39,"enemies":"Centurion and Healer","floor":20,"turns":6},{"damage":12,"enemies":"Colosseum Slavers","floor":21,"turns":4},{"damage":74,"enemies":"Slavers","floor":24,"turns":3}],"seed_played":"8952980642311606239","potions_obtained":[{"floor":2.0,"key":"Strength Potion"},{"floor":13.0,"key":"PowerPotion"},{"floor":16.0,"key":"Regen Potion"},{"floor":22,"key":"EntropicBrew"},{"floor":22,"key":"SneckoOil"},{"floor":22,"key":"SmokeBomb"}],"is_trial":false,"path_per_floor":["M","M","?","$","$","E","M","R","T","M","M","M","M","?","R","B",null,"M","M","M","?","?","R","E"],"character_chosen":"THE_SILENT","items_purchased":["Bouncing Flask","Acrobatics"],"campfire_rested":3,"item_purchase_floors":[4,4],"current_hp_per_floor":[70,69,69,69,69,38,38,59,59,59,38,34,34,34,55,8,70,60,60,21,18,18,54,0],"gold":342,"neow_bonus":"TRANSFORM_CARD","is_prod":false,"is_daily":false,"chose_seed":false,"campfire_upgraded":0,"win_rate":0.0,"timestamp":1549287025,"path_taken":["M","M","?","?","$","E","M","R","T","?","M","M","M","?","R","BOSS","M","M","M","?","?","R","E"],"build_version":"2019-01-23","purchased_purges":0,"victory":false,"max_hp_per_floor":[70,70,70,70,70,70,70,70,70,70,70,70,70,70,70,70,70,70,70,70,70,70,70,70],"card_choices":[{"not_picked":["Distraction","Acrobatics"],"picked":"Deadly Poison","floor":1.0},{"not_picked":["Outmaneuver","Deadly Poison"],"picked":"Corpse Explosion","floor":2.0},{"not_picked":["Tools of the Trade","Escape Plan"],"picked":"Unload","floor":6.0},{"not_picked":["Dash","Deflect"],"picked":"Deadly Poison","floor":7.0},{"not_picked":["Dodge and Roll","Acrobatics"],"picked":"Skewer","floor":8.0},{"not_picked":["Sucker Punch","Well Laid Plans"],"picked":"Bane","floor":10.0},{"not_picked":["Tactician","All Out Attack"],"picked":"Quick Slash","floor":11.0},{"not_picked":["Slice","Catalyst"],"picked":"Choke","floor":12.0},{"not_picked":["Bane","Tools of the Trade"],"picked":"Slice","floor":13.0},{"not_picked":["Heel Hook","Deflect"],"picked":"Infinite Blades","floor":15.0},{"not_picked":["Burst","Die Die Die"],"picked":"Adrenaline","floor":16.0},{"not_picked":["Crippling Poison","Quick Slash"],"picked":"Predator","floor":18.0},{"not_picked":["Flying Knee","Distraction"],"picked":"Accuracy+1","floor":19.0},{"not_picked":["Dagger Spray","Outmaneuver"],"picked":"Slice","floor":20},{"not_picked":["Skewer","Footwork"],"picked":"Bouncing Flask","floor":23}],"player_experience":176893,"relics_obtained":[{"floor":3.0,"key":"Dream Catcher"},{"floor":6.0,"key":"Blue Candle"},{"floor":9.0,"key":"Bag of Preparation"}],"event_choices":[{"damage_healed":0.0,"max_hp_gain":0.0,"max_hp_loss":0.0,"gold_gain":0.0,"event_name":"Wheel of Change","player_choice":"Relic","floor":3.0,"gold_loss":0.0,"damage_taken":0.0},{"damage_healed":0.0,"max_hp_gain":0.0,"max_hp_loss":0.0,"gold_gain":66.0,"event_name":"Golden Wing","player_choice":"Gained Gold","floor":14.0,"gold_loss":0.0,"damage_taken":0.0},{"damage_healed":0,"gold_gain":0,"player_choice":"Fight","damage_taken":0,"max_hp_gain":0,"max_hp_loss":0,"event_name":"Colosseum","floor":21,"gold_loss":0},{"damage_healed":0,"gold_gain":0,"player_choice":"Fled From Nobs","damage_taken":0,"max_hp_gain":0,"max_hp_loss":0,"event_name":"Colosseum","floor":21,"gold_loss":0},{"damage_healed":0,"gold_gain":0,"player_choice":"Bought 3 Potions","damage_taken":0,"max_hp_gain":0,"max_hp_loss":0,"event_name":"The Woman in Blue","floor":22,"gold_loss":0}],"is_beta":false,"boss_relics":[{"not_picked":["Ectoplasm","Tiny House"],"picked":"Eternal Feather"}],"items_purged_floors":[],"is_endless":false,"potions_floor_spawned":[2,13,16],"killed_by":"Slavers","ascension_level":0}