{"gold_per_floor":[113,131,56,70,70,99,99,115,115,115,115,15,26,53,53,157,157,174,273,291,29,48,48,62,77,150,75,75,75,85,98,98,199,199,219,319,319,193,203,232,232,248,271,287,112,132,145,164,164,164],"floor_reached":51,"playtime":2143,"items_purged":["Defend_R","Strike_R","Strike_R","Strike_R","Defend_R","Battle Trance"],"score":883,"play_id":"04c91659-ff10-4238-95d2-7dacad469de7","local_time":"20190212095702","is_ascension_mode":false,"campfire_choices":[{"floor":7.0,"key":"REST"},{"data":"Bash","floor":10.0,"key":"SMITH"},{"floor":15.0,"key":"REST"},{"floor":23.0,"key":"REST"},{"floor":29.0,"key":"REST"},{"floor":32.0,"key":"REST"},{"floor":41.0,"key":"REST"},{"floor":49.0,"key":"REST"}],"neow_cost":"NONE","seed_source_timestamp":0,"circlet_count":0,"master_deck":["Strike_R+1","Defend_R","Defend_R","Bash+1","Dropkick+1","Dropkick","Shrug It Off+1","Offering+1","Dropkick"],"special_seed":0,"relics":["Burning Blood","Letter Opener","Singing Bowl","Odd Mushroom","Runic Pyramid","Membership Card","Gremlin Horn","Fusion Hammer","Bird Faced Urn","Blue Candle","Lantern","Pen Nib"],"potions_floor_usage":[50,50],"damage_taken":[{"damage":1.0,"enemies":"Cultist","floor":1.0,"turns":3.0},{"damage":9.0,"enemies":"2 Louse","floor":2.0,"turns":3.0},{"damage":1.0,"enemies":"Jaw Worm","floor":4.0,"turns":4.0},{"damage":15.0,"enemies":"Gremlin Nob","floor":6.0,"turns":4.0},{"damage":22.0,"enemies":"Large Slime","floor":8.0,"turns":6.0},{"damage":7.0,"enemies":"3 Louse","floor":13.0,"turns":5.0},{"damage":13.0,"enemies":"The Mushroom Lair","floor":14.0,"turns":4.0},{"damage":53.0,"enemies":"Slime Boss","floor":16.0,"turns":12.0},{"damage":30.0,"enemies":"Shell Parasite","floor":18.0,"turns":5.0},{"damage":41.0,"enemies":"2 Thieves","floor":20.0,"turns":4.0},{"damage":16.0,"enemies":"Centurion and Healer","floor":22.0,"turns":3.0},{"damage":10.0,"enemies":"Chosen and Byrds","floor":24.0,"turns":2.0},{"damage":18.0,"enemies":"Snecko","floor":25.0,"turns":4.0},{"damage":41.0,"enemies":"Sentry and Sphere","floor":30.0,"turns":6.0},{"damage":20.0,"enemies":"Centurion and Healer","floor":31.0,"turns":2.0},{"damage":0.0,"enemies":"Champ","floor":33.0,"turns":3.0},{"damage":6.0,"enemies":"Orb Walker","floor":35.0,"turns":2.0},{"damage":6.0,"enemies":"Mind Bloom Boss Battle","floor":36.0,"turns":4.0},{"damage":2.0,"enemies":"3 Shapes","floor":39.0,"turns":2.0},{"damage":6.0,"enemies":"Nemesis","floor":40.0,"turns":1.0},{"damage":32.0,"enemies":"Jaw Worm Horde","floor":42.0,"turns":2.0},{"damage":24.0,"enemies":"Sphere and 2 Shapes","floor":44.0,"turns":6.0},{"damage":6.0,"enemies":"3 Darklings","floor":46.0,"turns":1.0},{"damage":6.0,"enemies":"Spire Growth","floor":47.0,"turns":1.0},{"damage":6.0,"enemies":"Sphere and 2 Shapes","floor":48.0,"turns":3.0},{"damage":6,"enemies":"Awakened One","floor":50,"turns":2}],"seed_played":"-7148238997155236018","potions_obtained":[{"floor":0.0,"key":"Block Potion"},{"floor":0.0,"key":"Poison Potion"},{"floor":0.0,"key":"Dexterity Potion"},{"floor":2.0,"key":"SkillPotion"},{"floor":16.0,"key":"FearPotion"},{"floor":20.0,"key":"BloodPotion"},{"floor":25.0,"key":"EssenceOfSteel"},{"floor":35.0,"key":"AttackPotion"},{"floor":36.0,"key":"Dexterity Potion"},{"floor":44.0,"key":"EssenceOfSteel"},{"floor":47.0,"key":"Strength Potion"}],"is_trial":false,"path_per_floor":["M","M","$","M","?","E","R","M","T","R","?","$","M","?","R","B",null,"M","?","M","$","M","R","M","M","T","$","?","R","M","M","R","B",null,"M","?","?","$","M","E","R","M","T","M","$","M","M","M","R","B",null],"character_chosen":"IRONCLAD","items_purchased":["Membership Card","Dropkick","Pen Nib"],"campfire_rested":7,"item_purchase_floors":[21,38,45],"current_hp_per_floor":[80,77,77,80,64,55,79,63,63,63,56,56,57,52,77,32,86,64,64,29,29,21,48,46,34,34,34,34,61,28,14,42,57,94,96,98,98,98,100,102,102,78,78,62,62,64,66,68,101,101],"gold":164,"neow_bonus":"THREE_SMALL_POTIONS","is_prod":false,"is_daily":false,"chose_seed":false,"campfire_upgraded":1,"win_rate":0,"timestamp":1549954622,"path_taken":["M","M","$","?","?","E","R","M","T","R","?","?","M","?","R","BOSS","M","?","M","$","M","R","M","M","T","$","?","R","M","M","R","BOSS","M","?","?","$","M","E","R","M","T","M","$","M","M","M","R","BOSS"],"build_version":"2019-01-23","purchased_purges":6,"victory":true,"max_hp_per_floor":[80,80,80,80,80,80,80,80,80,80,80,80,82,84,84,86,86,88,88,88,88,90,90,92,92,92,92,92,92,94,94,94,94,94,96,98,98,98,100,102,102,104,104,106,106,108,110,112,112,112],"card_choices":[{"not_picked":["Armaments","Anger"],"picked":"Dropkick","floor":1.0},{"not_picked":["Twin Strike","Battle Trance","Perfected Strike"],"picked":"SKIP","floor":2.0},{"not_picked":["Havoc","Anger","Bloodletting"],"picked":"SKIP","floor":4.0},{"not_picked":["Warcry","Anger","Twin Strike"],"picked":"SKIP","floor":6.0},{"not_picked":["Seeing Red","True Grit","Anger"],"picked":"SKIP","floor":8.0},{"not_picked":["Flame Barrier","Pummel","Body Slam"],"picked":"Singing Bowl","floor":13.0},{"not_picked":["Dark Embrace","Anger","Clothesline"],"picked":"Singing Bowl","floor":14.0},{"not_picked":["Offering","Feed","Bludgeon"],"picked":"Singing Bowl","floor":16.0},{"not_picked":["Seeing Red","Rampage+1","Anger+1"],"picked":"Singing Bowl","floor":18.0},{"not_picked":["Warcry","Inflame"],"picked":"Dropkick","floor":20.0},{"not_picked":["Rampage+1","Body Slam","Pommel Strike+1"],"picked":"Singing Bowl","floor":22.0},{"not_picked":["Anger+1","Uppercut+1","Shockwave"],"picked":"Singing Bowl","floor":24.0},{"not_picked":["Bludgeon","Wild Strike+1"],"picked":"Battle Trance","floor":25.0},{"not_picked":["Seeing Red+1","Thunderclap","Wild Strike+1"],"picked":"Singing Bowl","floor":30.0},{"not_picked":["Clash","Warcry"],"picked":"Shrug It Off+1","floor":31.0},{"not_picked":["Feed","Demon Form"],"picked":"Offering","floor":33.0},{"not_picked":["Armaments+1","Flex+1","Sword Boomerang"],"picked":"Singing Bowl","floor":35.0},{"not_picked":["Bloodletting","Wild Strike","Searing Blow+1"],"picked":"Singing Bowl","floor":36.0},{"not_picked":["Wild Strike","Ghostly Armor+1","Perfected Strike+1"],"picked":"Singing Bowl","floor":39.0},{"not_picked":["Flex+1","Cleave","True Grit"],"picked":"Singing Bowl","floor":40.0},{"not_picked":["Intimidate+1","Limit Break","Headbutt+1"],"picked":"Singing Bowl","floor":42.0},{"not_picked":["Rampage+1","Power Through","Armaments+1"],"picked":"Singing Bowl","floor":44.0},{"not_picked":["Dual Wield+1","Sentinel+1","Power Through+1"],"picked":"Singing Bowl","floor":46.0},{"not_picked":["Shockwave","Burning Pact+1","Shrug It Off+1"],"picked":"Singing Bowl","floor":47.0},{"not_picked":["Havoc","Juggernaut","Pummel"],"picked":"Singing Bowl","floor":48.0}],"player_experience":333892,"relics_obtained":[{"floor":6.0,"key":"Letter Opener"},{"floor":9.0,"key":"Singing Bowl"},{"floor":14.0,"key":"Odd Mushroom"},{"floor":26.0,"key":"Gremlin Horn"},{"floor":36.0,"key":"Bird Faced Urn"},{"floor":40.0,"key":"Blue Candle"},{"floor":43.0,"key":"Lantern"}],"event_choices":[{"damage_healed":0.0,"max_hp_gain":0.0,"max_hp_loss":0.0,"gold_gain":0.0,"event_name":"Shining Light","player_choice":"Entered Light","floor":5.0,"gold_loss":0.0,"damage_taken":16.0,"cards_upgraded":["Dropkick","Strike_R"]},{"cards_removed":["Strike_R"],"damage_healed":0.0,"max_hp_gain":0.0,"max_hp_loss":0.0,"gold_gain":0.0,"event_name":"Golden Wing","player_choice":"Card Removal","floor":11.0,"gold_loss":0.0,"damage_taken":7.0},{"damage_healed":0.0,"max_hp_gain":0.0,"max_hp_loss":0.0,"gold_gain":0.0,"event_name":"Mushrooms","player_choice":"Fought Mushrooms","floor":14.0,"gold_loss":0.0,"damage_taken":0.0},{"damage_healed":0.0,"max_hp_gain":0.0,"max_hp_loss":0.0,"gold_gain":99.0,"event_name":"Nest","player_choice":"Stole From Cult","floor":19.0,"gold_loss":0.0,"damage_taken":0.0},{"damage_healed":0.0,"max_hp_gain":0.0,"max_hp_loss":0.0,"gold_gain":0.0,"event_name":"Ghosts","player_choice":"Ignored","floor":28.0,"gold_loss":0.0,"damage_taken":0.0},{"damage_healed":0.0,"max_hp_gain":0.0,"max_hp_loss":0.0,"gold_gain":0.0,"event_name":"MindBloom","player_choice":"Fight","floor":36.0,"gold_loss":0.0,"damage_taken":0.0},{"damage_healed":0.0,"max_hp_gain":0.0,"max_hp_loss":0.0,"gold_gain":0.0,"event_name":"Upgrade Shrine","player_choice":"Upgraded","floor":37.0,"gold_loss":0.0,"damage_taken":0.0,"cards_upgraded":["Offering"]}],"is_beta":false,"boss_relics":[{"not_picked":["Cursed Key","Tiny House"],"picked":"Runic Pyramid"},{"not_picked":["Orrery","Pandora\u0027s Box"],"picked":"Fusion Hammer"}],"items_purged_floors":[3,12,21,27,38,45],"is_endless":false,"potions_floor_spawned":[2,4,16,18,20,25,31,35,36,44,47,48],"ascension_level":0}