{"gold_per_floor":[216,228,159,109,128,128,55,72,72,42,42,70,70,86,86,189,189,159,4,4,4],"floor_reached":21,"playtime":960,"items_purged":[],"score":177,"play_id":"f2af0661-dd0d-445d-961f-7a1a6fd26db3","local_time":"20190211161923","is_ascension_mode":false,"campfire_choices":[{"floor":11.0,"key":"REST"},{"floor":15.0,"key":"REST"}],"neow_cost":"NONE","seed_source_timestamp":72085557835486,"circlet_count":0,"master_deck":["Defend_G","Defend_G","Defend_G","Defend_G","Defend_G","Strike_G+1","Strike_G","Strike_G+1","Strike_G","Survivor","Neutralize","Footwork","Cloak And Dagger","Infinite Blades","Dagger Throw","Infinite Blades","Backflip","Distraction","Footwork","PiercingWail","Night Terror","Infinite Blades","Blade Dance","Cloak And Dagger","Bouncing Flask"],"special_seed":0,"relics":["Ring of the Snake","Sundial","Paper Crane","Whetstone","Orrery","Happy Flower"],"potions_floor_usage":[],"damage_taken":[{"damage":5.0,"enemies":"Small Slimes","floor":1.0,"turns":4.0},{"damage":3.0,"enemies":"Jaw Worm","floor":2.0,"turns":7.0},{"damage":0.0,"enemies":"Cultist","floor":5.0,"turns":4.0},{"damage":5.0,"enemies":"Red Slaver","floor":8.0,"turns":5.0},{"damage":0.0,"enemies":"Looter","floor":10.0,"turns":4.0},{"damage":22.0,"enemies":"3 Sentries","floor":12.0,"turns":9.0},{"damage":4.0,"enemies":"Blue Slaver","floor":14.0,"turns":4.0},{"damage":31,"enemies":"Slime Boss","floor":16,"turns":14},{"damage":25,"enemies":"2 Thieves","floor":18,"turns":5},{"damage":45,"enemies":"3 Byrds","floor":21,"turns":4}],"seed_played":"-8748133617676405922","potions_obtained":[{"floor":5.0,"key":"SpeedPotion"},{"floor":8.0,"key":"Weak Potion"},{"floor":14.0,"key":"Strength Potion"}],"is_trial":false,"path_per_floor":["M","M","$","?","M","?","$","M","T","M","R","E","$","M","R","B",null,"M","$","?","M"],"character_chosen":"THE_SILENT","items_purchased":["Infinite Blades","Infinite Blades","Happy Flower"],"campfire_rested":2,"item_purchase_floors":[3,7,19],"current_hp_per_floor":[65,62,62,62,62,62,62,57,57,57,70,48,48,44,65,34,70,45,45,45,0],"gold":4,"neow_bonus":"HUNDRED_GOLD","is_prod":false,"is_daily":false,"chose_seed":false,"campfire_upgraded":0,"win_rate":0,"timestamp":1549891163,"path_taken":["M","M","$","?","M","?","$","M","T","?","R","E","?","?","R","BOSS","M","$","?","M"],"build_version":"2019-01-23","purchased_purges":0,"victory":false,"max_hp_per_floor":[70,70,70,70,70,70,70,70,70,70,70,70,70,70,70,70,70,70,70,70,70],"card_choices":[{"not_picked":["Poisoned Stab","Prepared"],"picked":"Footwork","floor":1.0},{"not_picked":["Endless Agony","Deadly Poison"],"picked":"Cloak And Dagger","floor":2.0},{"not_picked":["Calculated Gamble","Underhanded Strike"],"picked":"Dagger Throw","floor":5.0},{"not_picked":["Acrobatics","Bane"],"picked":"Backflip","floor":8.0},{"not_picked":["Tactician","Sucker Punch"],"picked":"Distraction","floor":10.0},{"not_picked":["Infinite Blades","Prepared"],"picked":"Footwork","floor":12.0},{"not_picked":["Endless Agony","Dagger Throw"],"picked":"PiercingWail","floor":14.0},{"not_picked":["Venomology","Glass Knife"],"picked":"Night Terror","floor":16},{"not_picked":["Poisoned Stab","Setup"],"picked":"Infinite Blades","floor":17},{"not_picked":["Adrenaline","Sucker Punch"],"picked":"Blade Dance","floor":17},{"not_picked":["Dagger Spray","Outmaneuver"],"picked":"Cloak And Dagger","floor":17},{"not_picked":["Backflip+1","Prepared"],"picked":"Bouncing Flask","floor":18}],"player_experience":313490,"relics_obtained":[{"floor":9.0,"key":"Paper Crane"},{"floor":12.0,"key":"Whetstone"}],"event_choices":[{"cards_removed":["Strike_G"],"damage_healed":0.0,"max_hp_gain":0.0,"max_hp_loss":0.0,"gold_gain":0.0,"event_name":"The Cleric","player_choice":"Card Removal","floor":4.0,"gold_loss":50.0,"damage_taken":0.0},{"damage_healed":0.0,"max_hp_gain":0.0,"max_hp_loss":0.0,"gold_gain":0.0,"event_name":"WeMeetAgain","player_choice":"Gave Potion","floor":6.0,"gold_loss":0.0,"damage_taken":0.0,"relics_obtained":["Sundial"]},{"damage_healed":0,"gold_gain":0,"player_choice":"Ignored","damage_taken":0,"max_hp_gain":0,"max_hp_loss":0,"event_name":"Beggar","floor":20,"gold_loss":0}],"is_beta":false,"boss_relics":[{"not_picked":["Snecko Eye","Cursed Key"],"picked":"Orrery"}],"items_purged_floors":[],"is_endless":false,"potions_floor_spawned":[5,8,14],"killed_by":"3 Byrds","ascension_level":0}