{"gold_per_floor":[114,114,124,141,153,153,172,172,172,185,185],"floor_reached":11,"playtime":457,"items_purged":[],"score":67,"play_id":"b0f23578-1e33-4664-a561-421e0df7ebdf","local_time":"20190216012150","is_ascension_mode":false,"campfire_choices":[{"data":"Creative AI","floor":6,"key":"SMITH"},{"data":"Heatsinks","floor":8,"key":"SMITH"}],"neow_cost":"NONE","seed_source_timestamp":24856858242623,"circlet_count":0,"master_deck":["Strike_B","Strike_B","Defend_B","Defend_B","Defend_B","Defend_B","Zap","Dualcast","Creative AI+1","BootSequence","Sunder","Leap","Capacitor","Heatsinks+1","Beam Cell"],"relics":["Cracked Core","Bottled Flame"],"potions_floor_usage":[],"damage_taken":[{"damage":0,"enemies":"Small Slimes","floor":1,"turns":3},{"damage":0,"enemies":"Cultist","floor":3,"turns":4},{"damage":2,"enemies":"Jaw Worm","floor":4,"turns":3},{"damage":14,"enemies":"Exordium Thugs","floor":5,"turns":5},{"damage":9,"enemies":"2 Fungi Beasts","floor":7,"turns":3},{"damage":8,"enemies":"Gremlin Gang","floor":10,"turns":5},{"damage":68,"enemies":"Gremlin Nob","floor":11,"turns":6}],"seed_played":"5157602758713999649","potions_obtained":[{"floor":1,"key":"GamblersBrew"},{"floor":5,"key":"FairyPotion"},{"floor":7,"key":"Strength Potion"},{"floor":10,"key":"SneckoOil"}],"is_trial":false,"path_per_floor":["M","?","M","M","M","R","M","R","T","M","E"],"character_chosen":"DEFECT","items_purchased":[],"campfire_rested":0,"item_purchase_floors":[],"current_hp_per_floor":[75,75,75,73,59,59,50,50,50,42,0],"gold":185,"neow_bonus":"TRANSFORM_CARD","is_prod":false,"is_daily":false,"chose_seed":false,"campfire_upgraded":2,"win_rate":0,"timestamp":1550298110,"path_taken":["M","?","M","M","M","R","M","R","T","?","E"],"build_version":"2019-01-23","purchased_purges":0,"victory":false,"max_hp_per_floor":[75,75,75,75,75,75,75,75,75,75,75],"card_choices":[{"not_picked":["Auto Shields","Beam Cell"],"picked":"BootSequence","floor":1},{"not_picked":["Storm","White Noise"],"picked":"Sunder","floor":3},{"not_picked":["Coolheaded","Hologram"],"picked":"Leap","floor":4},{"not_picked":["Chaos","Reprogram"],"picked":"Capacitor","floor":5},{"not_picked":["Coolheaded","Conserve Battery"],"picked":"Heatsinks","floor":7},{"not_picked":["Capacitor","Compile Driver"],"picked":"Beam Cell","floor":10}],"player_experience":59343,"relics_obtained":[{"floor":9,"key":"Bottled Flame"}],"event_choices":[{"cards_removed":["Strike_B"],"damage_healed":0,"gold_gain":0,"player_choice":"Purged","damage_taken":0,"max_hp_gain":0,"max_hp_loss":0,"event_name":"Purifier","floor":2,"gold_loss":0}],"is_beta":false,"boss_relics":[],"items_purged_floors":[],"is_endless":false,"potions_floor_spawned":[1,5,7,10],"killed_by":"Gremlin Nob","ascension_level":0}