{"path_per_floor":["M","M","M","?","M","R","?","E","T","M","R","M","R","?","R"],"character_chosen":"THE_SILENT","items_purchased":[],"gold_per_floor":[11,28,38,38,53,53,153,181,181,197,197,207,207,207,207,207],"floor_reached":16,"campfire_rested":3,"playtime":1382,"item_purchase_floors":[],"current_hp_per_floor":[70,70,69,69,57,57,57,15,15,15,36,36,57,57,70,22],"items_purged":[],"gold":207,"score":102,"play_id":"748a365e-d54c-4e60-977c-8a7bc83b17b8","local_time":"20180609151902","is_prod":false,"is_daily":false,"chose_seed":false,"is_ascension_mode":false,"campfire_upgraded":1,"win_rate":0.0,"timestamp":1528575542,"campfire_choices":[{"data":"Storm of Steel","floor":6,"key":"SMITH"},{"floor":11,"key":"REST"},{"floor":13,"key":"REST"},{"floor":15,"key":"REST"}],"path_taken":["M","M","?","?","?","R","?","E","T","M","R","M","R","?","R","BOSS"],"build_version":"2018-06-07v3","seed_source_timestamp":529477440100345,"purchased_purges":0,"victory":false,"master_deck":["Defend_G","Defend_G","Defend_G","Defend_G","Defend_G","Strike_G","Strike_G","Strike_G","Strike_G","Strike_G","Survivor","Neutralize","Storm of Steel+1","Backflip","Slice","Finisher","Wraith Form v2","PiercingWail","Regret"],"max_hp_per_floor":[70,70,70,70,70,70,70,70,70,70,70,70,70,70,70,70],"relics":["Ring of the Snake","Pen Nib","Molten Egg 2","Bird Faced Urn"],"card_choices":[{"not_picked":["Tactician","Burst"],"picked":"Storm of Steel","floor":0},{"not_picked":["Dagger Spray","Underhanded Strike"],"picked":"Backflip","floor":1},{"not_picked":["Dagger Throw","Poisoned Stab"],"picked":"Slice","floor":2},{"not_picked":["Bane","Quick Slash"],"picked":"Finisher","floor":3},{"not_picked":["Underhanded Strike","Bane","Deadly Poison"],"picked":"SKIP","floor":5},{"not_picked":["Die Die Die","Storm of Steel"],"picked":"Wraith Form v2","floor":8},{"not_picked":["Outmaneuver","Sucker Punch+1","Backflip"],"picked":"SKIP","floor":10},{"not_picked":["Blur","Malaise"],"picked":"PiercingWail","floor":12}],"player_experience":141037,"potions_floor_usage":[12],"damage_taken":[{"damage":0,"enemies":"Cultist","floor":1,"turns":4},{"damage":0,"enemies":"Jaw Worm","floor":2,"turns":3},{"damage":1,"enemies":"2 Louse","floor":3,"turns":2},{"damage":12,"enemies":"Lots of Slimes","floor":5,"turns":6},{"damage":42,"enemies":"3 Sentries","floor":8,"turns":11},{"damage":0,"enemies":"Large Slime","floor":10,"turns":5},{"damage":0,"enemies":"Red Slaver","floor":12,"turns":1},{"damage":48,"enemies":"The Guardian","floor":16,"turns":11}],"relics_obtained":[{"floor":8,"key":"Pen Nib"},{"floor":9,"key":"Molten Egg 2"}],"event_choices":[{"event_name":"The Cleric","player_choice":"Leave","floor":4,"damage_taken":0},{"event_name":"Golden Shrine","player_choice":"Pray","floor":7,"damage_taken":0},{"event_name":"Big Fish","player_choice":"Box","floor":14,"damage_taken":0}],"boss_relics":[],"items_purged_floors":[],"potions_floor_spawned":[3,8],"seed_played":"2605864664855016289","killed_by":"The Guardian","ascension_level":0,"potions_obtained":[{"floor":3,"key":"Ancient Potion"},{"floor":8,"key":"Poison Potion"}],"is_trial":false}