{"gold_per_floor":[111,111,129,54,69,100,100,100,123,123,94,94,120,120,120,120],"floor_reached":16,"playtime":1060,"items_purged":["Pain"],"score":173,"play_id":"c6783f6e-c920-4b07-95e0-9eb7364c86c7","local_time":"20181216124251","is_ascension_mode":true,"campfire_choices":[{"data":"True Grit","floor":7.0,"key":"SMITH"},{"data":"Shrug It Off","floor":10.0,"key":"SMITH"},{"floor":12.0,"key":"REST"},{"floor":15,"key":"REST"}],"neow_cost":"CURSE","seed_source_timestamp":0,"circlet_count":0,"master_deck":["AscendersBane","Strike_R","Strike_R","Strike_R","Strike_R","Strike_R","Defend_R","Defend_R","Defend_R","Defend_R","Bash","Body Slam+1","Regret","Shrug It Off+1","True Grit+1","Parasite"],"special_seed":0,"relics":["Burning Blood","Ginger","Anchor","Ancient Tea Set","Centennial Puzzle","Juzu Bracelet"],"potions_floor_usage":[],"damage_taken":[{"damage":2.0,"enemies":"Small Slimes","floor":1.0,"turns":3.0},{"damage":15.0,"enemies":"Cultist","floor":3.0,"turns":4.0},{"damage":3.0,"enemies":"2 Louse","floor":5.0,"turns":3.0},{"damage":28.0,"enemies":"Gremlin Nob","floor":6.0,"turns":4.0},{"damage":12.0,"enemies":"Exordium Thugs","floor":11.0,"turns":5.0},{"damage":46,"enemies":"3 Sentries","floor":13,"turns":11},{"damage":72,"enemies":"Slime Boss","floor":16,"turns":13}],"seed_played":"4904663648785082233","potions_obtained":[{"floor":3.0,"key":"Strength Potion"},{"floor":5.0,"key":"Explosive Potion"}],"is_trial":false,"path_per_floor":["M","?","M","$","M","E","R","?","T","R","M","R","E","?","R","B"],"character_chosen":"IRONCLAD","items_purchased":[],"campfire_rested":2,"item_purchase_floors":[],"current_hp_per_floor":[76,76,67,67,70,48,48,48,48,48,42,66,26,46,70,0],"gold":120,"neow_bonus":"ONE_RARE_RELIC","is_prod":false,"is_daily":false,"chose_seed":false,"campfire_upgraded":2,"win_rate":0,"timestamp":1544985771,"path_taken":["M","?","M","$","M","E","R","?","T","R","M","R","E","?","R","BOSS"],"build_version":"2018-12-13","purchased_purges":1,"victory":false,"max_hp_per_floor":[80,80,80,80,80,80,80,80,80,80,80,80,80,80,80,80],"card_choices":[{"not_picked":["Seeing Red","Heavy Blade"],"picked":"Body Slam","floor":1.0},{"not_picked":["Cleave","Dropkick"],"picked":"Shrug It Off","floor":3.0},{"not_picked":["Anger","Second Wind","Clothesline"],"picked":"SKIP","floor":5.0},{"not_picked":["Double Tap","Body Slam"],"picked":"True Grit","floor":6.0},{"not_picked":["Second Wind","Anger","Flame Barrier"],"picked":"SKIP","floor":11.0},{"not_picked":["Sentinel","Clash","Thunderclap"],"picked":"SKIP","floor":13}],"player_experience":449897,"relics_obtained":[{"floor":6.0,"key":"Ancient Tea Set"},{"floor":9.0,"key":"Centennial Puzzle"},{"floor":13,"key":"Juzu Bracelet"}],"event_choices":[{"damage_healed":0.0,"max_hp_gain":0.0,"max_hp_loss":0.0,"gold_gain":0.0,"event_name":"Big Fish","player_choice":"Box","floor":2.0,"gold_loss":0.0,"damage_taken":0.0,"relics_obtained":["Anchor"],"cards_obtained":["Regret"]},{"damage_healed":0.0,"max_hp_gain":0.0,"max_hp_loss":0.0,"gold_gain":0.0,"event_name":"Accursed Blacksmith","player_choice":"Forge","floor":8.0,"gold_loss":0.0,"damage_taken":0.0,"cards_upgraded":["Body Slam"]},{"damage_healed":20,"gold_gain":0,"player_choice":"Healed and dodged fight","damage_taken":0,"max_hp_gain":0,"max_hp_loss":0,"event_name":"Mushrooms","floor":14,"gold_loss":0,"cards_obtained":["Parasite"]}],"is_beta":false,"boss_relics":[],"items_purged_floors":[4],"is_endless":false,"potions_floor_spawned":[3,5],"killed_by":"Slime Boss","ascension_level":12}