{"gold_per_floor":[112,112,127,52,64,64,84,113,158,68,68,87,87,99,99,196,196,207,207,3,18,18,18,28,63,117,137,172,172,190,223,223,223],"floor_reached":33,"playtime":2202,"items_purged":["Strike_R"],"score":459,"play_id":"be9e5c5c-e0c9-4190-848e-3d6e9d18273c","local_time":"20180708102113","is_ascension_mode":true,"campfire_choices":[{"data":"Searing Blow","floor":6,"key":"SMITH"},{"data":"Searing Blow+1","floor":11,"key":"SMITH"},{"data":"Searing Blow+2","floor":13,"key":"SMITH"},{"data":"Searing Blow+3","floor":15,"key":"SMITH"},{"data":"Searing Blow+4","floor":23,"key":"SMITH"},{"data":"Searing Blow+5","floor":29,"key":"SMITH"},{"data":"Searing Blow+6","floor":32,"key":"SMITH"}],"neow_cost":"NONE","seed_source_timestamp":2197643479390988,"circlet_count":0,"master_deck":["Strike_R","Strike_R","Strike_R","Defend_R","Defend_R","Defend_R","Defend_R","Bash","Headbutt","Searing Blow+7","Rampage","Thunderclap","Purity","Armaments","Immolate","Iron Wave","Ghostly","Ghostly","Ghostly","Ghostly","Ghostly"],"relics":["Burning Blood","Odd Mushroom","Potion Belt","Mark of Pain","Enchiridion","Medical Kit","Oddly Smooth Stone","Tiny Chest","Toxic Egg 2","Dream Catcher"],"potions_floor_usage":[1,8,16,16,27,31,33,33,33],"damage_taken":[{"damage":2,"enemies":"Small Slimes","floor":1,"turns":4},{"damage":4,"enemies":"Jaw Worm","floor":3,"turns":6},{"damage":6,"enemies":"Cultist","floor":5,"turns":3},{"damage":0,"enemies":"Large Slime","floor":7,"turns":4},{"damage":9,"floor":8,"turns":4},{"damage":4,"enemies":"Exordium Wildlife","floor":12,"turns":2},{"damage":6,"enemies":"Looter","floor":14,"turns":2},{"damage":61,"enemies":"Hexaghost","floor":16,"turns":7},{"damage":21,"enemies":"3 Byrds","floor":18,"turns":4},{"damage":22,"enemies":"2 Thieves","floor":21,"turns":3},{"damage":3,"enemies":"Snake Plant","floor":24,"turns":5},{"damage":4,"enemies":"Book of Stabbing","floor":25,"turns":6},{"damage":8,"enemies":"Chosen and Byrds","floor":27,"turns":4},{"damage":6,"enemies":"Gremlin Leader","floor":28,"turns":7},{"damage":1,"enemies":"Centurion and Healer","floor":30,"turns":3},{"damage":12,"enemies":"Book of Stabbing","floor":31,"turns":5},{"damage":42,"enemies":"Champ","floor":33,"turns":9}],"seed_played":"2413473850861016087","potions_obtained":[{"floor":5,"key":"FearPotion"},{"floor":8,"key":"FearPotion"},{"floor":12,"key":"SteroidPotion"},{"floor":25,"key":"Fire Potion"},{"floor":27,"key":"LiquidBronze"},{"floor":31,"key":"FearPotion"}],"is_trial":false,"path_per_floor":["M","?","M","$","M","R","M","?","T","$","R","M","R","M","R","B",null,"M","?","$","M","?","R","M","E","T","M","E","R","M","E","R"],"character_chosen":"IRONCLAD","items_purchased":["Purity","Medical Kit"],"campfire_rested":0,"item_purchase_floors":[10,20],"current_hp_per_floor":[85,78,80,80,80,80,85,82,82,82,82,84,84,84,84,29,71,56,40,40,24,24,24,27,29,29,27,27,27,32,26,26,0],"gold":223,"neow_bonus":"THREE_SMALL_POTIONS","is_prod":false,"is_daily":false,"chose_seed":false,"campfire_upgraded":7,"win_rate":0,"timestamp":1531063273,"path_taken":["M","?","M","$","M","R","M","?","T","?","R","M","R","M","R","BOSS","M","?","$","M","?","R","?","E","T","M","E","R","M","E","R","BOSS"],"build_version":"2018-07-05","purchased_purges":1,"victory":false,"max_hp_per_floor":[85,85,85,85,85,85,85,85,85,85,85,85,85,85,85,85,85,85,85,85,85,42,42,42,42,42,42,42,42,42,42,42,42],"card_choices":[{"not_picked":["Twin Strike","Sword Boomerang"],"picked":"Headbutt","floor":1},{"not_picked":["Sword Boomerang","Cleave"],"picked":"Searing Blow","floor":3},{"not_picked":["Berserk","Dropkick","Rage"],"picked":"SKIP","floor":5},{"not_picked":["Wild Strike","Second Wind"],"picked":"Rampage","floor":7},{"not_picked":["Havoc","Body Slam"],"picked":"Thunderclap","floor":8},{"not_picked":["Corruption","Headbutt","Bloodletting"],"picked":"SKIP","floor":12},{"not_picked":["Combust","Bludgeon"],"picked":"Armaments","floor":14},{"not_picked":["Berserk","Dark Embrace"],"picked":"Immolate","floor":16},{"not_picked":["Combust","Wild Strike","Sword Boomerang"],"picked":"SKIP","floor":18},{"not_picked":["Entrench","Perfected Strike+1"],"picked":"Iron Wave","floor":21},{"not_picked":["Sentinel","Combust+1","Heavy Blade"],"picked":"SKIP","floor":24},{"not_picked":["Corruption+1","Immolate","Wild Strike+1"],"picked":"SKIP","floor":25},{"not_picked":["Armaments","Corruption","Twin Strike"],"picked":"SKIP","floor":27},{"not_picked":["Blood for Blood","Rupture+1","Flame Barrier"],"picked":"SKIP","floor":28},{"not_picked":["Headbutt","Body Slam","Bloodletting+1"],"picked":"SKIP","floor":30},{"not_picked":["Perfected Strike","Second Wind+1","Flex+1"],"picked":"SKIP","floor":31}],"player_experience":268402,"relics_obtained":[{"floor":8,"key":"Odd Mushroom"},{"floor":9,"key":"Potion Belt"},{"floor":19,"key":"Enchiridion"},{"floor":25,"key":"Oddly Smooth Stone"},{"floor":26,"key":"Tiny Chest"},{"floor":28,"key":"Toxic Egg 2"},{"floor":31,"key":"Dream Catcher"}],"event_choices":[{"event_name":"Golden Wing","player_choice":"Card Removal","floor":2,"damage_taken":0},{"event_name":"Mushrooms","player_choice":"Fought Mushrooms","floor":8,"damage_taken":0},{"event_name":"Cursed Tome","player_choice":"Obtained Book","floor":19,"damage_taken":0},{"event_name":"Ghosts","player_choice":"Became a Ghost","floor":22,"damage_taken":0}],"boss_relics":[{"not_picked":["Runic Pyramid","Lizard Tail"],"picked":"Mark of Pain"}],"items_purged_floors":[4],"is_endless":false,"potions_floor_spawned":[5,8,12,25,27,31],"killed_by":"Champ","ascension_level":5}