{"path_per_floor":["M","?","$","?","?","R","E","M","T","R","M","M","R","$","R","B",null,"M","$","M","T","?","R","E","M","T","M","M","$","M","?","R","B",null,"M","M","?","M","T","R"],"character_chosen":"DEFECT","items_purchased":["DataDisk"],"gold_per_floor":[113,113,38,38,38,38,74,93,123,123,143,168,168,68,68,189,189,208,83,101,101,101,101,141,161,161,181,206,54,75,0,0,120,120,143,167,167,188,233,233,233],"floor_reached":41,"campfire_rested":5,"playtime":3687,"item_purchase_floors":[],"current_hp_per_floor":[73,73,73,55,37,59,32,32,32,54,47,39,39,39,61,18,75,75,75,57,57,75,75,52,45,45,20,14,14,10,10,32,22,75,55,44,44,31,31,53,0],"items_purged":["Strike_B","Strike_B","Strike_B"],"gold":233,"score":432,"play_id":"6df73041-1add-407b-a42e-cda4591ad6ea","local_time":"20180622191154","is_prod":false,"is_daily":false,"chose_seed":false,"is_ascension_mode":true,"campfire_upgraded":2,"win_rate":0,"timestamp":1529712714,"campfire_choices":[{"floor":6.0,"key":"REST"},{"floor":10.0,"key":"REST"},{"data":"Fusion","floor":13.0,"key":"SMITH"},{"floor":15.0,"key":"REST"},{"data":"Barrage","floor":23.0,"key":"SMITH"},{"floor":32.0,"key":"REST"},{"floor":40,"key":"REST"}],"path_taken":["M","?","$","?","?","R","E","M","T","R","M","M","R","?","R","BOSS","M","$","?","?","?","R","E","M","T","?","?","?","M","?","R","BOSS","M","M","?","M","?","R","E"],"build_version":"2018-06-21","seed_source_timestamp":0,"purchased_purges":3,"circlet_count":0,"victory":false,"master_deck":["Defend_B","Defend_B","Defend_B","Defend_B","Zap","Dualcast","Cold Snap","Cold Snap","Multi-Cast","Barrage+1","Fusion+1","Ball Lightning","Electrodynamics","Cold Snap+1","Self Repair","Darkness","Defragment","Doom and Gloom+1","Creative AI","White Noise+1","Chill+1"],"max_hp_per_floor":[75,75,75,75,75,75,75,75,75,75,75,75,75,75,75,75,75,75,75,75,75,75,75,75,75,75,75,75,75,75,75,75,75,75,75,75,75,75,75,75,75],"special_seed":0,"relics":["Inserter","Dream Catcher","Golden Idol","Oddly Smooth Stone","Tiny Chest","Sozu","Question Card","Potion Belt","Letter Opener","DataDisk","Runic Dome","Ancient Tea Set"],"card_choices":[{"not_picked":["Force Field","Leap"],"picked":"Cold Snap","floor":1.0},{"not_picked":["Beam Cell","Coolheaded"],"picked":"Cold Snap","floor":6.0},{"not_picked":["Aggregate","Static Discharge"],"picked":"Multi-Cast","floor":7.0},{"not_picked":["Steam","Cold Snap"],"picked":"Barrage","floor":8.0},{"not_picked":["Streamline","Scrape"],"picked":"Fusion","floor":10.0},{"not_picked":["Sweeping Beam","Go for the Eyes"],"picked":"Ball Lightning","floor":11.0},{"not_picked":["Coolheaded","Gash","Reinforced Body"],"picked":"SKIP","floor":12.0},{"not_picked":["Fission","Reboot"],"picked":"Electrodynamics","floor":16.0},{"not_picked":["Sweeping Beam","Stack"],"picked":"Cold Snap+1","floor":18.0},{"not_picked":["Leap","Loop"],"picked":"Self Repair","floor":20.0},{"not_picked":["Hello World","Streamline","Chaos"],"picked":"Darkness","floor":24.0},{"not_picked":["Steam","Rebound+1","Buffer"],"picked":"Defragment","floor":25.0},{"not_picked":["Beam Cell","Go for the Eyes","Sweeping Beam","Gash"],"picked":"SKIP","floor":27.0},{"not_picked":["Storm","Consume","Hologram"],"picked":"Doom and Gloom+1","floor":28.0},{"not_picked":["Conserve Battery","Hologram","Skim","Storm"],"picked":"SKIP","floor":30.0},{"not_picked":["Biased Cognition","Echo Form","Thunder Strike"],"picked":"Creative AI","floor":33.0},{"not_picked":["Reinforced Body","Chill","Streamline"],"picked":"White Noise+1","floor":35},{"not_picked":["Sweeping Beam+1","Loop","Ball Lightning","Go for the Eyes+1"],"picked":"SKIP","floor":36},{"not_picked":["Coolheaded+1","Double Energy","Leap"],"picked":"Chill+1","floor":38}],"player_experience":210383,"potions_floor_usage":[],"damage_taken":[{"damage":2.0,"enemies":"2 Louse","floor":1.0,"turns":3.0},{"damage":27.0,"enemies":"Gremlin Nob","floor":7.0,"turns":6.0},{"damage":0.0,"enemies":"Cultist","floor":8.0,"turns":5.0},{"damage":7.0,"enemies":"Jaw Worm","floor":11.0,"turns":4.0},{"damage":8.0,"enemies":"Blue Slaver","floor":12.0,"turns":4.0},{"damage":43.0,"enemies":"The Guardian","floor":16.0,"turns":14.0},{"damage":0.0,"enemies":"Spheric Guardian","floor":18.0,"turns":3.0},{"damage":18.0,"enemies":"Chosen","floor":20.0,"turns":5.0},{"damage":30.0,"enemies":"Slavers","floor":24.0,"turns":6.0},{"damage":14.0,"enemies":"Snecko","floor":25.0,"turns":5.0},{"damage":32.0,"enemies":"Slaver and Parasite","floor":27.0,"turns":6.0},{"damage":13.0,"enemies":"Cultist and Chosen","floor":28.0,"turns":6.0},{"damage":11.0,"enemies":"Sentry and Sphere","floor":30.0,"turns":4.0},{"damage":17.0,"enemies":"Automaton","floor":33.0,"turns":6.0},{"damage":27,"enemies":"3 Darklings","floor":35,"turns":3},{"damage":18,"enemies":"Orb Walker","floor":36,"turns":4},{"damage":20,"enemies":"Sphere and 2 Shapes","floor":38,"turns":4},{"damage":64,"enemies":"Giant Head","floor":41,"turns":8}],"relics_obtained":[{"floor":7.0,"key":"Oddly Smooth Stone"},{"floor":9.0,"key":"Tiny Chest"},{"floor":21.0,"key":"Question Card"},{"floor":24.0,"key":"Potion Belt"},{"floor":26.0,"key":"Letter Opener"},{"floor":39,"key":"Ancient Tea Set"}],"event_choices":[{"event_name":"Bonfire Elementals","player_choice":"BASIC","floor":2.0,"damage_taken":0.0},{"event_name":"Scrap Ooze","player_choice":"success","floor":4.0,"damage_taken":18.0},{"event_name":"Golden Idol","player_choice":"Take Damage","floor":5.0,"damage_taken":0.0},{"event_name":"The Library","player_choice":"Heal","floor":22.0,"damage_taken":0.0},{"event_name":"Masked Bandits","player_choice":"Paid Bandits 75 gold","floor":31.0,"damage_taken":0.0},{"event_name":"Tomb of Lord Red Mask","player_choice":"Ignored","floor":37,"damage_taken":0}],"boss_relics":[{"not_picked":["Philosopher\u0027s Stone","Ectoplasm"],"picked":"Sozu"},{"not_picked":["Calling Bell","Tiny House"],"picked":"Runic Dome"}],"items_purged_floors":[],"is_endless":false,"potions_floor_spawned":[1,11,18,24,28,35],"seed_played":"-7864236237881658331","killed_by":"Giant Head","ascension_level":1,"potions_obtained":[{"floor":1.0,"key":"Swift Potion"},{"floor":11.0,"key":"EntropicBrew"}],"is_trial":false}