{"path_per_floor":["M","M","?","$","M","R","?","R","T","E","$","R","M","M","R","B",null,"M","?","?","?","M","R","M","R","T","T","R","M","$","M","R"],"character_chosen":"DEFECT","items_purchased":["War Paint"],"gold_per_floor":[116,126,76,1,17,17,92,92,92,421,172,172,192,202,202,300,300,315,315,348,348,366,366,377,377,377,377,377,392,267,278,278,278],"floor_reached":33,"campfire_rested":4,"playtime":2171,"item_purchase_floors":[11],"current_hp_per_floor":[70,70,70,70,70,70,59,59,59,19,19,41,39,39,61,51,75,67,53,38,38,29,53,53,53,53,53,53,53,53,53,77,0],"items_purged":["Strike_B","Strike_B","Defend_B"],"gold":278,"score":257,"play_id":"6ecf893b-cd91-43e7-a5ab-6da58a7aada1","local_time":"20180615003418","is_prod":false,"is_daily":false,"chose_seed":false,"is_ascension_mode":true,"campfire_upgraded":4,"win_rate":0,"timestamp":1529040858,"campfire_choices":[{"data":"Zap","floor":6,"key":"SMITH"},{"data":"Gash","floor":8,"key":"SMITH"},{"floor":12,"key":"REST"},{"floor":15,"key":"REST"},{"floor":23,"key":"REST"},{"data":"Gash","floor":25,"key":"SMITH"},{"data":"Reboot","floor":28,"key":"SMITH"},{"floor":32,"key":"REST"}],"path_taken":["M","M","?","$","M","R","?","R","T","E","$","R","M","M","R","BOSS","M","?","?","?","M","R","M","R","T","?","R","M","$","M","R","BOSS"],"build_version":"2018-06-14","seed_source_timestamp":175188660012239,"purchased_purges":3,"victory":false,"master_deck":["Defend_B","Defend_B","Defend_B+1","Zap+1","Dualcast","Gash+1","Turbo","Reinforced Body+1","Core Surge","Gash+1","Reboot+1"],"max_hp_per_floor":[75,75,75,75,75,75,75,75,75,75,75,75,75,75,75,75,75,75,80,80,80,80,80,80,80,80,80,80,80,80,80,80,80],"relics":["Cracked Core","Kunai","Old Coin","War Paint","Runic Dome","Red Mask","Mercury Hourglass","Centennial Puzzle"],"card_choices":[{"not_picked":["Undo","Go for the Eyes"],"picked":"Gash","floor":1},{"not_picked":["Coolheaded","Ball Lightning"],"picked":"Turbo","floor":2},{"not_picked":["Stack","Storm"],"picked":"Reinforced Body","floor":5},{"not_picked":["Beam Cell","Coolheaded","Compile Driver"],"picked":"SKIP","floor":10},{"not_picked":["Go for the Eyes","Loop"],"picked":"Core Surge","floor":13},{"not_picked":["Hologram","Redo"],"picked":"Gash","floor":14},{"not_picked":["Hyperbeam","Thunder Strike"],"picked":"Reboot","floor":16},{"not_picked":["Sweeping Beam","Redo","Recycle"],"picked":"SKIP","floor":18},{"not_picked":["FTL","Conserve Battery","Aggregate+1"],"picked":"SKIP","floor":22},{"not_picked":["Sunder","Cold Snap","Amplify"],"picked":"SKIP","floor":24},{"not_picked":["Conserve Battery+1","Beam Cell","Go for the Eyes+1"],"picked":"SKIP","floor":29},{"not_picked":["Leap","Melter","Chill+1"],"picked":"SKIP","floor":31}],"player_experience":173833,"potions_floor_usage":[16,29,33,33,33],"damage_taken":[{"damage":5,"enemies":"Jaw Worm","floor":1,"turns":4},{"damage":0,"enemies":"Small Slimes","floor":2,"turns":3},{"damage":0,"enemies":"2 Louse","floor":5,"turns":3},{"damage":40,"enemies":"Gremlin Nob","floor":10,"turns":5},{"damage":2,"enemies":"Blue Slaver","floor":13,"turns":3},{"damage":0,"enemies":"Looter","floor":14,"turns":3},{"damage":10,"enemies":"Slime Boss","floor":16,"turns":11},{"damage":8,"enemies":"Chosen","floor":18,"turns":5},{"damage":15,"floor":20,"turns":7},{"damage":9,"enemies":"Shell Parasite","floor":22,"turns":6},{"damage":0,"enemies":"Snake Plant","floor":24,"turns":5},{"damage":0,"enemies":"Snecko","floor":29,"turns":3},{"damage":0,"enemies":"Chosen and Byrds","floor":31,"turns":4},{"damage":77,"enemies":"Automaton","floor":33,"turns":10}],"relics_obtained":[{"floor":9,"key":"Kunai"},{"floor":10,"key":"Old Coin"},{"floor":20,"key":"Red Mask"},{"floor":26,"key":"Mercury Hourglass"},{"floor":27,"key":"Centennial Puzzle"}],"event_choices":[{"event_name":"The Cleric","player_choice":"Card Removal","floor":3,"damage_taken":0},{"event_name":"World of Goop","player_choice":"Gather Gold","floor":7,"damage_taken":0},{"event_name":"Forgotten Altar","player_choice":"Shed Blood","floor":19,"damage_taken":0},{"event_name":"Masked Bandits","player_choice":"Fought over 315 gold","floor":20,"damage_taken":0},{"event_name":"Drug Dealer","player_choice":"Ignored","floor":21,"damage_taken":0}],"boss_relics":[{"not_picked":["Philosopher\u0027s Stone","Snecko Eye"],"picked":"Runic Dome"}],"items_purged_floors":[4,11,30],"is_endless":false,"potions_floor_spawned":[1,13,16,20,22,31],"seed_played":"3869145214209198653","killed_by":"Automaton","ascension_level":1,"potions_obtained":[{"floor":1,"key":"FocusPotion"},{"floor":13,"key":"Block Potion"},{"floor":16,"key":"PowerPotion"},{"floor":20,"key":"Strength Potion"},{"floor":22,"key":"Fire Potion"},{"floor":31,"key":"SkillPotion"}],"is_trial":false}