{"gold_per_floor":[210,14,14,14,14,14,44,44,69,98,115,115,115,128,128,225,225,245,245,245,48,58,58,85,85,133,156,195,240,36,50,50,145,145,160,32,32,132,132,164,67,82,128,128,60,60,91,103,103,103],"floor_reached":50,"playtime":2295,"items_purged":["Regret"],"score":674,"play_id":"d966eca4-e69d-4c51-b55a-9dd61c8ab8d8","local_time":"20190213113752","is_ascension_mode":true,"campfire_choices":[{"data":"Terror","floor":6.0,"key":"SMITH"},{"floor":8.0,"key":"REST"},{"floor":12.0,"key":"REST"},{"data":"Bouncing Flask","floor":15.0,"key":"SMITH"},{"floor":23.0,"key":"REST"},{"floor":25.0,"key":"REST"},{"floor":32.0,"key":"REST"},{"floor":44.0,"key":"REST"},{"floor":46.0,"key":"REST"},{"floor":49.0,"key":"REST"}],"neow_cost":"NONE","seed_source_timestamp":46045230946826,"circlet_count":0,"master_deck":["Defend_G+1","Defend_G+1","Defend_G+1","Defend_G+1","Defend_G+1","Strike_G+1","Strike_G+1","Strike_G+1","Strike_G+1","Strike_G+1","Survivor","Neutralize","Terror+1","Bouncing Flask+1","Envenom+1","Flying Knee","A Thousand Cuts","Blade Dance","Adrenaline","Neutralize","Infinite Blades","PiercingWail","Backstab","Bouncing Flask","Apotheosis","Cloak And Dagger","Catalyst","Adrenaline","Infinite Blades","Cloak And Dagger","Footwork","Madness","Madness","Cloak And Dagger+1","Backstab","Noxious Fumes","Slice","Accuracy","PiercingWail"],"special_seed":0,"relics":["Ring of the Snake","Toolbox","Blue Candle","PreservedInsect","Pen Nib","Boot","WristBlade","Ginger","MawBank","Happy Flower","Kunai","Runic Pyramid","Calipers","Smiling Mask","Bronze Scales","Bottled Flame"],"potions_floor_usage":[],"damage_taken":[{"damage":0.0,"enemies":"2 Louse","floor":1.0,"turns":3.0},{"damage":38.0,"enemies":"3 Sentries","floor":7.0,"turns":16.0},{"damage":1.0,"enemies":"Gremlin Nob","floor":10.0,"turns":2.0},{"damage":1.0,"enemies":"Small Slimes","floor":11.0,"turns":3.0},{"damage":0.0,"enemies":"Cultist","floor":14.0,"turns":2.0},{"damage":20.0,"enemies":"The Guardian","floor":16.0,"turns":8.0},{"damage":26.0,"enemies":"Spheric Guardian","floor":18.0,"turns":5.0},{"damage":27.0,"enemies":"3 Byrds","floor":22.0,"turns":4.0},{"damage":0.0,"enemies":"Gremlin Leader","floor":24.0,"turns":4.0},{"damage":22.0,"enemies":"Centurion and Healer","floor":27.0,"turns":4.0},{"damage":7.0,"enemies":"Book of Stabbing","floor":29.0,"turns":5.0},{"damage":4.0,"enemies":"Cultist and Chosen","floor":31.0,"turns":5.0},{"damage":36.0,"enemies":"Automaton","floor":33.0,"turns":8.0},{"damage":20.0,"enemies":"3 Darklings","floor":35.0,"turns":4.0},{"damage":0.0,"enemies":"Mind Bloom Boss Battle","floor":38.0,"turns":6.0},{"damage":15.0,"enemies":"Giant Head","floor":40.0,"turns":7.0},{"damage":0.0,"enemies":"3 Shapes","floor":42.0,"turns":3.0},{"damage":26.0,"enemies":"Reptomancer","floor":47.0,"turns":4.0},{"damage":7.0,"enemies":"Spire Growth","floor":48.0,"turns":4.0},{"damage":8,"enemies":"Time Eater","floor":50,"turns":2}],"seed_played":"-8150071514034499890","potions_obtained":[{"floor":1.0,"key":"EssenceOfSteel"},{"floor":4.0,"key":"SkillPotion"},{"floor":4.0,"key":"Swift Potion"},{"floor":29.0,"key":"Regen Potion"},{"floor":31.0,"key":"SpeedPotion"},{"floor":40.0,"key":"FearPotion"},{"floor":42.0,"key":"GamblersBrew"},{"floor":48.0,"key":"Fire Potion"}],"is_trial":false,"path_per_floor":["M","$","?","?","$","R","E","R","T","E","M","R","?","M","R","B",null,"M","?","?","$","M","R","E","R","T","M","T","E","$","M","R","B",null,"M","$","?","?","?","E","$","M","T","R","$","R","E","M","R","B"],"character_chosen":"THE_SILENT","items_purchased":["Toolbox","Infinite Blades","PiercingWail","Apotheosis","Cloak And Dagger","Cloak And Dagger","Footwork","Noxious Fumes","Slice","Accuracy"],"campfire_rested":8,"item_purchase_floors":[2,21,21,30,30,36,36,41,41,45],"current_hp_per_floor":[70,70,70,70,70,70,32,53,53,52,51,70,70,70,70,50,70,44,44,44,44,17,38,38,59,59,37,37,30,30,26,47,23,70,50,50,41,41,41,26,26,26,26,47,47,68,42,35,56,48],"gold":103,"neow_bonus":"HUNDRED_GOLD","is_prod":false,"is_daily":false,"chose_seed":false,"campfire_upgraded":2,"win_rate":0,"timestamp":1550047072,"path_taken":["M","$","?","?","$","R","E","R","T","E","?","R","?","M","R","BOSS","M","?","?","$","?","R","E","R","T","M","?","E","?","M","R","BOSS","M","$","?","?","?","E","$","M","T","R","$","R","E","M","R","BOSS"],"build_version":"2019-01-23","purchased_purges":1,"victory":false,"max_hp_per_floor":[70,70,70,70,70,70,70,70,70,70,70,70,70,70,70,70,70,70,70,70,70,70,70,70,70,70,70,70,70,70,70,70,70,70,70,70,70,70,70,70,70,70,70,70,70,70,70,70,70,70],"card_choices":[{"not_picked":["Deflect","Flechettes"],"picked":"Terror","floor":1.0},{"not_picked":["Poisoned Stab","Grand Finale"],"picked":"Bouncing Flask","floor":7.0},{"not_picked":["Concentrate","Sucker Punch"],"picked":"Envenom","floor":10.0},{"not_picked":["Dagger Throw","Dash","Tactician"],"picked":"SKIP","floor":11.0},{"not_picked":["Choke","Quick Slash"],"picked":"Flying Knee","floor":14.0},{"not_picked":["Glass Knife","Corpse Explosion"],"picked":"A Thousand Cuts","floor":16.0},{"not_picked":["Flechettes+1","Prepared+1"],"picked":"Blade Dance","floor":18.0},{"not_picked":["Quick Slash","Acrobatics+1"],"picked":"Backstab","floor":22.0},{"not_picked":["Concentrate","Poisoned Stab+1","Backflip"],"picked":"SKIP","floor":24.0},{"not_picked":["Eviscerate","Dagger Throw","Bane"],"picked":"SKIP","floor":27.0},{"not_picked":["Acrobatics","Doppelganger"],"picked":"Bouncing Flask","floor":29.0},{"not_picked":["Dagger Spray","Expertise"],"picked":"Catalyst","floor":31.0},{"not_picked":["Glass Knife","Doppelganger"],"picked":"Adrenaline","floor":33.0},{"not_picked":["Caltrops","Sucker Punch"],"picked":"Infinite Blades","floor":35.0},{"not_picked":["Underhanded Strike","Dagger Spray+1"],"picked":"Cloak And Dagger+1","floor":38.0},{"not_picked":["Unload","Grand Finale"],"picked":"Backstab","floor":40.0},{"not_picked":["Dagger Spray","Deflect","Bane+1"],"picked":"SKIP","floor":42.0},{"not_picked":["Riddle With Holes+1","Infinite Blades","Prepared"],"picked":"SKIP","floor":47.0},{"not_picked":["Dagger Throw+1","Deflect+1"],"picked":"PiercingWail","floor":48.0}],"player_experience":375357,"relics_obtained":[{"floor":7.0,"key":"PreservedInsect"},{"floor":9.0,"key":"Pen Nib"},{"floor":10.0,"key":"Boot"},{"floor":24.0,"key":"Ginger"},{"floor":26.0,"key":"MawBank"},{"floor":28.0,"key":"Happy Flower"},{"floor":29.0,"key":"Kunai"},{"floor":38.0,"key":"Calipers"},{"floor":40.0,"key":"Smiling Mask"},{"floor":43.0,"key":"Bronze Scales"},{"floor":47.0,"key":"Bottled Flame"}],"event_choices":[{"damage_healed":0.0,"max_hp_gain":0.0,"max_hp_loss":0.0,"gold_gain":0.0,"event_name":"Big Fish","player_choice":"Box","floor":3.0,"gold_loss":0.0,"damage_taken":0.0,"relics_obtained":["Blue Candle"],"cards_obtained":["Regret"]},{"damage_healed":0.0,"max_hp_gain":0.0,"max_hp_loss":0.0,"gold_gain":0.0,"event_name":"Lab","player_choice":"Got Potions","floor":4.0,"gold_loss":0.0,"damage_taken":0.0},{"damage_healed":0.0,"max_hp_gain":0.0,"max_hp_loss":0.0,"gold_gain":0.0,"event_name":"Living Wall","player_choice":"Grow","floor":13.0,"gold_loss":0.0,"damage_taken":0.0,"cards_upgraded":["Envenom"]},{"damage_healed":0.0,"max_hp_gain":0.0,"max_hp_loss":0.0,"gold_gain":0.0,"event_name":"Back to Basics","player_choice":"Simplicity","floor":19.0,"gold_loss":0.0,"damage_taken":0.0,"cards_upgraded":["Defend_G","Defend_G","Defend_G","Defend_G","Defend_G","Strike_G","Strike_G","Strike_G","Strike_G","Strike_G"]},{"damage_healed":0.0,"max_hp_gain":0.0,"max_hp_loss":0.0,"gold_gain":0.0,"event_name":"Match and Keep!","player_choice":"2 cards matched","floor":20.0,"gold_loss":0.0,"damage_taken":0.0,"cards_obtained":["Adrenaline","Neutralize"]},{"damage_healed":0.0,"max_hp_gain":0.0,"max_hp_loss":0.0,"gold_gain":0.0,"event_name":"Winding Halls","player_choice":"Embrace Madness","floor":37.0,"gold_loss":0.0,"damage_taken":9.0,"cards_obtained":["Madness","Madness"]},{"damage_healed":0.0,"max_hp_gain":0.0,"max_hp_loss":0.0,"gold_gain":0.0,"event_name":"MindBloom","player_choice":"Fight","floor":38.0,"gold_loss":0.0,"damage_taken":0.0},{"damage_healed":0.0,"max_hp_gain":0.0,"max_hp_loss":0.0,"gold_gain":0.0,"event_name":"Mysterious Sphere","player_choice":"Ignored","floor":39.0,"gold_loss":0.0,"damage_taken":0.0}],"is_beta":false,"boss_relics":[{"not_picked":["Sozu","Ectoplasm"],"picked":"WristBlade"},{"not_picked":["Coffee Dripper","Snecko Eye"],"picked":"Runic Pyramid"}],"items_purged_floors":[21],"is_endless":false,"potions_floor_spawned":[1,10,14,18,22,29,31,40,42,48],"killed_by":"Time Eater","ascension_level":2}