{"gold_per_floor":[109,89,104,104,117,117,146,146,146,172,183,193,158,183,183,261,261,272,272,272,187,34,34,44,44,44,44],"floor_reached":27,"playtime":2290,"items_purged":["Writhe"],"score":372,"play_id":"511c5f71-5c3d-481d-b0f3-1ef6f5ba1d93","local_time":"20190216181508","is_ascension_mode":true,"campfire_choices":[{"data":"Malaise","floor":6,"key":"SMITH"},{"data":"Envenom","floor":8,"key":"SMITH"},{"floor":15,"key":"REST"},{"data":"Calculated Gamble","floor":23,"key":"SMITH"},{"floor":25,"key":"REST"}],"neow_cost":"NONE","seed_source_timestamp":431523664248000,"circlet_count":0,"master_deck":["AscendersBane","Defend_G","Defend_G","Defend_G","Defend_G","Defend_G","Strike_G","Strike_G","Strike_G","Strike_G","Strike_G","Survivor","Neutralize+1","Slice","Malaise+1","Envenom+1","Poisoned Stab","Blur","After Image+1","Calculated Gamble+1","Footwork+1","Catalyst","Regret"],"relics":["Ring of the Snake","Ornamental Fan","Frozen Egg 2","Bag of Marbles","Odd Mushroom","Cursed Key","Matryoshka","Dodecahedron","Orichalcum","Question Card"],"potions_floor_usage":[10,11,12,18],"damage_taken":[{"damage":4,"enemies":"Jaw Worm","floor":1,"turns":4},{"damage":0,"enemies":"Cultist","floor":3,"turns":5},{"damage":4,"enemies":"2 Louse","floor":5,"turns":4},{"damage":35,"enemies":"3 Sentries","floor":7,"turns":16},{"damage":10,"enemies":"Lagavulin","floor":10,"turns":9},{"damage":0,"enemies":"Gremlin Gang","floor":11,"turns":1},{"damage":8,"enemies":"Large Slime","floor":12,"turns":6},{"damage":19,"enemies":"The Mushroom Lair","floor":14,"turns":6},{"damage":4,"enemies":"Hexaghost","floor":16,"turns":12},{"damage":8,"enemies":"Spheric Guardian","floor":18,"turns":12},{"damage":2,"enemies":"3 Byrds","floor":24,"turns":7},{"damage":74,"enemies":"Slavers","floor":27,"turns":5}],"seed_played":"11511122995860021","potions_obtained":[{"floor":2,"key":"Ancient Potion"},{"floor":10,"key":"AttackPotion"},{"floor":11,"key":"Energy Potion"},{"floor":16,"key":"Dexterity Potion"}],"is_trial":false,"path_per_floor":["M","?","M","?","M","R","E","R","T","E","M","M","?","?","R","B",null,"M","?","?","?","$","R","M","R","T","E"],"character_chosen":"THE_SILENT","items_purchased":["Footwork+1"],"campfire_rested":2,"item_purchase_floors":[22],"current_hp_per_floor":[55,55,55,66,62,62,27,27,27,17,17,9,25,6,25,21,55,47,47,47,47,47,47,45,64,64,0],"gold":44,"neow_bonus":"UPGRADE_CARD","is_prod":false,"is_daily":false,"chose_seed":false,"campfire_upgraded":3,"win_rate":0,"timestamp":1550366108,"path_taken":["M","?","?","?","M","R","E","R","T","E","M","?","?","?","R","BOSS","M","?","?","?","?","R","M","R","T","E"],"build_version":"2019-01-23","purchased_purges":1,"victory":false,"max_hp_per_floor":[66,66,66,66,66,66,66,66,66,66,66,66,66,66,66,66,66,66,66,66,66,66,66,66,66,66,66],"card_choices":[{"not_picked":["Dodge and Roll","Backflip","Acrobatics"],"picked":"SKIP","floor":1},{"not_picked":["PiercingWail","Outmaneuver"],"picked":"Slice","floor":3},{"not_picked":["Blade Dance","Backflip"],"picked":"Malaise","floor":5},{"not_picked":["Crippling Poison","Bane"],"picked":"Envenom","floor":7},{"not_picked":["PiercingWail","Storm of Steel"],"picked":"Poisoned Stab","floor":10},{"not_picked":["Outmaneuver","Underhanded Strike"],"picked":"Blur","floor":11},{"not_picked":["Slice","Prepared","Dodge and Roll"],"picked":"SKIP","floor":12},{"not_picked":["Die Die Die","Tools of the Trade+1"],"picked":"After Image+1","floor":16},{"not_picked":["Acrobatics","Blade Dance"],"picked":"Calculated Gamble","floor":18},{"not_picked":["Quick Slash","Escape Plan"],"picked":"Catalyst","floor":24}],"player_experience":947132,"relics_obtained":[{"floor":7,"key":"Ornamental Fan"},{"floor":9,"key":"Frozen Egg 2"},{"floor":10,"key":"Bag of Marbles"},{"floor":14,"key":"Odd Mushroom"},{"floor":26,"key":"Orichalcum"},{"floor":26,"key":"Question Card"}],"event_choices":[{"damage_healed":0,"gold_gain":0,"player_choice":"Bought 1 Potion","damage_taken":0,"max_hp_gain":0,"max_hp_loss":0,"event_name":"The Woman in Blue","floor":2,"gold_loss":0},{"damage_healed":11,"gold_gain":0,"player_choice":"Full Heal","damage_taken":0,"max_hp_gain":0,"max_hp_loss":0,"event_name":"Wheel of Change","floor":4,"gold_loss":0},{"damage_healed":16,"gold_gain":0,"player_choice":"Healed","damage_taken":0,"max_hp_gain":0,"max_hp_loss":0,"event_name":"The Cleric","floor":13,"gold_loss":35},{"damage_healed":0,"gold_gain":0,"player_choice":"Fought Mushrooms","damage_taken":0,"max_hp_gain":0,"max_hp_loss":0,"event_name":"Mushrooms","floor":14,"gold_loss":0},{"damage_healed":0,"gold_gain":0,"player_choice":"Ignored","damage_taken":0,"max_hp_gain":0,"max_hp_loss":0,"event_name":"Vampires","floor":19,"gold_loss":0},{"damage_healed":0,"gold_gain":0,"player_choice":"Opened","damage_taken":0,"relics_obtained":["Matryoshka"],"max_hp_gain":0,"max_hp_loss":0,"event_name":"The Mausoleum","floor":20,"gold_loss":0,"cards_obtained":["Writhe"]},{"damage_healed":0,"gold_gain":0,"player_choice":"Obtained Relic","damage_taken":0,"relics_obtained":["Dodecahedron"],"max_hp_gain":0,"max_hp_loss":0,"event_name":"Addict","floor":21,"gold_loss":85}],"is_beta":false,"boss_relics":[{"not_picked":["Coffee Dripper","Snecko Eye"],"picked":"Cursed Key"}],"items_purged_floors":[22],"is_endless":false,"potions_floor_spawned":[10,11,16],"killed_by":"Slavers","ascension_level":14}