{"gold_per_floor":[119,294,5,5,21,52,68,86,86,99,99,125,125,159,159,263,263,274,285,295,295,9,38,53,81,81,81,41,51,51,51,51,146,146,161,261,261,261,148,178,178,29,29,49,82,82,107,120,120,120],"floor_reached":51,"playtime":8074,"items_purged":["Doubt","Strike_G+1","Strike_G+1"],"score":1352,"play_id":"bbf5b1cd-f989-496e-b748-6008a8851951","local_time":"20190217011359","is_ascension_mode":true,"campfire_choices":[{"data":"Catalyst","floor":11.0,"key":"SMITH"},{"data":"Dodge and Roll","floor":13.0,"key":"SMITH"},{"data":"Tools of the Trade","floor":15.0,"key":"SMITH"},{"data":"RitualDagger","floor":27,"key":"SMITH"},{"data":"Footwork","floor":30,"key":"SMITH"},{"data":"Noxious Fumes","floor":32,"key":"SMITH"},{"data":"A Thousand Cuts","floor":41,"key":"SMITH"},{"data":"Tactician","floor":46,"key":"SMITH"},{"data":"Acrobatics","floor":49,"key":"SMITH"}],"neow_cost":"NONE","seed_source_timestamp":0,"circlet_count":0,"master_deck":["Defend_G","Defend_G","Defend_G","Defend_G","Defend_G","Survivor","Noxious Fumes+1","Catalyst+1","Backflip","Acrobatics+1","Dodge and Roll+1","Tactician+1","Tactician","Acrobatics","Tools of the Trade+1","Envenom","Well Laid Plans+1","Caltrops+1","Endless Agony+1","PiercingWail+1","Deadly Poison","Calculated Gamble+1","RitualDagger+1","Noxious Fumes+1","Adrenaline","Footwork+1","Tactician+1","Blur","A Thousand Cuts+1"],"special_seed":0,"relics":["Ring of the Snake","NeowsBlessing","Art of War","Tough Bandages","Bird Faced Urn","Gambling Chip","Whetstone","Astrolabe","Omamori","Ancient Tea Set","Blood Vial","Busted Crown","Tingsha","MawBank","Potion Belt","Bag of Preparation","Kunai","Oddly Smooth Stone"],"potions_floor_usage":[50,50,50],"damage_taken":[{"damage":0.0,"enemies":"Jaw Worm","floor":1.0,"turns":1.0},{"damage":0.0,"enemies":"Cultist","floor":5.0,"turns":1.0},{"damage":0.0,"enemies":"Gremlin Nob","floor":6.0,"turns":1.0},{"damage":4.0,"enemies":"2 Louse","floor":7.0,"turns":4.0},{"damage":2.0,"enemies":"Looter","floor":8.0,"turns":4.0},{"damage":11.0,"enemies":"Exordium Wildlife","floor":10.0,"turns":9.0},{"damage":11.0,"enemies":"3 Sentries","floor":12.0,"turns":8.0},{"damage":6.0,"enemies":"Lagavulin","floor":14.0,"turns":7.0},{"damage":4.0,"enemies":"Hexaghost","floor":16.0,"turns":11.0},{"damage":0,"enemies":"Chosen","floor":18,"turns":5},{"damage":0,"enemies":"Shell Parasite","floor":19,"turns":4},{"damage":3,"enemies":"Centurion and Healer","floor":20,"turns":6},{"damage":46,"enemies":"Book of Stabbing","floor":23,"turns":6},{"damage":21,"enemies":"3 Cultists","floor":24,"turns":6},{"damage":0,"enemies":"Gremlin Leader","floor":25,"turns":5},{"damage":12,"enemies":"Snake Plant","floor":29,"turns":5},{"damage":0,"enemies":"Automaton","floor":33,"turns":7},{"damage":0,"enemies":"Orb Walker","floor":35,"turns":4},{"damage":0,"enemies":"Mind Bloom Boss Battle","floor":36,"turns":6},{"damage":0,"enemies":"Giant Head","floor":40,"turns":7},{"damage":0,"enemies":"3 Darklings","floor":44,"turns":3},{"damage":0,"enemies":"Nemesis","floor":45,"turns":5},{"damage":0,"enemies":"Reptomancer","floor":47,"turns":4},{"damage":0,"enemies":"Jaw Worm Horde","floor":48,"turns":2},{"damage":0,"enemies":"Donu and Deca","floor":50,"turns":6}],"seed_played":"7604388386269126433","potions_obtained":[{"floor":1.0,"key":"PowerPotion"},{"floor":7.0,"key":"Regen Potion"},{"floor":12.0,"key":"GamblersBrew"},{"floor":18,"key":"Ancient Potion"},{"floor":20,"key":"Ancient Potion"},{"floor":24,"key":"AttackPotion"},{"floor":33,"key":"LiquidBronze"},{"floor":40,"key":"GhostInAJar"}],"is_trial":false,"path_per_floor":["M","?","$","?","M","E","M","M","T","M","R","E","R","E","R","B",null,"M","M","M","?","$","E","M","E","T","R","$","M","R","?","R","B",null,"M","?","?","T","$","E","R","$","T","M","E","R","E","M","R","B",null],"character_chosen":"THE_SILENT","items_purchased":["Catalyst","Art of War","Noxious Fumes","Adrenaline","Blur","Bag of Preparation"],"campfire_rested":0,"item_purchase_floors":[3,3,22,22,28,42],"current_hp_per_floor":[63,63,63,63,63,63,59,57,57,63,63,54,54,50,50,50,65,70,70,67,61,61,27,20,34,34,34,34,38,38,38,38,54,66,70,70,70,70,70,70,70,70,70,70,70,70,70,70,70,70],"gold":120,"neow_bonus":"THREE_ENEMY_KILL","is_prod":false,"is_daily":false,"chose_seed":false,"campfire_upgraded":9,"win_rate":0,"timestamp":1550387639,"path_taken":["M","?","$","?","M","E","M","M","T","?","R","E","R","E","R","BOSS","M","M","?","?","$","E","M","E","T","R","$","M","R","?","R","BOSS","M","?","?","?","$","E","R","$","T","?","E","R","E","?","R","BOSS"],"build_version":"2019-01-23","purchased_purges":3,"victory":true,"max_hp_per_floor":[70,70,70,70,70,70,70,70,70,70,70,70,70,70,70,70,70,70,70,70,70,70,70,70,70,70,70,70,70,70,70,70,70,70,70,70,70,70,70,70,70,70,70,70,70,70,70,70,70,70],"card_choices":[{"not_picked":["Caltrops","Heel Hook"],"picked":"Noxious Fumes","floor":1.0},{"not_picked":["Flying Knee","Dodge and Roll"],"picked":"Backflip","floor":5.0},{"not_picked":["Poisoned Stab","Predator"],"picked":"Acrobatics","floor":6.0},{"not_picked":["Terror","Masterful Stab"],"picked":"Dodge and Roll","floor":7.0},{"not_picked":["Crippling Poison","Poisoned Stab"],"picked":"Tactician","floor":8.0},{"not_picked":["Sucker Punch","Dagger Throw"],"picked":"Tactician","floor":10.0},{"not_picked":["Cloak And Dagger","Blade Dance"],"picked":"Acrobatics","floor":12.0},{"not_picked":["Infinite Blades","Dagger Throw"],"picked":"Tools of the Trade","floor":14.0},{"not_picked":["Die Die Die","Grand Finale"],"picked":"Envenom","floor":16.0},{"not_picked":["Flying Knee+1","Distraction"],"picked":"PiercingWail+1","floor":18},{"not_picked":["Underhanded Strike","Flechettes"],"picked":"Deadly Poison","floor":19},{"not_picked":["PiercingWail","Deadly Poison"],"picked":"Calculated Gamble+1","floor":20},{"not_picked":["Skewer","Deflect+1"],"picked":"Footwork","floor":23},{"not_picked":["Predator+1","Underhanded Strike","Bane+1"],"picked":"SKIP","floor":24},{"not_picked":["Cloak And Dagger+1","Dagger Throw+1"],"picked":"Tactician+1","floor":25},{"not_picked":["Underhanded Strike","Deflect","Crippling Poison"],"picked":"SKIP","floor":29},{"not_picked":["Night Terror","Glass Knife"],"picked":"A Thousand Cuts","floor":33},{"not_picked":["Outmaneuver"],"picked":"SKIP","floor":35},{"not_picked":["Deflect+1"],"picked":"SKIP","floor":40},{"not_picked":["Dagger Throw+1"],"picked":"SKIP","floor":44},{"not_picked":["Predator"],"picked":"SKIP","floor":45},{"not_picked":["Bane"],"picked":"SKIP","floor":47},{"not_picked":["Blade Dance+1"],"picked":"SKIP","floor":48}],"player_experience":490303,"relics_obtained":[{"floor":6.0,"key":"Tough Bandages"},{"floor":9.0,"key":"Bird Faced Urn"},{"floor":12.0,"key":"Gambling Chip"},{"floor":14.0,"key":"Whetstone"},{"floor":23,"key":"Omamori"},{"floor":25,"key":"Ancient Tea Set"},{"floor":26,"key":"Blood Vial"},{"floor":36,"key":"Tingsha"},{"floor":38,"key":"MawBank"},{"floor":40,"key":"Potion Belt"},{"floor":45,"key":"Kunai"},{"floor":47,"key":"Oddly Smooth Stone"}],"event_choices":[{"damage_healed":0.0,"max_hp_gain":0.0,"max_hp_loss":0.0,"gold_gain":175.0,"event_name":"Liars Game","player_choice":"AGREE","floor":2.0,"gold_loss":0.0,"damage_taken":0.0,"cards_obtained":["Doubt"]},{"damage_healed":0.0,"max_hp_gain":0.0,"max_hp_loss":0.0,"gold_gain":0.0,"event_name":"Accursed Blacksmith","player_choice":"Forge","floor":4.0,"gold_loss":0.0,"damage_taken":0.0,"cards_upgraded":["Noxious Fumes"]},{"damage_healed":0,"gold_gain":0,"player_choice":"Joined the Cult","damage_taken":6,"max_hp_gain":0,"max_hp_loss":0,"event_name":"Nest","floor":21,"gold_loss":0,"cards_obtained":["RitualDagger"]},{"damage_healed":0,"gold_gain":0,"player_choice":"Ignored","damage_taken":0,"max_hp_gain":0,"max_hp_loss":0,"event_name":"Beggar","floor":31,"gold_loss":0},{"damage_healed":0,"gold_gain":0,"player_choice":"Fight","damage_taken":0,"max_hp_gain":0,"max_hp_loss":0,"event_name":"MindBloom","floor":36,"gold_loss":0},{"cards_removed":["Neutralize"],"damage_healed":0,"gold_gain":0,"player_choice":"Removed Attack","damage_taken":0,"max_hp_gain":0,"max_hp_loss":0,"event_name":"Falling","floor":37,"gold_loss":0}],"is_beta":false,"boss_relics":[{"not_picked":["Cursed Key","Calling Bell"],"picked":"Astrolabe"},{"not_picked":["Snecko Eye","Orrery"],"picked":"Busted Crown"}],"items_purged_floors":[3,22,39],"is_endless":false,"potions_floor_spawned":[1,7,12,18,20,24,33,36,40],"ascension_level":8}