{"gold_per_floor":[210,210,210,228,228,263,263,282,282,306,263,276,276,41,41,41],"floor_reached":16,"playtime":1128,"items_purged":[],"score":100,"play_id":"b4d74bd3-8b44-4923-9570-5086376be878","local_time":"20190204164928","is_ascension_mode":false,"campfire_choices":[{"floor":7,"key":"REST"},{"floor":15,"key":"REST"}],"neow_cost":"NONE","seed_source_timestamp":64712042830438,"circlet_count":0,"master_deck":["Defend_G","Defend_G","Defend_G+1","Defend_G","Defend_G","Strike_G","Strike_G","Strike_G","Strike_G","Strike_G","Survivor","Neutralize","Bouncing Flask+1","Regret","Predator","Blade Dance","Sucker Punch","Bouncing Flask","Discovery"],"relics":["Ring of the Snake","Mummified Hand","Golden Idol","Dodecahedron","Centennial Puzzle","Juzu Bracelet","War Paint"],"potions_floor_usage":[6,16,16],"damage_taken":[{"damage":0,"enemies":"Jaw Worm","floor":1,"turns":5},{"damage":10,"enemies":"Small Slimes","floor":4,"turns":4},{"damage":27,"enemies":"3 Sentries","floor":6,"turns":10},{"damage":4,"enemies":"Cultist","floor":8,"turns":4},{"damage":8,"enemies":"Blue Slaver","floor":10,"turns":3},{"damage":4,"enemies":"Looter","floor":12,"turns":5},{"damage":53,"enemies":"Slime Boss","floor":16,"turns":10}],"seed_played":"-5551360694640705216","potions_obtained":[{"floor":1,"key":"AttackPotion"},{"floor":6,"key":"EssenceOfSteel"},{"floor":8,"key":"Fire Potion"}],"is_trial":false,"path_per_floor":["M","?","?","M","?","E","R","M","T","M","?","M","T","$","R","B"],"character_chosen":"THE_SILENT","items_purchased":["Discovery","War Paint"],"campfire_rested":2,"item_purchase_floors":[14,14],"current_hp_per_floor":[70,70,63,53,53,26,45,41,41,33,33,29,29,29,48,0],"gold":41,"neow_bonus":"HUNDRED_GOLD","is_prod":false,"is_daily":false,"chose_seed":false,"campfire_upgraded":0,"win_rate":0.0,"timestamp":1549288168,"path_taken":["M","?","?","?","?","E","R","M","T","M","?","M","?","?","R","BOSS"],"build_version":"2019-01-23","purchased_purges":0,"victory":false,"max_hp_per_floor":[70,70,70,70,65,65,65,65,65,65,65,65,65,65,65,65],"card_choices":[{"not_picked":["Expertise","All Out Attack"],"picked":"Bouncing Flask","floor":1},{"not_picked":["Blade Dance","Dodge and Roll"],"picked":"Predator","floor":4},{"not_picked":["Blur","Calculated Gamble","Prepared"],"picked":"SKIP","floor":6},{"not_picked":["Outmaneuver","Sucker Punch"],"picked":"Blade Dance","floor":8},{"not_picked":["Bane","Burst"],"picked":"Sucker Punch","floor":10},{"not_picked":["Deflect","Footwork"],"picked":"Bouncing Flask","floor":12}],"player_experience":178998,"relics_obtained":[{"floor":6,"key":"Dodecahedron"},{"floor":9,"key":"Centennial Puzzle"},{"floor":13,"key":"Juzu Bracelet"}],"event_choices":[{"damage_healed":0,"gold_gain":0,"player_choice":"Box","damage_taken":0,"relics_obtained":["Mummified Hand"],"max_hp_gain":0,"max_hp_loss":0,"event_name":"Big Fish","floor":2,"gold_loss":0,"cards_obtained":["Regret"]},{"damage_healed":0,"gold_gain":0,"player_choice":"Damaged","damage_taken":7,"max_hp_gain":0,"max_hp_loss":0,"event_name":"Wheel of Change","floor":3,"gold_loss":0},{"damage_healed":0,"gold_gain":0,"player_choice":"Lose Max HP","damage_taken":0,"relics_obtained":["Golden Idol"],"max_hp_gain":0,"max_hp_loss":5,"event_name":"Golden Idol","floor":5,"gold_loss":0},{"damage_healed":0,"gold_gain":0,"player_choice":"Left Gold","damage_taken":0,"max_hp_gain":0,"max_hp_loss":0,"event_name":"World of Goop","floor":11,"gold_loss":43}],"is_beta":false,"boss_relics":[],"items_purged_floors":[],"is_endless":false,"potions_floor_spawned":[1,6,8],"killed_by":"Slime Boss","ascension_level":0}