{"gold_per_floor":[128,140,152,10,185,185,185,185,185,199,199,52,52,2,2,100,100,75,75,75,86,86,86,86],"floor_reached":24,"playtime":3411,"items_purged":["Strike_G","Strike_G"],"score":240,"play_id":"94e43543-d870-491b-95a4-5d90a148b71d","local_time":"20180826235957","is_ascension_mode":true,"campfire_choices":[{"data":"Infinite Blades","floor":6,"key":"SMITH"},{"data":"Backflip","floor":8,"key":"SMITH"},{"data":"Well Laid Plans","floor":11,"key":"SMITH"},{"data":"Cloak And Dagger","floor":13,"key":"SMITH"},{"floor":15,"key":"REST"},{"data":"Phantasmal Killer","floor":23,"key":"SMITH"}],"neow_cost":"NONE","seed_source_timestamp":931703570732811,"circlet_count":0,"master_deck":["Defend_G","Defend_G","Defend_G","Survivor","Neutralize","Backflip+1","Infinite Blades+1","Well Laid Plans+1","Cloak And Dagger+1","Phantasmal Killer+1","Blade Dance+1","Decay","Catalyst"],"relics":["Ring of the Snake","MawBank","The Specimen","Empty Cage"],"potions_floor_usage":[16,24,24],"damage_taken":[{"damage":1,"enemies":"Cultist","floor":1,"turns":5},{"damage":4,"enemies":"2 Louse","floor":10,"turns":3},{"damage":39,"enemies":"Slime Boss","floor":16,"turns":19},{"damage":13,"enemies":"2 Thieves","floor":18,"turns":5},{"damage":0,"enemies":"3 Byrds","floor":21,"turns":6},{"damage":63,"enemies":"Book of Stabbing","floor":24,"turns":7}],"seed_played":"-6330755717682969276","potions_obtained":[{"floor":10,"key":"Ancient Potion"},{"floor":16,"key":"GhostInAJar"},{"floor":21,"key":"Regen Potion"}],"is_trial":false,"path_per_floor":["M","?","?","$","?","R","?","R","T","M","R","$","R","?","R","B",null,"M","$","?","M","?","R"],"character_chosen":"THE_SILENT","items_purchased":["Infinite Blades","Cloak And Dagger"],"campfire_rested":1,"item_purchase_floors":[4,12],"current_hp_per_floor":[62,62,62,62,62,62,55,55,55,51,51,51,51,51,70,31,60,47,47,47,47,47,47,0],"gold":86,"neow_bonus":"RANDOM_COMMON_RELIC","is_prod":false,"is_daily":false,"chose_seed":false,"campfire_upgraded":5,"win_rate":0,"timestamp":1535345997,"path_taken":["M","?","?","?","?","R","?","R","T","M","R","$","R","?","R","BOSS","M","$","?","M","?","R","E"],"build_version":"2018-08-23v2","purchased_purges":2,"victory":false,"max_hp_per_floor":[70,70,70,70,70,70,70,70,70,70,70,70,70,70,70,70,70,70,70,70,70,70,70,70],"card_choices":[{"not_picked":["Acrobatics","Dodge and Roll"],"picked":"Backflip","floor":1},{"not_picked":["Dagger Spray","Choke"],"picked":"Well Laid Plans","floor":10},{"not_picked":["Die Die Die","Tools of the Trade"],"picked":"Phantasmal Killer","floor":16},{"not_picked":["Well Laid Plans+1","Deflect"],"picked":"Blade Dance+1","floor":18},{"not_picked":["Cloak And Dagger","Prepared"],"picked":"Catalyst","floor":21}],"player_experience":348713,"relics_obtained":[{"floor":9,"key":"The Specimen"}],"event_choices":[{"event_name":"Bonfire Elementals","player_choice":"BASIC","floor":2,"damage_taken":0},{"event_name":"Living Wall","player_choice":"Forget","floor":3,"damage_taken":0},{"event_name":"Liars Game","player_choice":"agreed","floor":5,"damage_taken":0},{"event_name":"Golden Wing","player_choice":"Card Removal","floor":7,"damage_taken":0},{"event_name":"The Cleric","player_choice":"Card Removal","floor":14,"damage_taken":0},{"event_name":"Forgotten Altar","player_choice":"Smashed Altar","floor":20,"damage_taken":0},{"event_name":"Cursed Tome","player_choice":"Ignored","floor":22,"damage_taken":0}],"is_beta":false,"boss_relics":[{"not_picked":["Eternal Feather","Black Star"],"picked":"Empty Cage"}],"items_purged_floors":[4,12],"is_endless":false,"potions_floor_spawned":[10,16,21],"killed_by":"Book of Stabbing","ascension_level":7}