{"gold_per_floor":[109,109,109,123,173,200,200,22,47,23,41,60,60,185,185,185],"floor_reached":16,"playtime":483,"items_purged":[],"score":123,"play_id":"4889f8cb-f23d-4a4d-afbd-f5b978d806a2","local_time":"20180716152158","is_ascension_mode":false,"campfire_choices":[{"data":"Backstab","floor":7.0,"key":"SMITH"},{"data":"Endless Agony","floor":13.0,"key":"SMITH"},{"floor":15.0,"key":"REST"}],"neow_cost":"NONE","seed_source_timestamp":0,"circlet_count":0,"master_deck":["Defend_G","Defend_G","Defend_G","Defend_G","Defend_G","Strike_G","Strike_G","Strike_G","Strike_G","Strike_G","Survivor","Neutralize","Flying Knee","Endless Agony+1","Backstab+1","Catalyst","Dagger Spray","Blur","Footwork"],"special_seed":17728,"relics":["Ring of the Snake","NeowsBlessing","Dodecahedron","SsserpentHead","Potion Belt","Juzu Bracelet","Boot"],"potions_floor_usage":[16,16],"damage_taken":[{"damage":0.0,"enemies":"Jaw Worm","floor":1.0,"turns":1.0},{"damage":0.0,"enemies":"2 Louse","floor":4.0,"turns":1.0},{"damage":0.0,"enemies":"Lagavulin","floor":6.0,"turns":1.0},{"damage":0.0,"enemies":"Cultist","floor":11.0,"turns":2.0},{"damage":0.0,"enemies":"Blue Slaver","floor":12.0,"turns":2.0},{"damage":76,"enemies":"Hexaghost","floor":16,"turns":15}],"seed_played":"-2205032152784244808","potions_obtained":[{"floor":4.0,"key":"Block Potion"},{"floor":12.0,"key":"PowerPotion"}],"is_trial":false,"path_per_floor":["M","?","?","M","?","E","R","$","T","$","M","M","R","?","R"],"character_chosen":"THE_SILENT","items_purchased":["Juzu Bracelet","Catalyst","Dagger Spray"],"campfire_rested":1,"item_purchase_floors":[8,8,10],"current_hp_per_floor":[70,67,67,67,72,72,72,72,72,72,72,72,72,61,75,0],"gold":185,"neow_bonus":"THREE_ENEMY_KILL","is_prod":false,"is_daily":false,"chose_seed":false,"campfire_upgraded":2,"win_rate":0,"timestamp":1531743718,"path_taken":["M","?","?","M","?","E","R","?","T","$","M","M","R","?","R","BOSS"],"build_version":"2018-07-12","purchased_purges":0,"victory":false,"max_hp_per_floor":[70,70,70,70,75,75,75,75,75,75,75,75,75,75,75,75],"card_choices":[{"not_picked":["Expertise","Slice"],"picked":"Flying Knee","floor":1.0},{"not_picked":["Quick Slash","Choke"],"picked":"Endless Agony","floor":4.0},{"not_picked":["Heel Hook","Dash"],"picked":"Backstab","floor":6.0},{"not_picked":["Poisoned Stab","Caltrops"],"picked":"Blur","floor":11.0},{"not_picked":["Tactician","Slice"],"picked":"Footwork","floor":12.0}],"player_experience":87112,"relics_obtained":[{"floor":6.0,"key":"Potion Belt"},{"floor":9.0,"key":"Boot"}],"event_choices":[{"event_name":"Scrap Ooze","player_choice":"success","floor":2.0,"damage_taken":3.0},{"event_name":"FaceTrader","player_choice":"Trade","floor":3.0,"damage_taken":0.0},{"event_name":"Big Fish","player_choice":"Donut","floor":5.0,"damage_taken":0.0},{"event_name":"World of Goop","player_choice":"Gather Gold","floor":14.0,"damage_taken":0.0}],"boss_relics":[],"items_purged_floors":[],"is_endless":false,"potions_floor_spawned":[4,12],"killed_by":"Hexaghost","ascension_level":0}