{"gold_per_floor":[113,125,16,28,45,79,79,96,122,138,138,197,222,234,234,337,337,347,262,272,285,81,107,107,134,185,185,198,198,198,198,198,295,295,309,309,328,328,340,340,372,372,443,443,454,454,554,554,554,554,554,554,97,132,132],"floor_reached":55,"playtime":3283,"items_purged":["Strike_R","Strike_R"],"score":695,"play_id":"1e30cd82-a3ca-4b56-b191-052f17b9d512","local_time":"20190204222021","is_ascension_mode":false,"campfire_choices":[{"floor":7.0,"key":"REST"},{"floor":15.0,"key":"RECALL"},{"floor":24,"key":"REST"},{"floor":27,"key":"REST"},{"floor":29,"key":"REST"},{"data":"Armaments","floor":32,"key":"SMITH"},{"floor":40,"key":"REST"},{"floor":42,"key":"REST"},{"floor":44,"key":"REST"},{"data":"Exhume","floor":46,"key":"SMITH"},{"data":"Juggernaut","floor":49,"key":"SMITH"},{"data":"Spot Weakness","floor":52,"key":"SMITH"}],"neow_cost":"NONE","seed_source_timestamp":17706384689807,"circlet_count":0,"master_deck":["Strike_R","Strike_R","Defend_R","Defend_R","Defend_R","Defend_R","Bash","Juggernaut+1","Cleave","Headbutt","Carnage","Entrench+1","Headbutt","Armaments+1","Shockwave","Demon Form+1","Flame Barrier","Infernal Blade","Whirlwind+1","Spot Weakness+1","Second Wind+1","Reaper","Inflame+1","Shrug It Off+1","Exhume+1","Metallicize+1","Shrug It Off","Finesse","Power Through+1"],"special_seed":0,"relics":["Burning Blood","Frozen Egg 2","Red Skull","Velvet Choker","Potion Belt","Lee\u0027s Waffle","Orichalcum","Turnip","Strawberry","Kunai","MutagenicStrength","White Beast Statue","Smiling Mask","Ornamental Fan","Prayer Wheel","Centennial Puzzle","Mummified Hand"],"potions_floor_usage":[33,33,39,39,41,41,47,50,50,50,54,54,55,55],"damage_taken":[{"damage":1.0,"enemies":"Cultist","floor":1.0,"turns":4.0},{"damage":7.0,"enemies":"2 Louse","floor":2.0,"turns":3.0},{"damage":2.0,"enemies":"Small Slimes","floor":4.0,"turns":3.0},{"damage":7.0,"enemies":"2 Fungi Beasts","floor":5.0,"turns":4.0},{"damage":35.0,"enemies":"Lagavulin","floor":6.0,"turns":9.0},{"damage":0.0,"enemies":"3 Louse","floor":8.0,"turns":4.0},{"damage":15.0,"enemies":"Looter","floor":10.0,"turns":3.0},{"damage":14.0,"enemies":"Gremlin Nob","floor":13.0,"turns":3.0},{"damage":9.0,"enemies":"Gremlin Gang","floor":14.0,"turns":2.0},{"damage":44,"enemies":"The Guardian","floor":16,"turns":14},{"damage":18,"enemies":"Shell Parasite","floor":18,"turns":7},{"damage":12,"enemies":"Chosen","floor":20,"turns":5},{"damage":39,"enemies":"Sentry and Sphere","floor":21,"turns":7},{"damage":58,"enemies":"Gremlin Leader","floor":23,"turns":7},{"damage":43,"enemies":"Slavers","floor":25,"turns":4},{"damage":10,"enemies":"Centurion and Healer","floor":28,"turns":4},{"damage":47,"enemies":"Champ","floor":33,"turns":7},{"damage":34,"enemies":"3 Darklings","floor":35,"turns":4},{"damage":12,"enemies":"3 Shapes","floor":37,"turns":3},{"damage":9,"enemies":"Maw","floor":39,"turns":8},{"damage":83,"enemies":"Reptomancer","floor":41,"turns":8},{"damage":20,"enemies":"Transient","floor":45,"turns":5},{"damage":38,"enemies":"Mind Bloom Boss Battle","floor":47,"turns":8},{"damage":75,"enemies":"Time Eater","floor":50,"turns":10},{"damage":63,"enemies":"Shield and Spear","floor":54,"turns":8},{"damage":50,"enemies":"The Heart","floor":55,"turns":3}],"seed_played":"-16105821328956301","potions_obtained":[{"floor":1.0,"key":"Fire Potion"},{"floor":4.0,"key":"Ancient Potion"},{"floor":8.0,"key":"Strength Potion"},{"floor":13.0,"key":"FearPotion"},{"floor":23,"key":"FearPotion"},{"floor":25,"key":"PowerPotion"},{"floor":35,"key":"Weak Potion"},{"floor":37,"key":"Weak Potion"},{"floor":39,"key":"LiquidBronze"},{"floor":41,"key":"SpeedPotion"},{"floor":45,"key":"LiquidBronze"},{"floor":47,"key":"Block Potion"},{"floor":54,"key":"Poison Potion"}],"is_trial":false,"path_per_floor":["M","M","$","M","M","E","R","M","T","M","?","?","E","M","R","B",null,"M","?","M","M","$","E","R","E","T","R","M","R","?","?","R","B",null,"M","?","M","$","M","R","E","R","T","R","M","R","?","?","R","B",null,"R","$","E","B"],"character_chosen":"IRONCLAD","items_purchased":["Carnage","Lee\u0027s Waffle","Shrug It Off","Centennial Puzzle","SkillPotion","SteroidPotion","Finesse","SkillPotion"],"campfire_rested":7,"item_purchase_floors":[3,22,53,53,53,53,53,53],"current_hp_per_floor":[80,79,79,80,79,50,74,80,80,71,71,71,63,60,60,22,80,68,68,62,29,87,35,61,24,31,59,55,83,83,83,83,42,94,83,83,77,77,74,94,38,66,66,94,80,80,94,94,94,25,94,94,94,49,0],"gold":132,"neow_bonus":"ONE_RANDOM_RARE_CARD","is_prod":false,"is_daily":false,"chose_seed":false,"campfire_upgraded":4,"win_rate":0,"timestamp":1549340421,"path_taken":["M","M","$","M","?","E","R","M","T","M","?","?","E","M","R","BOSS","M","?","M","M","$","E","R","E","T","R","M","R","?","?","R","BOSS","M","?","?","$","M","R","E","R","T","R","M","R","?","?","R","BOSS","R","$","E","BOSS"],"build_version":"2019-01-23","purchased_purges":2,"victory":false,"max_hp_per_floor":[80,80,80,80,80,80,80,80,80,80,80,80,80,80,80,80,80,80,80,80,80,87,87,87,87,94,94,94,94,94,94,94,94,94,94,94,94,94,94,94,94,94,94,94,94,94,94,94,94,94,94,94,94,94,94],"card_choices":[{"not_picked":["Dual Wield","Clash"],"picked":"Cleave","floor":1.0},{"not_picked":["Armaments","Bloodletting"],"picked":"Headbutt","floor":2.0},{"not_picked":["Anger","Sentinel"],"picked":"Entrench","floor":4.0},{"not_picked":["Twin Strike","Perfected Strike","Havoc"],"picked":"SKIP","floor":5.0},{"not_picked":["Iron Wave","Clash","Anger"],"picked":"SKIP","floor":6.0},{"not_picked":["Anger","Perfected Strike","Dropkick"],"picked":"SKIP","floor":8.0},{"not_picked":["Reckless Charge","Anger"],"picked":"Headbutt","floor":10.0},{"not_picked":["Anger","Intimidate"],"picked":"Armaments","floor":13.0},{"not_picked":["Perfected Strike","Sentinel"],"picked":"Shockwave","floor":14.0},{"not_picked":["Double Tap","Juggernaut+1"],"picked":"Demon Form+1","floor":16},{"not_picked":["Shrug It Off","Pommel Strike+1"],"picked":"Flame Barrier","floor":18},{"not_picked":["Perfected Strike","Warcry"],"picked":"Infernal Blade","floor":20},{"not_picked":["Wild Strike","Battle Trance"],"picked":"Whirlwind+1","floor":21},{"not_picked":["Fiend Fire","Combust+1"],"picked":"Spot Weakness","floor":23},{"not_picked":["Sever Soul+1","True Grit"],"picked":"Second Wind+1","floor":25},{"not_picked":["Burning Pact+1","Dropkick","Sentinel"],"picked":"SKIP","floor":28},{"not_picked":["Fiend Fire","Feed"],"picked":"Reaper","floor":33},{"not_picked":["Hemokinesis+1","Anger"],"picked":"Inflame+1","floor":35},{"not_picked":["Rupture+1","Cleave"],"picked":"Shrug It Off+1","floor":37},{"not_picked":["Flex+1","Perfected Strike+1","Thunderclap"],"picked":"SKIP","floor":39},{"not_picked":["Anger+1","Corruption+1"],"picked":"Exhume","floor":41},{"not_picked":["Armaments","Wild Strike","Flex+1"],"picked":"SKIP","floor":45},{"not_picked":["Thunderclap+1","Armaments"],"picked":"Metallicize+1","floor":47},{"not_picked":["Bloodletting","Ghostly Armor"],"picked":"Power Through+1","floor":54}],"player_experience":388708,"relics_obtained":[{"floor":6.0,"key":"Frozen Egg 2"},{"floor":13.0,"key":"Red Skull"},{"floor":23,"key":"Orichalcum"},{"floor":25,"key":"Turnip"},{"floor":26,"key":"Strawberry"},{"floor":41,"key":"Smiling Mask"},{"floor":43,"key":"Ornamental Fan"},{"floor":47,"key":"Prayer Wheel"},{"floor":54,"key":"Mummified Hand"}],"event_choices":[{"damage_healed":0.0,"max_hp_gain":0.0,"max_hp_loss":0.0,"gold_gain":0.0,"event_name":"Living Wall","player_choice":"Grow","floor":11.0,"gold_loss":0.0,"damage_taken":0.0,"cards_upgraded":["Entrench"]},{"damage_healed":0.0,"max_hp_gain":0.0,"max_hp_loss":0.0,"gold_gain":59.0,"event_name":"Golden Wing","player_choice":"Gained Gold","floor":12.0,"gold_loss":0.0,"damage_taken":0.0},{"damage_healed":0,"gold_gain":0,"player_choice":"Obtained Relic","damage_taken":0,"relics_obtained":["Potion Belt"],"max_hp_gain":0,"max_hp_loss":0,"event_name":"Addict","floor":19,"gold_loss":85},{"damage_healed":0,"gold_gain":0,"player_choice":"Opened","damage_taken":0,"relics_obtained":["Kunai"],"max_hp_gain":0,"max_hp_loss":0,"event_name":"The Mausoleum","floor":30,"gold_loss":0},{"damage_healed":0,"gold_gain":0,"player_choice":"Inject Mutagens","damage_taken":0,"relics_obtained":["MutagenicStrength"],"max_hp_gain":0,"max_hp_loss":0,"event_name":"Drug Dealer","floor":31,"gold_loss":0},{"damage_healed":0,"gold_gain":0,"player_choice":"Ignored","damage_taken":0,"max_hp_gain":0,"max_hp_loss":0,"event_name":"NoteForYourself","floor":36,"gold_loss":0},{"damage_healed":0,"gold_gain":0,"player_choice":"Fight","damage_taken":0,"max_hp_gain":0,"max_hp_loss":0,"event_name":"MindBloom","floor":47,"gold_loss":0},{"cards_removed":["Strike_R"],"damage_healed":0,"gold_gain":0,"player_choice":"Purged","damage_taken":0,"max_hp_gain":0,"max_hp_loss":0,"event_name":"Purifier","floor":48,"gold_loss":0}],"is_beta":false,"boss_relics":[{"not_picked":["Astrolabe","Black Star"],"picked":"Velvet Choker"},{"not_picked":["Snecko Eye","Mark of Pain"],"picked":"White Beast Statue"}],"items_purged_floors":[3,53],"is_endless":false,"potions_floor_spawned":[1,4,8,13,14,23,25,35,37,39,41,45,47,54],"killed_by":"The Heart","ascension_level":0}