{"gold_per_floor":[114,114,130,147,163,198,225,237,276,299,74,74,74,84,84,161,161,179,139,157,176,188,188,199,199,226,226,289,299,319,1,1,77,77,88,188,188,259,259,259,270,296,296,323,340,353,378,389,389,389],"floor_reached":51,"playtime":3623,"items_purged":[],"score":1542,"play_id":"ae94af25-fc8d-46e0-98a7-b64a1f76bad8","local_time":"20190217130156","is_ascension_mode":true,"campfire_choices":[{"floor":13,"key":"REST"},{"floor":15,"key":"REST"},{"data":"Consume","floor":23,"key":"SMITH"},{"data":"Fission","floor":25,"key":"SMITH"},{"floor":32,"key":"REST"},{"data":"Buffer","floor":40,"key":"SMITH"},{"floor":49,"key":"REST"}],"neow_cost":"NONE","seed_source_timestamp":215228246957505,"circlet_count":0,"master_deck":["AscendersBane","Strike_B","Strike_B+1","Strike_B","Defend_B","Defend_B","Defend_B","Defend_B","Zap","Dualcast","Ball Lightning","Leap","Conserve Battery","Buffer+1","Heatsinks+1","Leap","Self Repair","Coolheaded","Thunder Strike","Defragment+1","Consume+1","Doom and Gloom","Fission+1","Undo","Gash","Glacier","Chill","Loop","Capacitor","Echo Form","Defragment","Flash of Steel","Fusion+1","Rainbow","Shame","Barrage","Coolheaded+1","Steam Power+1","Buffer"],"relics":["Cracked Core","MawBank","Omamori","Runic Capacitor","Cursed Key","Potion Belt","Tiny Chest","Bottled Tornado","White Beast Statue","Dead Branch","Strawberry","Mummified Hand","Sundial","Boot"],"potions_floor_usage":[2,5,14,16,28,29,42,42,42,42,42,50,50,50],"damage_taken":[{"damage":4,"enemies":"2 Louse","floor":1,"turns":3},{"damage":6,"enemies":"Cultist","floor":3,"turns":3},{"damage":0,"enemies":"Small Slimes","floor":4,"turns":3},{"damage":1,"enemies":"Exordium Thugs","floor":5,"turns":4},{"damage":31,"enemies":"Gremlin Nob","floor":6,"turns":4},{"damage":0,"enemies":"Large Slime","floor":7,"turns":5},{"damage":4,"enemies":"Blue Slaver","floor":10,"turns":4},{"damage":22,"enemies":"Exordium Thugs","floor":14,"turns":5},{"damage":20,"enemies":"Hexaghost","floor":16,"turns":12},{"damage":24,"enemies":"Spheric Guardian","floor":18,"turns":6},{"damage":2,"enemies":"Chosen","floor":20,"turns":5},{"damage":15,"enemies":"Shelled Parasite and Fungi","floor":21,"turns":7},{"damage":0,"enemies":"Snecko","floor":22,"turns":5},{"damage":5,"enemies":"Chosen and Byrds","floor":24,"turns":6},{"damage":25,"enemies":"Slavers","floor":28,"turns":7},{"damage":18,"enemies":"Centurion and Healer","floor":29,"turns":7},{"damage":11,"enemies":"Snake Plant","floor":30,"turns":6},{"damage":0,"enemies":"Champ","floor":33,"turns":11},{"damage":6,"enemies":"Orb Walker","floor":35,"turns":5},{"damage":11,"enemies":"Mind Bloom Boss Battle","floor":36,"turns":9},{"damage":0,"enemies":"3 Shapes","floor":41,"turns":5},{"damage":0,"enemies":"Reptomancer","floor":42,"turns":7},{"damage":0,"enemies":"Nemesis","floor":44,"turns":7},{"damage":25,"enemies":"Maw","floor":45,"turns":7},{"damage":26,"enemies":"Jaw Worm Horde","floor":46,"turns":3},{"damage":0,"enemies":"Giant Head","floor":47,"turns":6},{"damage":48,"enemies":"Transient","floor":48,"turns":5},{"damage":27,"enemies":"Time Eater","floor":50,"turns":13}],"seed_played":"-4749003025798486639","potions_obtained":[{"floor":2,"key":"Fruit Juice"},{"floor":2,"key":"Swift Potion"},{"floor":2,"key":"Poison Potion"},{"floor":3,"key":"AttackPotion"},{"floor":4,"key":"FocusPotion"},{"floor":10,"key":"Dexterity Potion"},{"floor":22,"key":"Dexterity Potion"},{"floor":24,"key":"FearPotion"},{"floor":28,"key":"SkillPotion"},{"floor":33,"key":"Ancient Potion"},{"floor":35,"key":"Block Potion"},{"floor":36,"key":"EntropicBrew"},{"floor":42,"key":"Fire Potion"},{"floor":45,"key":"Strength Potion"},{"floor":46,"key":"FairyPotion"},{"floor":47,"key":"EssenceOfSteel"}],"is_trial":false,"path_per_floor":["M","?","M","M","M","E","M","?","T","M","$","?","R","M","R","B",null,"M","?","M","M","M","R","M","R","T","?","E","M","M","$","R","B",null,"M","?","?","T","?","R","M","E","T","E","M","M","E","M","R","B",null],"character_chosen":"DEFECT","items_purchased":["Self Repair","Runic Capacitor","Bottled Tornado","Capacitor"],"campfire_rested":4,"item_purchase_floors":[11,11,31,31],"current_hp_per_floor":[67,72,66,66,65,34,34,17,17,13,13,6,30,15,39,26,69,52,52,57,49,56,56,58,58,58,58,40,29,25,25,49,56,76,77,73,73,73,73,73,73,80,80,87,69,43,50,9,36,16],"gold":389,"neow_bonus":"TEN_PERCENT_HP_BONUS","is_prod":false,"is_daily":false,"chose_seed":false,"campfire_upgraded":3,"win_rate":0,"timestamp":1550430116,"path_taken":["M","?","M","?","M","E","M","?","T","M","?","?","R","M","R","BOSS","M","?","?","M","M","R","?","R","T","?","E","M","M","?","R","BOSS","M","?","?","?","?","R","M","E","T","E","?","?","E","M","R","BOSS"],"build_version":"2019-01-23","purchased_purges":0,"victory":true,"max_hp_per_floor":[78,83,83,83,83,83,83,83,83,83,83,83,83,83,83,83,83,83,83,83,83,83,83,83,83,83,83,83,83,83,83,83,83,83,83,83,83,83,83,83,83,90,90,90,90,90,90,90,90,90],"card_choices":[{"not_picked":["Tempest","Double Energy"],"picked":"Ball Lightning","floor":1},{"not_picked":["Tempest","Rebound"],"picked":"Sweeping Beam","floor":3},{"not_picked":["Beam Cell","Chaos"],"picked":"Leap","floor":4},{"not_picked":["Redo","Gash"],"picked":"Conserve Battery","floor":5},{"not_picked":["Static Discharge","Undo"],"picked":"Buffer","floor":6},{"not_picked":["Conserve Battery","Lockon"],"picked":"Heatsinks","floor":7},{"not_picked":["Go for the Eyes","Stack"],"picked":"Leap","floor":10},{"not_picked":["Redo","Compile Driver"],"picked":"Coolheaded","floor":14},{"not_picked":["Multi-Cast","Reboot"],"picked":"Thunder Strike","floor":16},{"not_picked":["Steam Power","Chill"],"picked":"Defragment","floor":18},{"not_picked":["Turbo","Go for the Eyes","Rebound"],"picked":"SKIP","floor":20},{"not_picked":["Conserve Battery","Sweeping Beam"],"picked":"Consume","floor":21},{"not_picked":["Compile Driver","Streamline+1"],"picked":"Doom and Gloom","floor":22},{"not_picked":["Fusion","Conserve Battery"],"picked":"Fission","floor":24},{"not_picked":["Undo","Tempest"],"picked":"Glacier","floor":28},{"not_picked":["Recycle","Turbo+1"],"picked":"Chill","floor":29},{"not_picked":["Heatsinks","Turbo"],"picked":"Loop","floor":30},{"not_picked":["Machine Learning","Amplify"],"picked":"Echo Form","floor":33},{"not_picked":["Conserve Battery","Rebound","Turbo"],"picked":"SKIP","floor":35},{"not_picked":["Leap","Barrage"],"picked":"Defragment","floor":36},{"not_picked":["Madness","Trip"],"picked":"Flash of Steel","floor":37},{"not_picked":["Stack","Sweeping Beam"],"picked":"Fusion+1","floor":41},{"not_picked":["Redo","Static Discharge"],"picked":"Rainbow","floor":42},{"not_picked":["Redo+1","FTL"],"picked":"Barrage","floor":44},{"not_picked":["Doom and Gloom","Rebound"],"picked":"Coolheaded+1","floor":45},{"not_picked":["Ball Lightning","Chaos"],"picked":"Steam Power+1","floor":46},{"not_picked":["Lockon","Cold Snap","Steam+1"],"picked":"SKIP","floor":47},{"not_picked":["Steam","Genetic Algorithm"],"picked":"Buffer","floor":48}],"player_experience":575329,"relics_obtained":[{"floor":6,"key":"MawBank"},{"floor":9,"key":"Omamori"},{"floor":26,"key":"Potion Belt"},{"floor":28,"key":"Tiny Chest"},{"floor":36,"key":"Dead Branch"},{"floor":42,"key":"Strawberry"},{"floor":43,"key":"Mummified Hand"},{"floor":44,"key":"Sundial"},{"floor":47,"key":"Boot"}],"event_choices":[{"damage_healed":0,"gold_gain":0,"player_choice":"Got Potions","damage_taken":0,"max_hp_gain":0,"max_hp_loss":0,"event_name":"Lab","floor":2,"gold_loss":0},{"damage_healed":0,"gold_gain":0,"player_choice":"Entered Light","damage_taken":17,"max_hp_gain":0,"max_hp_loss":0,"event_name":"Shining Light","floor":8,"gold_loss":0,"cards_upgraded":["Strike_B","Heatsinks"]},{"cards_removed":["Strike_B"],"damage_healed":0,"gold_gain":0,"player_choice":"Card Removal","damage_taken":7,"max_hp_gain":0,"max_hp_loss":0,"event_name":"Golden Wing","floor":12,"gold_loss":0},{"damage_healed":0,"gold_gain":0,"player_choice":"Upgrade","damage_taken":0,"max_hp_gain":0,"max_hp_loss":0,"event_name":"Designer","floor":19,"gold_loss":40,"cards_upgraded":["Defragment"]},{"damage_healed":0,"gold_gain":0,"player_choice":"2 cards matched","damage_taken":0,"max_hp_gain":0,"max_hp_loss":0,"event_name":"Match and Keep!","floor":27,"gold_loss":0,"cards_obtained":["Undo","Gash"]},{"damage_healed":0,"gold_gain":0,"player_choice":"Fight","damage_taken":0,"max_hp_gain":0,"max_hp_loss":0,"event_name":"MindBloom","floor":36,"gold_loss":0},{"damage_healed":0,"gold_gain":0,"player_choice":"Memory 1","damage_taken":0,"max_hp_gain":0,"max_hp_loss":0,"event_name":"SensoryStone","floor":37,"gold_loss":0},{"cards_removed":["Sweeping Beam"],"damage_healed":0,"gold_gain":0,"player_choice":"Removed Attack","damage_taken":0,"max_hp_gain":0,"max_hp_loss":0,"event_name":"Falling","floor":39,"gold_loss":0}],"is_beta":false,"boss_relics":[{"not_picked":["Ectoplasm","FrozenCore"],"picked":"Cursed Key"},{"not_picked":["Orrery","Coffee Dripper"],"picked":"White Beast Statue"}],"items_purged_floors":[],"is_endless":false,"potions_floor_spawned":[3,4,10,22,24,28,33,35,36,41,42,44,45,46,47,48],"ascension_level":14}