{"gold_per_floor":[113,131,131,150,4,4,30,30,107,107,123,151,226,253,253,325,325,337,337,355,355,368,368,243,243,269,269,283,309,309,328,328,399,399,411,427,427,446,458,458,474,63,63,163,173,189,189,199,199,199],"floor_reached":51,"playtime":2487,"items_purged":["Sunder","Dualcast"],"score":1146,"play_id":"b36b6232-6082-45ca-8ea9-10157a46d072","local_time":"20190208214350","is_ascension_mode":true,"campfire_choices":[{"data":"Defragment","floor":6.0,"key":"SMITH"},{"data":"Zap","floor":8.0,"key":"SMITH"},{"data":"Defend_B","floor":10.0,"key":"SMITH"},{"data":"Go for the Eyes","floor":15.0,"key":"SMITH"},{"data":"Leap","floor":23,"key":"SMITH"},{"data":"Biased Cognition","floor":25,"key":"SMITH"},{"data":"Steam","floor":27,"key":"SMITH"},{"data":"Lockon","floor":30,"key":"SMITH"},{"data":"Beam Cell","floor":32,"key":"SMITH"},{"data":"Steam","floor":40,"key":"SMITH"},{"data":"Capacitor","floor":47,"key":"SMITH"},{"floor":49,"key":"REST"}],"neow_cost":"PERCENT_DAMAGE","seed_source_timestamp":6275657296571,"circlet_count":0,"master_deck":["AscendersBane","Zap+1","Coolheaded+1","Ball Lightning+1","Genetic Algorithm","Defragment+1","Chill","Seek","Go for the Eyes+1","Core Surge","Biased Cognition+1","Steam+1","Sweeping Beam","Steam+1","Lockon+1","Beam Cell+1","Barrage","Leap+1","Self Repair","Seek","Capacitor+1"],"special_seed":0,"relics":["Cracked Core","Ginger","Blood Vial","Matryoshka","Omamori","Smiling Mask","Pandora\u0027s Box","Boot","Letter Opener","DataDisk","Bronze Scales","Velvet Choker","TheAbacus","Tiny Chest","Art of War","Frozen Egg 2"],"potions_floor_usage":[29,38,50,50],"damage_taken":[{"damage":4.0,"enemies":"Jaw Worm","floor":1.0,"turns":4.0},{"damage":0.0,"enemies":"2 Louse","floor":2.0,"turns":2.0},{"damage":0.0,"enemies":"Cultist","floor":4.0,"turns":3.0},{"damage":3.0,"enemies":"3 Sentries","floor":7.0,"turns":8.0},{"damage":0.0,"enemies":"3 Louse","floor":11.0,"turns":3.0},{"damage":6.0,"enemies":"Gremlin Nob","floor":12.0,"turns":3.0},{"damage":9.0,"enemies":"3 Sentries","floor":14.0,"turns":7.0},{"damage":24.0,"enemies":"Hexaghost","floor":16.0,"turns":10.0},{"damage":14,"enemies":"2 Thieves","floor":18,"turns":4},{"damage":7,"enemies":"3 Byrds","floor":20,"turns":4},{"damage":18,"enemies":"Shelled Parasite and Fungi","floor":22,"turns":3},{"damage":4,"enemies":"Cultist and Chosen","floor":28,"turns":4},{"damage":0,"enemies":"Slavers","floor":29,"turns":4},{"damage":5,"enemies":"Snecko","floor":31,"turns":5},{"damage":28,"enemies":"Champ","floor":33,"turns":10},{"damage":0,"enemies":"Orb Walker","floor":35,"turns":3},{"damage":25,"enemies":"3 Shapes","floor":36,"turns":4},{"damage":0,"enemies":"Maw","floor":38,"turns":5},{"damage":0,"enemies":"4 Shapes","floor":39,"turns":5},{"damage":2,"enemies":"Writhing Mass","floor":41,"turns":5},{"damage":18,"enemies":"Spire Growth","floor":45,"turns":4},{"damage":16,"enemies":"4 Shapes","floor":46,"turns":5},{"damage":14,"enemies":"Sphere and 2 Shapes","floor":48,"turns":3},{"damage":33,"enemies":"Awakened One","floor":50,"turns":11}],"seed_played":"8448679394822598035","potions_obtained":[{"floor":1.0,"key":"Weak Potion"},{"floor":4.0,"key":"Swift Potion"},{"floor":7.0,"key":"Regen Potion"},{"floor":16.0,"key":"SkillPotion"},{"floor":18,"key":"Regen Potion"},{"floor":33,"key":"SteroidPotion"},{"floor":38,"key":"Dexterity Potion"}],"is_trial":false,"path_per_floor":["M","M","?","M","$","R","E","R","T","R","M","E","?","E","R","B",null,"M","?","M","?","M","R","$","R","T","R","M","E","R","M","R","B",null,"M","M","?","M","M","R","M","$","T","?","M","M","R","M","R","B",null],"character_chosen":"DEFECT","items_purchased":["Defragment","Chill","Self Repair","PowerPotion","TheAbacus","Tiny Chest"],"campfire_rested":1,"item_purchase_floors":[5,5,24,42,42,42],"current_hp_per_floor":[46,46,31,31,31,31,28,28,28,28,30,26,15,23,23,1,57,45,45,40,75,57,57,57,57,57,57,62,71,71,75,75,54,70,75,57,57,71,71,71,71,71,71,71,53,46,46,41,62,38],"gold":199,"neow_bonus":"ONE_RARE_RELIC","is_prod":false,"is_daily":false,"chose_seed":false,"campfire_upgraded":11,"win_rate":0,"timestamp":1549673030,"path_taken":["M","M","?","M","$","R","E","R","T","R","M","E","?","E","R","BOSS","M","?","M","?","?","R","$","R","T","R","M","E","R","M","R","BOSS","M","M","?","M","M","R","M","$","T","?","M","?","R","M","R","BOSS"],"build_version":"2018-11-15","purchased_purges":2,"victory":true,"max_hp_per_floor":[75,75,75,75,75,75,75,75,75,75,75,75,75,75,75,75,75,75,75,75,75,75,75,75,75,75,75,75,75,75,75,75,75,75,75,75,71,71,71,71,71,71,71,71,71,71,71,71,71,71],"card_choices":[{"not_picked":["Undo","Rebound"],"picked":"Coolheaded","floor":1.0},{"not_picked":["Beam Cell","Force Field"],"picked":"Ball Lightning","floor":2.0},{"not_picked":["Stack","Compile Driver"],"picked":"Genetic Algorithm","floor":4.0},{"not_picked":["Turbo","Redo"],"picked":"Seek","floor":7.0},{"not_picked":["Sweeping Beam","Barrage"],"picked":"Go for the Eyes","floor":11.0},{"not_picked":["Streamline","Redo","Steam"],"picked":"SKIP","floor":12.0},{"not_picked":["Beam Cell","Hologram"],"picked":"Core Surge","floor":14.0},{"not_picked":["Multi-Cast","Electrodynamics"],"picked":"Biased Cognition","floor":16.0},{"not_picked":["Coolheaded","Skim","Hello World"],"picked":"SKIP","floor":18},{"not_picked":["Fusion","Lockon","Go for the Eyes+1"],"picked":"SKIP","floor":20},{"not_picked":["Fusion+1","Turbo"],"picked":"Leap","floor":22},{"not_picked":["Chill","Leap","Redo"],"picked":"SKIP","floor":28},{"not_picked":["Biased Cognition","Static Discharge","Go for the Eyes"],"picked":"SKIP","floor":29},{"not_picked":["Sweeping Beam","Cold Snap","Barrage"],"picked":"SKIP","floor":31},{"not_picked":["Thunder Strike","Buffer"],"picked":"Seek","floor":33},{"not_picked":["Conserve Battery","Steam Power","BootSequence"],"picked":"SKIP","floor":35},{"not_picked":["Force Field","Sunder+1","Stack"],"picked":"SKIP","floor":36},{"not_picked":["Beam Cell","Gash","Streamline+1"],"picked":"SKIP","floor":38},{"not_picked":["Darkness","Ball Lightning","Streamline"],"picked":"SKIP","floor":39},{"not_picked":["Ball Lightning","Hologram"],"picked":"Capacitor","floor":41},{"not_picked":["Reboot","Sweeping Beam","Beam Cell+1"],"picked":"SKIP","floor":45},{"not_picked":["Stack","Storm+1","Sweeping Beam+1"],"picked":"SKIP","floor":46},{"not_picked":["Compile Driver","Sweeping Beam","Gash"],"picked":"SKIP","floor":48}],"player_experience":115730,"relics_obtained":[{"floor":7.0,"key":"Blood Vial"},{"floor":9.0,"key":"Matryoshka"},{"floor":12.0,"key":"Omamori"},{"floor":14.0,"key":"Smiling Mask"},{"floor":26,"key":"Letter Opener"},{"floor":26,"key":"DataDisk"},{"floor":29,"key":"Bronze Scales"},{"floor":43,"key":"Art of War"},{"floor":43,"key":"Frozen Egg 2"}],"event_choices":[{"damage_healed":0.0,"max_hp_gain":0.0,"max_hp_loss":0.0,"gold_gain":0.0,"event_name":"Shining Light","player_choice":"Entered Light","floor":3.0,"gold_loss":0.0,"damage_taken":15.0,"cards_upgraded":["Ball Lightning","Coolheaded"]},{"damage_healed":0.0,"max_hp_gain":0.0,"max_hp_loss":0.0,"gold_gain":75.0,"event_name":"World of Goop","player_choice":"Gather Gold","floor":13.0,"gold_loss":0.0,"damage_taken":11.0},{"damage_healed":0,"gold_gain":0,"player_choice":"Opened","damage_taken":0,"relics_obtained":["Boot"],"max_hp_gain":0,"max_hp_loss":0,"event_name":"The Mausoleum","floor":19,"gold_loss":0,"cards_obtained":["Writhe"]},{"cards_removed":["Force Field"],"damage_healed":35,"gold_gain":0,"player_choice":"Offered Uncommon","damage_taken":0,"max_hp_gain":0,"max_hp_loss":0,"event_name":"Bonfire Elementals","floor":21,"gold_loss":0},{"damage_healed":0,"gold_gain":0,"player_choice":"Max HP","damage_taken":0,"max_hp_gain":0,"max_hp_loss":4,"event_name":"Winding Halls","floor":37,"gold_loss":0},{"damage_healed":0,"gold_gain":100,"player_choice":"Pray","damage_taken":0,"max_hp_gain":0,"max_hp_loss":0,"event_name":"Golden Shrine","floor":44,"gold_loss":0}],"is_beta":false,"boss_relics":[{"not_picked":["Empty Cage","Calling Bell"],"picked":"Pandora\u0027s Box"},{"not_picked":["Philosopher\u0027s Stone","Tiny House"],"picked":"Velvet Choker"}],"items_purged_floors":[24,42],"is_endless":false,"potions_floor_spawned":[1,4,7,16,18,28,33,36,38,48],"ascension_level":13}