{"gold_per_floor":[109,109,10,10,24,24,24,24,24,24,24,41,41,56,56,56],"floor_reached":16,"playtime":2393,"items_purged":[],"score":145,"play_id":"bf7b01ed-6bb5-47dd-8e2a-722ca947506e","local_time":"20190210090359","is_ascension_mode":true,"campfire_choices":[{"data":"Underhanded Strike","floor":6,"key":"SMITH"},{"data":"Footwork","floor":8,"key":"SMITH"},{"data":"Dagger Spray","floor":13,"key":"SMITH"},{"data":"Neutralize","floor":15,"key":"SMITH"}],"neow_cost":"NONE","seed_source_timestamp":816197339089600,"circlet_count":0,"master_deck":["AscendersBane","Defend_G","Defend_G","Defend_G","Defend_G+1","Defend_G","Strike_G+1","Strike_G","Strike_G","Strike_G","Survivor","Neutralize+1","Underhanded Strike+1","Footwork+1","Bane","Escape Plan","Dagger Spray+1"],"relics":["Ring of the Snake","Bag of Preparation","Centennial Puzzle"],"potions_floor_usage":[16],"damage_taken":[{"damage":14,"enemies":"Jaw Worm","floor":1,"turns":7},{"damage":0,"enemies":"Small Slimes","floor":5,"turns":3},{"damage":0,"enemies":"Cultist","floor":12,"turns":4},{"damage":6,"enemies":"Large Slime","floor":14,"turns":8},{"damage":55,"enemies":"Slime Boss","floor":16,"turns":9}],"seed_played":"3596122638630749536","potions_obtained":[{"floor":1,"key":"Strength Potion"},{"floor":14,"key":"PowerPotion"}],"is_trial":false,"path_per_floor":["M","?","$","?","M","R","T","R","T","?","$","M","R","M","R","B"],"character_chosen":"THE_SILENT","items_purchased":["Footwork","Bane"],"campfire_rested":0,"item_purchase_floors":[3,3],"current_hp_per_floor":[49,35,35,35,35,35,35,35,35,58,58,58,58,52,52,0],"gold":56,"neow_bonus":"REMOVE_CARD","is_prod":false,"is_daily":false,"chose_seed":false,"campfire_upgraded":4,"win_rate":0,"timestamp":1549814639,"path_taken":["M","?","$","?","M","R","?","R","T","?","$","?","R","M","R","BOSS"],"build_version":"2019-01-23","purchased_purges":0,"victory":false,"max_hp_per_floor":[70,70,70,70,70,70,70,70,70,70,70,70,70,70,70,70],"card_choices":[{"not_picked":["Well Laid Plans","Acrobatics"],"picked":"Underhanded Strike","floor":1},{"not_picked":["Prepared","Dagger Throw"],"picked":"Escape Plan","floor":5},{"not_picked":["Backflip","Dodge and Roll"],"picked":"Dagger Spray","floor":12},{"not_picked":["Skewer","Backflip","Dodge and Roll"],"picked":"SKIP","floor":14}],"player_experience":907868,"relics_obtained":[{"floor":7,"key":"Bag of Preparation"},{"floor":9,"key":"Centennial Puzzle"}],"event_choices":[{"damage_healed":0,"gold_gain":0,"player_choice":"Entered Light","damage_taken":14,"max_hp_gain":0,"max_hp_loss":0,"event_name":"Shining Light","floor":2,"gold_loss":0,"cards_upgraded":["Strike_G","Defend_G"]},{"damage_healed":0,"gold_gain":0,"player_choice":"Ignored","damage_taken":0,"max_hp_gain":0,"max_hp_loss":0,"event_name":"Liars Game","floor":4,"gold_loss":0},{"damage_healed":23,"gold_gain":0,"player_choice":"Banana","damage_taken":0,"max_hp_gain":0,"max_hp_loss":0,"event_name":"Big Fish","floor":10,"gold_loss":0}],"is_beta":false,"boss_relics":[],"items_purged_floors":[],"is_endless":false,"potions_floor_spawned":[1,14],"killed_by":"Slime Boss","ascension_level":13}