{"gold_per_floor":[111,286,297,152,152,183,200,200,200,25,42,42,42,19,19,122,122,133,146,7,19,19,54,54,87,87,26,26,46,59,41,41,41],"floor_reached":33,"playtime":1391,"items_purged":["Doubt","Pain"],"score":336,"play_id":"d4fa7869-3bcd-44bb-9467-311270641516","local_time":"20190213141709","is_ascension_mode":true,"campfire_choices":[{"floor":8.0,"key":"REST"},{"data":"Blade Dance","floor":13.0,"key":"SMITH"},{"data":"Panache","floor":15.0,"key":"SMITH"},{"floor":24,"key":"REST"},{"floor":28,"key":"REST"},{"floor":32,"key":"REST"}],"neow_cost":"NONE","seed_source_timestamp":57891749281782,"circlet_count":0,"master_deck":["Defend_G","Defend_G","Defend_G","Defend_G","Defend_G","Strike_G","Strike_G","Strike_G","Strike_G","Strike_G","Survivor","Neutralize","Footwork","Sucker Punch","Footwork","Flying Knee","Panache+1","Blade Dance+1","Slice","Night Terror","Doubt","Regret","Finisher","PiercingWail+1","Terror+1","Bouncing Flask+1","Deadly Poison+1","Blade Dance+1","Footwork","Deflect+1","Poisoned Stab","Slice"],"special_seed":0,"relics":["Ring of the Snake","Pear","Vajra","Nunchaku","Calling Bell","Toxic Egg 2","Bronze Scales","Ginger","Darkstone Periapt","Calipers","Peace Pipe","The Courier"],"potions_floor_usage":[23],"damage_taken":[{"damage":1.0,"enemies":"Jaw Worm","floor":1.0,"turns":8.0},{"damage":3.0,"enemies":"Small Slimes","floor":3.0,"turns":5.0},{"damage":35.0,"enemies":"Lagavulin","floor":6.0,"turns":18.0},{"damage":0.0,"enemies":"Cultist","floor":7.0,"turns":4.0},{"damage":8.0,"enemies":"Lots of Slimes","floor":11.0,"turns":6.0},{"damage":31.0,"enemies":"The Guardian","floor":16.0,"turns":11.0},{"damage":6.0,"enemies":"Spheric Guardian","floor":18.0,"turns":3.0},{"damage":30.0,"enemies":"Chosen","floor":19.0,"turns":7.0},{"damage":6.0,"enemies":"Snake Plant","floor":21.0,"turns":4.0},{"damage":13,"enemies":"Slavers","floor":23,"turns":4},{"damage":41,"enemies":"Gremlin Leader","floor":25,"turns":5},{"damage":22,"enemies":"Chosen and Byrds","floor":29,"turns":4},{"damage":17,"enemies":"Snecko","floor":30,"turns":4},{"damage":37,"enemies":"Champ","floor":33,"turns":5}],"seed_played":"-9034170426792840615","potions_obtained":[{"floor":1.0,"key":"GhostInAJar"},{"floor":11.0,"key":"LiquidBronze"},{"floor":29,"key":"Explosive Potion"},{"floor":30,"key":"Dexterity Potion"}],"is_trial":false,"path_per_floor":["M","?","M","$","T","E","M","R","T","$","M","$","R","$","R","B",null,"M","M","$","M","?","E","R","E","T","$","R","M","M","$","R","B"],"character_chosen":"THE_SILENT","items_purchased":["Footwork","Panache","Slice","Terror+1","Footwork","Slice"],"campfire_rested":4,"item_purchase_floors":[4,10,14,20,27,31],"current_hp_per_floor":[76,76,73,73,83,48,48,74,74,74,66,66,66,66,66,35,87,81,51,51,45,45,32,58,17,17,17,43,21,4,4,30,0],"gold":41,"neow_bonus":"TEN_PERCENT_HP_BONUS","is_prod":false,"is_daily":false,"chose_seed":false,"campfire_upgraded":2,"win_rate":0,"timestamp":1550056629,"path_taken":["M","?","M","$","?","E","M","R","T","?","M","$","R","$","R","BOSS","M","M","$","M","?","E","R","E","T","$","R","M","?","?","R","BOSS"],"build_version":"2019-01-23","purchased_purges":2,"victory":false,"max_hp_per_floor":[77,77,77,77,87,87,87,87,87,87,87,87,87,87,87,87,87,87,87,87,87,87,87,87,87,87,87,87,87,87,87,87,87],"card_choices":[{"not_picked":["Leg Sweep","Underhanded Strike"],"picked":"Footwork","floor":1.0},{"not_picked":["Bane","Eviscerate"],"picked":"Sucker Punch","floor":3.0},{"not_picked":["Deflect","Dodge and Roll"],"picked":"Flying Knee","floor":6.0},{"not_picked":["Leg Sweep","Riddle With Holes","Concentrate"],"picked":"SKIP","floor":7.0},{"not_picked":["Dagger Spray","Backflip"],"picked":"Blade Dance","floor":11.0},{"not_picked":["Unload","Glass Knife"],"picked":"Night Terror","floor":16.0},{"not_picked":["Eviscerate","Backflip+1"],"picked":"Finisher","floor":18.0},{"not_picked":["Tactician+1","Bane+1"],"picked":"PiercingWail+1","floor":19.0},{"not_picked":["Expertise+1","Dagger Throw+1"],"picked":"Bouncing Flask+1","floor":21.0},{"not_picked":["Escape Plan+1","Predator"],"picked":"Deadly Poison+1","floor":23},{"not_picked":["Calculated Gamble+1","Bane+1"],"picked":"Blade Dance+1","floor":25},{"not_picked":["Acrobatics+1","Deadly Poison+1"],"picked":"Deflect+1","floor":29},{"not_picked":["Crippling Poison+1","Outmaneuver+1"],"picked":"Poisoned Stab","floor":30}],"player_experience":379687,"relics_obtained":[{"floor":5.0,"key":"Pear"},{"floor":6.0,"key":"Vajra"},{"floor":9.0,"key":"Nunchaku"},{"floor":17.0,"key":"Toxic Egg 2"},{"floor":17.0,"key":"Bronze Scales"},{"floor":17.0,"key":"Ginger"},{"floor":23,"key":"Calipers"},{"floor":25,"key":"Peace Pipe"},{"floor":26,"key":"The Courier"}],"event_choices":[{"damage_healed":0.0,"max_hp_gain":0.0,"max_hp_loss":0.0,"gold_gain":175.0,"event_name":"Liars Game","player_choice":"AGREE","floor":2.0,"gold_loss":0.0,"damage_taken":0.0,"cards_obtained":["Doubt"]},{"damage_healed":0.0,"max_hp_gain":0.0,"max_hp_loss":0.0,"gold_gain":0.0,"event_name":"WeMeetAgain","player_choice":"Gave Potion","floor":22.0,"gold_loss":0.0,"damage_taken":0.0,"relics_obtained":["Darkstone Periapt"]}],"is_beta":false,"boss_relics":[{"not_picked":["Tiny House","Runic Pyramid"],"picked":"Calling Bell"}],"items_purged_floors":[4,20],"is_endless":false,"potions_floor_spawned":[1,11,23,29,30],"killed_by":"Champ","ascension_level":2}