{"gold_per_floor":[116,291,291,291,291,291,326,326,326,326,326,27,45,57,57,153,153,171,171,19,19,32,32,32,52,77,77,9,19,19,19,19,19],"floor_reached":33,"playtime":1018,"items_purged":[],"score":264,"play_id":"dd38c3f9-ebe7-45c8-bbd1-1ab000a5cbbb","local_time":"20190207074314","is_ascension_mode":false,"campfire_choices":[{"data":"Darkness","floor":6.0,"key":"SMITH"},{"floor":8.0,"key":"REST"},{"floor":15.0,"key":"REST"},{"data":"Thunder Strike","floor":24.0,"key":"SMITH"},{"data":"Darkness","floor":27.0,"key":"SMITH"},{"data":"Thunder Strike","floor":32.0,"key":"SMITH"}],"neow_cost":"NONE","seed_source_timestamp":37556899738722,"circlet_count":0,"master_deck":["Strike_B","Strike_B","Strike_B","Strike_B","Defend_B","Defend_B","Defend_B","Defend_B","Zap","Dualcast","Darkness+1","Consume","Darkness+1","Static Discharge+1","Leap","Coolheaded","Darkness","Thunder Strike+1","Shame","Barrage+1","Thunder Strike+1","Buffer+1"],"special_seed":0,"relics":["Cracked Core","Meat on the Bone","Frozen Egg 2","Smiling Mask","Oddly Smooth Stone","Eternal Feather","Nloth\u0027s Gift","Dream Catcher","Lantern","Blood Vial"],"potions_floor_usage":[],"damage_taken":[{"damage":1.0,"enemies":"Jaw Worm","floor":1.0,"turns":3.0},{"damage":51.0,"enemies":"Gremlin Nob","floor":7.0,"turns":5.0},{"damage":0.0,"enemies":"Small Slimes","floor":13.0,"turns":4.0},{"damage":0.0,"enemies":"2 Louse","floor":14.0,"turns":3.0},{"damage":5.0,"enemies":"Slime Boss","floor":16.0,"turns":6.0},{"damage":16.0,"enemies":"Spheric Guardian","floor":18.0,"turns":5.0},{"damage":12.0,"enemies":"Chosen","floor":22.0,"turns":4.0},{"damage":27.0,"enemies":"Centurion and Healer","floor":25.0,"turns":6.0},{"damage":21.0,"enemies":"Snake Plant","floor":29.0,"turns":3.0},{"damage":91,"enemies":"Champ","floor":33,"turns":9}],"seed_played":"-5359567925016100151","potions_obtained":[{"floor":13.0,"key":"Explosive Potion"},{"floor":14.0,"key":"SkillPotion"}],"is_trial":false,"path_per_floor":["M","?","?","T","?","R","E","R","T","?","?","$","M","M","R","B",null,"M","?","$","?","M","?","R","M","T","R","$","M","?","T","R","B"],"character_chosen":"DEFECT","items_purchased":["Darkness","Static Discharge+1","Oddly Smooth Stone","Thunder Strike","Thunder Strike"],"campfire_rested":2,"item_purchase_floors":[12,12,12,20,28],"current_hp_per_floor":[81,81,74,74,67,67,28,52,52,52,57,57,57,57,83,78,87,71,71,71,71,59,97,97,70,70,82,82,61,61,61,73,0],"gold":19,"neow_bonus":"TEN_PERCENT_HP_BONUS","is_prod":false,"is_daily":false,"chose_seed":false,"campfire_upgraded":4,"win_rate":0.0,"timestamp":1549514594,"path_taken":["M","?","?","?","?","R","E","R","T","?","?","$","M","M","R","BOSS","M","?","?","?","M","?","R","M","T","R","$","?","?","?","R","BOSS"],"build_version":"2019-01-23","purchased_purges":0,"victory":false,"max_hp_per_floor":[82,82,82,82,82,82,82,82,82,82,87,87,87,87,87,87,87,87,87,87,87,87,97,97,97,97,97,97,97,97,97,97,97],"card_choices":[{"not_picked":["Ball Lightning","Stack"],"picked":"Darkness","floor":1.0},{"not_picked":["Fission","Steam"],"picked":"Consume","floor":7.0},{"not_picked":["Beam Cell","Stack"],"picked":"Leap","floor":13.0},{"not_picked":["Hologram","Conserve Battery"],"picked":"Coolheaded","floor":14.0},{"not_picked":["Seek","Multi-Cast"],"picked":"Creative AI+1","floor":16.0},{"not_picked":["Blizzard+1","Compile Driver"],"picked":"Darkness","floor":18.0},{"not_picked":["Conserve Battery","Streamline","Lockon"],"picked":"SKIP","floor":22.0},{"not_picked":["Conserve Battery","Skim"],"picked":"Barrage+1","floor":25.0},{"not_picked":["Barrage","Consume+1"],"picked":"Buffer+1","floor":29.0}],"player_experience":220231,"relics_obtained":[{"floor":4.0,"key":"Frozen Egg 2"},{"floor":7.0,"key":"Smiling Mask"},{"floor":9.0,"key":"Pen Nib"},{"floor":26.0,"key":"Lantern"},{"floor":31.0,"key":"Blood Vial"}],"event_choices":[{"damage_healed":0.0,"max_hp_gain":0.0,"max_hp_loss":0.0,"gold_gain":175.0,"event_name":"Liars Game","player_choice":"AGREE","floor":2.0,"gold_loss":0.0,"damage_taken":0.0,"cards_obtained":["Doubt"]},{"damage_healed":0.0,"max_hp_gain":0.0,"max_hp_loss":0.0,"gold_gain":0.0,"event_name":"Scrap Ooze","player_choice":"Success","floor":3.0,"gold_loss":0.0,"damage_taken":7.0,"relics_obtained":["Meat on the Bone"]},{"cards_removed":["Doubt"],"damage_healed":0.0,"max_hp_gain":0.0,"max_hp_loss":0.0,"gold_gain":0.0,"event_name":"Golden Wing","player_choice":"Card Removal","floor":5.0,"gold_loss":0.0,"damage_taken":7.0},{"damage_healed":0.0,"max_hp_gain":0.0,"max_hp_loss":0.0,"gold_gain":0.0,"event_name":"Shining Light","player_choice":"Ignored","floor":10.0,"gold_loss":0.0,"damage_taken":0.0},{"damage_healed":0.0,"max_hp_gain":5.0,"max_hp_loss":0.0,"gold_gain":0.0,"event_name":"Big Fish","player_choice":"Donut","floor":11.0,"gold_loss":0.0,"damage_taken":0.0},{"damage_healed":0.0,"max_hp_gain":0.0,"max_hp_loss":0.0,"gold_gain":0.0,"event_name":"N\u0027loth","player_choice":"Traded Relic","floor":19.0,"relics_lost":["Pen Nib"],"gold_loss":0.0,"damage_taken":0.0,"relics_obtained":["Nloth\u0027s Gift"]},{"damage_healed":0.0,"max_hp_gain":0.0,"max_hp_loss":0.0,"gold_gain":0.0,"event_name":"Addict","player_choice":"Stole Relic","floor":21.0,"gold_loss":0.0,"damage_taken":0.0,"relics_obtained":["Dream Catcher"],"cards_obtained":["Shame"]},{"cards_removed":["Creative AI"],"damage_healed":28.0,"max_hp_gain":10.0,"max_hp_loss":0.0,"gold_gain":0.0,"event_name":"Bonfire Elementals","player_choice":"Offered Rare","floor":23.0,"gold_loss":0.0,"damage_taken":0.0},{"damage_healed":0.0,"max_hp_gain":0.0,"max_hp_loss":0.0,"gold_gain":0.0,"event_name":"Beggar","player_choice":"Ignored","floor":30.0,"gold_loss":0.0,"damage_taken":0.0}],"is_beta":false,"boss_relics":[{"not_picked":["Runic Pyramid","White Beast Statue"],"picked":"Eternal Feather"}],"items_purged_floors":[],"is_endless":false,"potions_floor_spawned":[13,14],"killed_by":"Champ","ascension_level":0}