{"gold_per_floor":[117,117,133,58,69,69,98,98,146,164,178,195,215,231,231,326,326,337,337,337,247,147,160,172,183,207,82,96,111,124,205,205,303,303,319,339,339,339,189,189],"floor_reached":40,"playtime":1693,"items_purged":["Defend_R","Strike_R","Defend_R","Strike_R"],"score":394,"play_id":"dd3d791c-c99e-478e-bf6a-9b9f4f36ce27","local_time":"20190211085230","is_ascension_mode":false,"campfire_choices":[{"data":"Shrug It Off","floor":6,"key":"SMITH"},{"data":"Bash","floor":8,"key":"SMITH"},{"data":"Clash","floor":15,"key":"SMITH"},{"floor":32,"key":"REST"}],"neow_cost":"NONE","seed_source_timestamp":44670364800399,"circlet_count":0,"master_deck":["Strike_R+1","Bash+1","Shrug It Off+1","Clash+1"],"special_seed":0,"relics":["Black Blood","Regal Pillow","Orichalcum","Empty Cage","Ancient Tea Set","Red Skull","Self Forming Clay"],"potions_floor_usage":[16,29,30,30,33,35],"damage_taken":[{"damage":7.0,"enemies":"2 Louse","floor":1.0,"turns":3.0},{"damage":5,"enemies":"Cultist","floor":3,"turns":4},{"damage":3,"enemies":"Jaw Worm","floor":5,"turns":4},{"damage":34,"enemies":"3 Sentries","floor":7,"turns":14},{"damage":3,"enemies":"Blue Slaver","floor":10,"turns":5},{"damage":4,"enemies":"2 Fungi Beasts","floor":11,"turns":5},{"damage":0,"enemies":"Exordium Thugs","floor":12,"turns":4},{"damage":2,"enemies":"Blue Slaver","floor":13,"turns":3},{"damage":1,"enemies":"Exordium Wildlife","floor":14,"turns":6},{"damage":66,"enemies":"Slime Boss","floor":16,"turns":16},{"damage":26,"enemies":"Chosen","floor":18,"turns":5},{"damage":9,"enemies":"2 Thieves","floor":23,"turns":4},{"damage":9,"enemies":"Shelled Parasite and Fungi","floor":24,"turns":7},{"damage":25,"enemies":"Snake Plant","floor":25,"turns":3},{"damage":0,"enemies":"Cultist and Chosen","floor":28,"turns":4},{"damage":4,"enemies":"Chosen and Byrds","floor":29,"turns":4},{"damage":23,"enemies":"Centurion and Healer","floor":30,"turns":4},{"damage":65,"enemies":"Champ","floor":33,"turns":9},{"damage":29,"enemies":"3 Darklings","floor":35,"turns":4},{"damage":4,"enemies":"Orb Walker","floor":36,"turns":3},{"damage":85,"enemies":"Nemesis","floor":40,"turns":6}],"seed_played":"-6475529356795327035","potions_obtained":[{"floor":1.0,"key":"BloodPotion"},{"floor":11,"key":"EssenceOfSteel"},{"floor":12,"key":"PowerPotion"},{"floor":14,"key":"BloodPotion"},{"floor":25,"key":"Poison Potion"},{"floor":29,"key":"BloodPotion"},{"floor":30,"key":"Explosive Potion"},{"floor":33,"key":"LiquidBronze"},{"floor":35,"key":"Explosive Potion"}],"is_trial":false,"path_per_floor":["M","?","M","$","M","R","E","R","T","M","M","M","M","M","R","B",null,"M","?","?","?","$","M","M","M","T","$","M","M","M","T","R","B",null,"M","M","?","?","$","E"],"character_chosen":"IRONCLAD","items_purchased":[],"campfire_rested":1,"item_purchase_floors":[],"current_hp_per_floor":[87,87,88,88,88,88,60,60,60,63,65,71,75,80,80,20,88,68,68,51,51,51,48,45,26,26,26,32,43,44,44,86,27,93,74,80,80,80,80,0],"gold":189,"neow_bonus":"TEN_PERCENT_HP_BONUS","is_prod":false,"is_daily":false,"chose_seed":false,"campfire_upgraded":3,"win_rate":0,"timestamp":1549864350,"path_taken":["M","?","M","$","?","R","E","R","T","M","M","M","M","M","R","BOSS","M","?","?","?","$","M","M","?","T","$","M","M","M","?","R","BOSS","M","M","?","?","?","E"],"build_version":"2019-01-23","purchased_purges":4,"victory":false,"max_hp_per_floor":[88,88,88,88,88,88,88,88,88,88,88,88,88,88,88,88,88,88,88,93,93,93,93,93,93,93,93,93,93,93,93,93,93,93,93,93,93,93,93,93],"card_choices":[{"not_picked":["Hemokinesis","Thunderclap","Perfected Strike"],"picked":"SKIP","floor":1.0},{"not_picked":["Intimidate","Flex","Disarm"],"picked":"SKIP","floor":3},{"not_picked":["Evolve","Clothesline","Wild Strike"],"picked":"SKIP","floor":5},{"not_picked":["Reckless Charge","Warcry","Battle Trance"],"picked":"SKIP","floor":7},{"not_picked":["Bloodletting","Dual Wield","Wild Strike"],"picked":"SKIP","floor":10},{"not_picked":["Iron Wave","Flex","Power Through"],"picked":"SKIP","floor":11},{"not_picked":["Carnage","Headbutt","Infernal Blade"],"picked":"SKIP","floor":12},{"not_picked":["Headbutt","Corruption","Power Through"],"picked":"SKIP","floor":13},{"not_picked":["Feed","Clothesline"],"picked":"Clash","floor":14},{"not_picked":["Whirlwind","Bloodletting","Wild Strike"],"picked":"SKIP","floor":18},{"not_picked":["Sword Boomerang+1","Second Wind+1","Warcry"],"picked":"SKIP","floor":23},{"not_picked":["Fiend Fire","Perfected Strike","Infernal Blade+1"],"picked":"SKIP","floor":24},{"not_picked":["Fiend Fire","Perfected Strike","Infernal Blade+1"],"picked":"SKIP","floor":24},{"not_picked":["Seeing Red+1","Hemokinesis+1","Power Through"],"picked":"SKIP","floor":25},{"not_picked":["Heavy Blade","Headbutt","Wild Strike+1"],"picked":"SKIP","floor":28},{"not_picked":["Twin Strike","Headbutt","Clash"],"picked":"SKIP","floor":29},{"not_picked":["Headbutt+1","Fiend Fire","Twin Strike"],"picked":"SKIP","floor":30},{"not_picked":["Clothesline+1","Second Wind","Rupture"],"picked":"SKIP","floor":35},{"not_picked":["Headbutt","Disarm","Heavy Blade+1"],"picked":"SKIP","floor":36}],"player_experience":295025,"relics_obtained":[{"floor":7,"key":"Regal Pillow"},{"floor":9,"key":"Orichalcum"},{"floor":26,"key":"Red Skull"},{"floor":31,"key":"Self Forming Clay"}],"event_choices":[{"damage_healed":0,"gold_gain":0,"player_choice":"1 cards matched","damage_taken":0,"max_hp_gain":0,"max_hp_loss":0,"event_name":"Match and Keep!","floor":2,"gold_loss":0,"cards_obtained":["Shrug It Off"]},{"damage_healed":0,"gold_gain":0,"player_choice":"Opened","damage_taken":0,"relics_obtained":["Ancient Tea Set"],"max_hp_gain":0,"max_hp_loss":0,"event_name":"The Mausoleum","floor":19,"gold_loss":0},{"damage_healed":0,"gold_gain":0,"player_choice":"Shed Blood","damage_taken":22,"max_hp_gain":5,"max_hp_loss":0,"event_name":"Forgotten Altar","floor":20,"gold_loss":0},{"cards_removed":["Strike_R"],"damage_healed":0,"gold_gain":0,"player_choice":"Upgrade and Remove","damage_taken":0,"max_hp_gain":0,"max_hp_loss":0,"event_name":"Designer","floor":21,"gold_loss":90,"cards_upgraded":["Strike_R"]},{"damage_healed":0,"gold_gain":0,"player_choice":"Ignored","damage_taken":0,"max_hp_gain":0,"max_hp_loss":0,"event_name":"Tomb of Lord Red Mask","floor":37,"gold_loss":0},{"cards_removed":["Strike_R"],"damage_healed":0,"gold_gain":0,"player_choice":"Removed Attack","damage_taken":0,"max_hp_gain":0,"max_hp_loss":0,"event_name":"Falling","floor":38,"gold_loss":0}],"is_beta":false,"boss_relics":[{"not_picked":["Runic Dome","Philosopher\u0027s Stone"],"picked":"Empty Cage"},{"not_picked":["Calling Bell","Pandora\u0027s Box"],"picked":"Black Blood"}],"items_purged_floors":[4,22,27,39],"is_endless":false,"potions_floor_spawned":[1,11,12,13,14,25,29,30,33,35],"killed_by":"Nemesis","ascension_level":0}