{"gold_per_floor":[110,185,199,18,34,34,46,46,71,71,101,128,128,18,18,120,120,138,138,158,168,14,14,24,35,82,114,114,141,160,187,187,284,284,295,295,295,57,68,68,81,111,111,126,160,160,170,204,204,204],"floor_reached":51,"playtime":2440,"items_purged":["Strike_G"],"score":993,"play_id":"0a80dab0-3f21-41ab-b7a2-cebd62cc3917","local_time":"20190116193306","is_ascension_mode":true,"campfire_choices":[{"data":"Apotheosis","floor":6,"key":"SMITH"},{"data":"Neutralize","floor":8,"key":"SMITH"},{"data":"Skewer","floor":10,"key":"SMITH"},{"data":"Cloak And Dagger","floor":15,"key":"SMITH"},{"data":"PiercingWail","floor":23,"key":"SMITH"},{"data":"Bouncing Flask","floor":28,"key":"SMITH"},{"data":"Well Laid Plans","floor":32,"key":"SMITH"},{"data":"Deadly Poison","floor":40,"key":"SMITH"},{"data":"Sucker Punch","floor":46,"key":"SMITH"},{"floor":49,"key":"REST"}],"neow_cost":"NONE","seed_source_timestamp":89259428281650,"circlet_count":0,"master_deck":["Defend_G","Defend_G+1","Defend_G","Defend_G+1","Defend_G+1","Strike_G+1","Survivor","Neutralize+1","Poisoned Stab","Apotheosis+1","Skewer+1","Masterful Stab","Cloak And Dagger+1","Backflip","Infinite Blades+1","Corpse Explosion","Blade Dance+1","Cloak And Dagger+1","PiercingWail+1","Well Laid Plans+1","Bouncing Flask+1","Blur+1","Eviscerate+1","Burst+1","Deadly Poison+1","Poisoned Stab","Sucker Punch+1","Poisoned Stab+1"],"relics":["Ring of the Snake","Blood Vial","Snake Skull","Odd Mushroom","Centennial Puzzle","Busted Crown","Oddly Smooth Stone","Vajra","Paper Crane","Meat on the Bone","War Paint","Astrolabe","Bronze Scales","Shuriken","Unceasing Top","Bag of Preparation","Dodecahedron"],"potions_floor_usage":[24,25,27,33,44,47,50,50],"damage_taken":[{"damage":0,"enemies":"2 Louse","floor":1,"turns":3},{"damage":8,"enemies":"Jaw Worm","floor":3,"turns":6},{"damage":3,"enemies":"Small Slimes","floor":5,"turns":4},{"damage":0,"enemies":"Blue Slaver","floor":7,"turns":4},{"damage":9,"enemies":"The Mushroom Lair","floor":11,"turns":4},{"damage":15,"enemies":"Gremlin Nob","floor":12,"turns":4},{"damage":0,"enemies":"Hexaghost","floor":16,"turns":11},{"damage":0,"enemies":"3 Byrds","floor":18,"turns":2},{"damage":0,"enemies":"Shell Parasite","floor":20,"turns":3},{"damage":0,"enemies":"Centurion and Healer","floor":21,"turns":4},{"damage":0,"enemies":"Snake Plant","floor":24,"turns":4},{"damage":8,"enemies":"Shelled Parasite and Fungi","floor":25,"turns":5},{"damage":0,"enemies":"Slavers","floor":27,"turns":3},{"damage":21,"enemies":"Gremlin Leader","floor":29,"turns":5},{"damage":0,"enemies":"Centurion and Healer","floor":30,"turns":3},{"damage":19,"enemies":"Book of Stabbing","floor":31,"turns":4},{"damage":33,"enemies":"Champ","floor":33,"turns":9},{"damage":10,"enemies":"3 Shapes","floor":35,"turns":2},{"damage":6,"enemies":"Orb Walker","floor":39,"turns":4},{"damage":15,"enemies":"Maw","floor":41,"turns":6},{"damage":1,"enemies":"Giant Head","floor":42,"turns":7},{"damage":0,"enemies":"3 Darklings","floor":44,"turns":4},{"damage":7,"enemies":"Nemesis","floor":45,"turns":7},{"damage":6,"enemies":"Jaw Worm Horde","floor":47,"turns":2},{"damage":2,"enemies":"Giant Head","floor":48,"turns":7},{"damage":39,"enemies":"Awakened One","floor":50,"turns":10}],"seed_played":"1936778161583080436","potions_obtained":[{"floor":3,"key":"GhostInAJar"},{"floor":7,"key":"Block Potion"},{"floor":16,"key":"AttackPotion"},{"floor":18,"key":"Block Potion"},{"floor":30,"key":"SkillPotion"},{"floor":31,"key":"Swift Potion"},{"floor":33,"key":"Explosive Potion"},{"floor":39,"key":"Fire Potion"},{"floor":47,"key":"SteroidPotion"},{"floor":48,"key":"Fire Potion"}],"is_trial":false,"path_per_floor":["M","?","M","$","M","R","M","R","T","R","?","E","?","$","R","B",null,"M","?","M","M","$","R","M","M","T","E","R","E","M","E","R","B",null,"M","?","?","$","M","R","M","E","T","M","E","R","M","E","R","B",null],"character_chosen":"THE_SILENT","items_purchased":["Apotheosis","Infinite Blades","Oddly Smooth Stone","Deadly Poison","Bronze Scales","Poisoned Stab"],"campfire_rested":1,"item_purchase_floors":[4,14,22,38,38,38],"current_hp_per_floor":[70,59,53,53,52,52,54,54,54,54,47,34,20,20,20,22,70,70,70,70,70,70,70,70,62,62,64,64,45,47,42,42,23,70,60,60,60,60,56,56,43,44,44,46,41,41,37,37,56,31],"gold":204,"neow_bonus":"RANDOM_COMMON_RELIC","is_prod":false,"is_daily":false,"chose_seed":false,"campfire_upgraded":9,"win_rate":0,"timestamp":1547677986,"path_taken":["M","?","M","$","M","R","M","R","T","R","?","E","?","$","R","BOSS","M","?","M","M","$","R","M","M","T","E","R","E","?","E","R","BOSS","M","?","?","$","M","R","M","E","T","?","E","R","M","E","R","BOSS"],"build_version":"2018-11-15","purchased_purges":1,"victory":true,"max_hp_per_floor":[70,70,70,70,70,70,70,70,70,70,70,70,70,70,70,70,70,70,70,70,70,70,70,70,70,70,70,70,70,70,70,70,70,70,70,66,66,66,66,66,66,66,66,66,66,66,66,66,66,66],"card_choices":[{"not_picked":["Sucker Punch","Dagger Throw","Crippling Poison"],"picked":"SKIP","floor":1},{"not_picked":["Backflip","Bane"],"picked":"Poisoned Stab","floor":3},{"not_picked":["Finisher","Burst"],"picked":"Skewer","floor":5},{"not_picked":["Choke","Eviscerate"],"picked":"Masterful Stab","floor":7},{"not_picked":["Flying Knee","Dodge and Roll"],"picked":"Cloak And Dagger","floor":11},{"not_picked":["Endless Agony","Dagger Throw"],"picked":"Backflip","floor":12},{"not_picked":["Bullet Time","Doppelganger"],"picked":"Corpse Explosion","floor":16},{"not_picked":[],"picked":"Blade Dance+1","floor":18},{"not_picked":[],"picked":"Cloak And Dagger+1","floor":20},{"not_picked":[],"picked":"PiercingWail","floor":21},{"not_picked":[],"picked":"Well Laid Plans","floor":24},{"not_picked":["Bouncing Flask"],"picked":"SKIP","floor":25},{"not_picked":[],"picked":"Bouncing Flask","floor":25},{"not_picked":["Choke"],"picked":"SKIP","floor":27},{"not_picked":["Dagger Spray"],"picked":"SKIP","floor":29},{"not_picked":["Dagger Throw+1"],"picked":"SKIP","floor":30},{"not_picked":["Slice"],"picked":"SKIP","floor":31},{"not_picked":["Blur"],"picked":"SKIP","floor":35},{"not_picked":["Finisher"],"picked":"SKIP","floor":39},{"not_picked":[],"picked":"Sucker Punch","floor":41},{"not_picked":["Expertise+1"],"picked":"SKIP","floor":42},{"not_picked":["Underhanded Strike+1"],"picked":"SKIP","floor":44},{"not_picked":[],"picked":"Poisoned Stab+1","floor":45},{"not_picked":["Sucker Punch"],"picked":"SKIP","floor":47},{"not_picked":["Night Terror"],"picked":"SKIP","floor":48}],"player_experience":19133,"relics_obtained":[{"floor":9,"key":"Snake Skull"},{"floor":11,"key":"Odd Mushroom"},{"floor":12,"key":"Centennial Puzzle"},{"floor":26,"key":"Vajra"},{"floor":27,"key":"Paper Crane"},{"floor":29,"key":"Meat on the Bone"},{"floor":31,"key":"War Paint"},{"floor":42,"key":"Shuriken"},{"floor":43,"key":"Unceasing Top"},{"floor":45,"key":"Bag of Preparation"},{"floor":48,"key":"Dodecahedron"}],"event_choices":[{"damage_healed":0,"gold_gain":75,"player_choice":"Gather Gold","damage_taken":11,"max_hp_gain":0,"max_hp_loss":0,"event_name":"World of Goop","floor":2,"gold_loss":0},{"damage_healed":0,"gold_gain":0,"player_choice":"Fought Mushrooms","damage_taken":0,"max_hp_gain":0,"max_hp_loss":0,"event_name":"Mushrooms","floor":11,"gold_loss":0},{"damage_healed":0,"gold_gain":0,"player_choice":"Entered Light","damage_taken":14,"max_hp_gain":0,"max_hp_loss":0,"event_name":"Shining Light","floor":13,"gold_loss":0,"cards_upgraded":["Strike_G","Defend_G"]},{"damage_healed":0,"gold_gain":0,"player_choice":"Bought 0 Potions","damage_taken":0,"max_hp_gain":0,"max_hp_loss":0,"event_name":"The Woman in Blue","floor":19,"gold_loss":0},{"damage_healed":0,"gold_gain":0,"player_choice":"Max HP","damage_taken":0,"max_hp_gain":0,"max_hp_loss":4,"event_name":"Winding Halls","floor":36,"gold_loss":0},{"damage_healed":0,"gold_gain":0,"player_choice":"Upgraded","damage_taken":0,"max_hp_gain":0,"max_hp_loss":0,"event_name":"Upgrade Shrine","floor":37,"gold_loss":0,"cards_upgraded":["Infinite Blades"]}],"is_beta":false,"boss_relics":[{"not_picked":["Empty Cage","Runic Pyramid"],"picked":"Busted Crown"},{"not_picked":["Coffee Dripper","Sozu"],"picked":"Astrolabe"}],"items_purged_floors":[14],"is_endless":false,"potions_floor_spawned":[3,7,16,18,30,31,33,39,47,48],"ascension_level":3}