{"gold_per_floor":[113,123,123,123,142,153,167,178,202,202,377,377],"floor_reached":12,"playtime":924,"items_purged":[],"score":72,"play_id":"c4cf747f-6bdc-4ad8-a31c-cecd19581b57","local_time":"20190204062803","is_ascension_mode":false,"campfire_choices":[{"floor":10,"key":"REST"}],"neow_cost":"NONE","seed_source_timestamp":27631133036036,"circlet_count":0,"master_deck":["Defend_G","Defend_G","Defend_G","Defend_G","Defend_G","Strike_G","Strike_G","Strike_G","Strike_G","Strike_G","Survivor","Neutralize","Crippling Poison","Calculated Gamble","Eviscerate","Escape Plan","Catalyst","Phantasmal Killer","Bane","Doubt"],"relics":["Ring of the Snake","Bag of Marbles"],"potions_floor_usage":[],"damage_taken":[{"damage":2,"enemies":"Cultist","floor":1,"turns":5},{"damage":0,"enemies":"2 Louse","floor":2,"turns":3},{"damage":7,"enemies":"Jaw Worm","floor":5,"turns":5},{"damage":4,"enemies":"3 Louse","floor":6,"turns":3},{"damage":4,"enemies":"Gremlin Gang","floor":7,"turns":4},{"damage":11,"enemies":"Exordium Thugs","floor":8,"turns":6},{"damage":23,"enemies":"3 Sentries","floor":12,"turns":6}],"seed_played":"8698827866890739207","potions_obtained":[{"floor":1,"key":"AttackPotion"},{"floor":7,"key":"SteroidPotion"},{"floor":8,"key":"Energy Potion"}],"is_trial":false,"path_per_floor":["M","M","?","?","M","M","M","M","T","R","?","E"],"character_chosen":"THE_SILENT","items_purchased":[],"campfire_rested":1,"item_purchase_floors":[],"current_hp_per_floor":[68,68,68,68,61,57,53,42,42,63,63,40],"gold":377,"neow_bonus":"THREE_CARDS","is_prod":false,"is_daily":false,"chose_seed":false,"campfire_upgraded":0,"win_rate":0.0,"timestamp":1549250883,"path_taken":["M","M","?","?","?","M","M","?","T","R","?","E"],"build_version":"2019-01-23","purchased_purges":0,"victory":false,"max_hp_per_floor":[70,70,70,70,70,70,70,70,70,70,70,70],"card_choices":[{"not_picked":["Dagger Spray","Sucker Punch"],"picked":"Crippling Poison","floor":0},{"not_picked":["Dagger Spray","Deadly Poison"],"picked":"Calculated Gamble","floor":1},{"not_picked":["Sucker Punch","Caltrops"],"picked":"Eviscerate","floor":2},{"not_picked":["Backflip","PiercingWail"],"picked":"Escape Plan","floor":5},{"not_picked":["Sucker Punch","Dagger Spray"],"picked":"Catalyst","floor":6},{"not_picked":["Deflect","Calculated Gamble"],"picked":"Phantasmal Killer","floor":7},{"not_picked":["Dagger Spray","Backflip"],"picked":"Bane","floor":8}],"player_experience":152376,"relics_obtained":[{"floor":9,"key":"Bag of Marbles"}],"event_choices":[{"damage_healed":0,"gold_gain":0,"player_choice":"Ignored","damage_taken":0,"max_hp_gain":0,"max_hp_loss":0,"event_name":"Shining Light","floor":3,"gold_loss":0},{"damage_healed":0,"gold_gain":0,"player_choice":"Ignored","damage_taken":0,"max_hp_gain":0,"max_hp_loss":0,"event_name":"Purifier","floor":4,"gold_loss":0},{"damage_healed":0,"gold_gain":175,"player_choice":"AGREE","damage_taken":0,"max_hp_gain":0,"max_hp_loss":0,"event_name":"Liars Game","floor":11,"gold_loss":0,"cards_obtained":["Doubt"]}],"is_beta":false,"boss_relics":[],"items_purged_floors":[],"is_endless":false,"potions_floor_spawned":[1,7,8],"killed_by":"3 Sentries","ascension_level":0}