{"gold_per_floor":[18,118,131,146,156,156,190,241,289,30,57,77,77,97,97,198,198,209,308,218,235,235,235,253,273,323,117,117,117,128,163,163,265,265,275,31,31,48,0,0,31,47,47,79,29,29,49,63,63,63],"floor_reached":51,"playtime":5138,"items_purged":["Defend_B","Defend_B","Strike_B","Strike_B"],"score":1131,"play_id":"0b550edf-464f-494e-8e3e-f054e39ccd3c","local_time":"20190213155809","is_ascension_mode":true,"campfire_choices":[{"data":"Glacier","floor":6,"key":"SMITH"},{"floor":13,"key":"REST"},{"data":"Hologram","floor":15,"key":"SMITH"},{"floor":23,"key":"REST"},{"floor":29,"key":"REST"},{"floor":32,"key":"REST"},{"data":"Echo Form","floor":40,"key":"SMITH"},{"floor":46,"key":"REST"},{"floor":49,"key":"REST"}],"neow_cost":"NO_GOLD","seed_source_timestamp":38979285230664,"circlet_count":0,"master_deck":["AscendersBane","Zap+1","Dualcast+1","Cold Snap+1","Glacier+1","Undo","Conserve Battery","Defragment","Streamline","Hologram+1","Cold Snap","Core Surge","Go for the Eyes+1","Defragment+1","Glacier+1","Ball Lightning","Sweeping Beam+1","BootSequence","Echo Form+1","Lockon+1","Defragment","Tempest","Parasite","Ball Lightning+1","Heatsinks+1"],"relics":["Cracked Core","Cables","Orichalcum","Boot","Dream Catcher","Strawberry","Inserter","Smiling Mask","War Paint","Potion Belt","Runic Dome","HandDrill","Red Mask","Molten Egg 2","Torii","Ancient Tea Set"],"potions_floor_usage":[7,16,24,24,30,42,50,50,50],"damage_taken":[{"damage":4,"enemies":"Small Slimes","floor":1,"turns":3},{"damage":0,"enemies":"Cultist","floor":3,"turns":3},{"damage":5,"enemies":"2 Louse","floor":4,"turns":2},{"damage":2,"enemies":"Blue Slaver","floor":5,"turns":4},{"damage":19,"enemies":"Gremlin Nob","floor":7,"turns":6},{"damage":5,"enemies":"Lagavulin","floor":11,"turns":10},{"damage":9,"enemies":"Exordium Thugs","floor":12,"turns":4},{"damage":0,"enemies":"Looter","floor":14,"turns":4},{"damage":34,"enemies":"Hexaghost","floor":16,"turns":16},{"damage":14,"enemies":"Spheric Guardian","floor":18,"turns":5},{"damage":1,"enemies":"Shell Parasite","floor":21,"turns":7},{"damage":13,"enemies":"Sentry and Sphere","floor":24,"turns":8},{"damage":15,"enemies":"Centurion and Healer","floor":25,"turns":9},{"damage":0,"enemies":"Cultist and Chosen","floor":30,"turns":5},{"damage":11,"enemies":"Gremlin Leader","floor":31,"turns":8},{"damage":14,"enemies":"Automaton","floor":33,"turns":13},{"damage":21,"enemies":"3 Darklings","floor":35,"turns":5},{"damage":2,"enemies":"Orb Walker","floor":38,"turns":3},{"damage":0,"enemies":"Giant Head","floor":41,"turns":11},{"damage":21,"enemies":"Maw","floor":42,"turns":8},{"damage":0,"enemies":"Nemesis","floor":44,"turns":9},{"damage":8,"enemies":"Sphere and 2 Shapes","floor":47,"turns":5},{"damage":0,"enemies":"Writhing Mass","floor":48,"turns":7},{"damage":45,"enemies":"Awakened One","floor":50,"turns":14}],"seed_played":"9193895505817815508","potions_obtained":[{"floor":5,"key":"Poison Potion"},{"floor":7,"key":"Ancient Potion"},{"floor":11,"key":"Poison Potion"},{"floor":16,"key":"SkillPotion"},{"floor":24,"key":"PowerPotion"},{"floor":33,"key":"Ancient Potion"},{"floor":41,"key":"Regen Potion"},{"floor":42,"key":"Ancient Potion"},{"floor":47,"key":"Strength Potion"}],"is_trial":false,"path_per_floor":["M","?","M","M","M","R","E","T","T","$","E","M","R","M","R","B",null,"M","?","?","M","?","R","M","M","T","$","?","R","M","E","R","B",null,"M","$","?","M","?","R","E","M","T","E","$","R","M","M","R","B",null],"character_chosen":"DEFECT","items_purchased":["Defragment","Dream Catcher","War Paint","HandDrill"],"campfire_rested":6,"item_purchase_floors":[10,10,27,36],"current_hp_per_floor":[64,64,64,59,57,57,38,38,38,38,40,31,55,55,55,21,67,53,53,53,52,52,76,63,48,48,48,32,58,58,47,73,59,80,59,59,59,57,57,57,57,48,48,48,48,72,64,64,83,38],"gold":63,"neow_bonus":"REMOVE_TWO","is_prod":false,"is_daily":false,"chose_seed":false,"campfire_upgraded":3,"win_rate":0,"timestamp":1550095089,"path_taken":["M","?","?","M","M","R","E","?","T","$","E","M","R","M","R","BOSS","M","?","?","?","?","R","M","M","T","$","?","R","M","E","R","BOSS","M","$","?","M","?","R","E","M","T","E","?","R","M","M","R","BOSS"],"build_version":"2019-01-23","purchased_purges":4,"victory":true,"max_hp_per_floor":[75,75,75,75,75,75,75,75,75,75,82,82,82,82,82,82,82,82,82,82,82,82,82,82,82,82,82,87,87,87,87,87,87,87,87,87,83,83,83,83,83,83,83,83,83,83,83,83,83,83],"card_choices":[{"not_picked":["Go for the Eyes","Auto Shields"],"picked":"Cold Snap","floor":1},{"not_picked":["Barrage","Doom and Gloom"],"picked":"Glacier","floor":3},{"not_picked":["Chaos","Steam"],"picked":"Undo","floor":4},{"not_picked":["Stack","Sunder","Beam Cell"],"picked":"SKIP","floor":5},{"not_picked":["Force Field","Turbo"],"picked":"Conserve Battery","floor":7},{"not_picked":["Stack","Force Field"],"picked":"Streamline","floor":11},{"not_picked":["Coolheaded","Stack"],"picked":"Hologram","floor":12},{"not_picked":["Auto Shields","Hologram"],"picked":"Cold Snap","floor":13},{"not_picked":["Aggregate","Multi-Cast","Rebound"],"picked":"SKIP","floor":14},{"not_picked":["Biased Cognition","Hyperbeam"],"picked":"Core Surge","floor":16},{"not_picked":["Storm","Turbo"],"picked":"Go for the Eyes+1","floor":18},{"not_picked":["Glacier","Hologram"],"picked":"Defragment+1","floor":21},{"not_picked":["Lockon","Redo+1"],"picked":"Glacier+1","floor":23},{"not_picked":["Storm+1","Undo"],"picked":"Ball Lightning","floor":24},{"not_picked":["Stack+1","Leap"],"picked":"Sweeping Beam+1","floor":25},{"not_picked":["Compile Driver","Sweeping Beam"],"picked":"BootSequence","floor":29},{"not_picked":["Redo","Compile Driver","Reprogram"],"picked":"SKIP","floor":30},{"not_picked":["Conserve Battery","Scrape+1","Turbo"],"picked":"SKIP","floor":31},{"not_picked":["Fission","Hyperbeam"],"picked":"Echo Form","floor":33},{"not_picked":["Skim","Stack+1"],"picked":"Lockon+1","floor":35},{"not_picked":["Reinforced Body","Conserve Battery","Redo+1"],"picked":"SKIP","floor":38},{"not_picked":["Beam Cell+1","Scrape"],"picked":"Defragment","floor":41},{"not_picked":["Sweeping Beam+1","Compile Driver+1","Stack"],"picked":"SKIP","floor":42},{"not_picked":["Genetic Algorithm+1","Conserve Battery","Leap+1"],"picked":"SKIP","floor":44},{"not_picked":["Coolheaded","Go for the Eyes+1"],"picked":"Tempest","floor":46},{"not_picked":["Reinforced Body+1","Compile Driver+1","Glacier"],"picked":"SKIP","floor":47},{"not_picked":["Stack","Undo+1"],"picked":"Ball Lightning+1","floor":48},{"not_picked":["Reprogram","Skim"],"picked":"Heatsinks+1","floor":49}],"player_experience":294735,"relics_obtained":[{"floor":7,"key":"Cables"},{"floor":8,"key":"Orichalcum"},{"floor":9,"key":"Boot"},{"floor":11,"key":"Strawberry"},{"floor":26,"key":"Smiling Mask"},{"floor":31,"key":"Potion Belt"},{"floor":41,"key":"Molten Egg 2"},{"floor":43,"key":"Torii"},{"floor":44,"key":"Ancient Tea Set"}],"event_choices":[{"damage_healed":0,"gold_gain":100,"player_choice":"Gold","damage_taken":0,"max_hp_gain":0,"max_hp_loss":0,"event_name":"Wheel of Change","floor":2,"gold_loss":0},{"damage_healed":0,"gold_gain":99,"player_choice":"Stole From Cult","damage_taken":0,"max_hp_gain":0,"max_hp_loss":0,"event_name":"Nest","floor":19,"gold_loss":0},{"cards_removed":["Defend_B"],"damage_healed":0,"gold_gain":0,"player_choice":"Upgrade and Remove","damage_taken":0,"max_hp_gain":0,"max_hp_loss":0,"event_name":"Designer","floor":20,"gold_loss":90,"cards_upgraded":["Cold Snap"]},{"cards_removed":["Defend_B"],"damage_healed":0,"gold_gain":0,"player_choice":"Elegance","damage_taken":0,"max_hp_gain":0,"max_hp_loss":0,"event_name":"Back to Basics","floor":22,"gold_loss":0},{"damage_healed":0,"gold_gain":0,"player_choice":"Shed Blood","damage_taken":21,"max_hp_gain":5,"max_hp_loss":0,"event_name":"Forgotten Altar","floor":28,"gold_loss":0},{"damage_healed":0,"gold_gain":0,"player_choice":"Max HP","damage_taken":0,"max_hp_gain":0,"max_hp_loss":4,"event_name":"Winding Halls","floor":37,"gold_loss":0},{"damage_healed":0,"gold_gain":0,"player_choice":"Paid","damage_taken":0,"relics_obtained":["Red Mask"],"max_hp_gain":0,"max_hp_loss":0,"event_name":"Tomb of Lord Red Mask","floor":39,"gold_loss":48}],"is_beta":false,"boss_relics":[{"not_picked":["Runic Pyramid","Philosopher\u0027s Stone"],"picked":"Inserter"},{"not_picked":["Lizard Tail","Tiny House"],"picked":"Runic Dome"}],"items_purged_floors":[10,27,36,45],"is_endless":false,"potions_floor_spawned":[5,7,11,16,24,33,41,42,47],"ascension_level":10}