{"gold_per_floor":[217,42,58,76,76,96,96,169,247,267,342,355,380,44,44,116,116,134,154,169,60,60,60,91,91,117,130,130,148,178,209,209,281,281,301,301,4,0,52,86,120,120,168,168,168,168,197,216,216,216,216,216,216,6,39,39],"floor_reached":57,"playtime":4822,"items_purged":["Strike_G","Strike_G","Strike_G"],"score":2717,"play_id":"e72be25a-175f-4a5b-8e30-f5c974bc40e0","local_time":"20190205233307","is_ascension_mode":true,"campfire_choices":[{"data":"Flechettes","floor":7,"key":"SMITH"},{"data":"Footwork","floor":15,"key":"SMITH"},{"data":"Neutralize","floor":23,"key":"SMITH"},{"data":"Acrobatics","floor":25,"key":"SMITH"},{"floor":32,"key":"REST"},{"floor":42,"key":"RECALL"},{"floor":49,"key":"REST"},{"data":"Well Laid Plans","floor":53,"key":"SMITH"}],"neow_cost":"NONE","seed_source_timestamp":147392327461400,"circlet_count":0,"master_deck":["AscendersBane","Defend_G+1","Defend_G","Defend_G","Defend_G","Defend_G","Survivor","Neutralize+1","Dagger Spray","Well Laid Plans+1","Acrobatics+1","Dodge and Roll+1","PiercingWail","Flechettes+1","Bouncing Flask+1","Malaise+1","Footwork+1","Finesse+1","Backflip+1","Bullet Time+1","Deadly Poison+1","Deflect+1","Ghostly+1","Ghostly+1","Ghostly+1","Bane","Footwork","Crippling Poison+1","Blind+1","Violence+1","Adrenaline+1","Backflip+1"],"relics":["Ring of the Snake","Meat on the Bone","Toxic Egg 2","Strawberry","Busted Crown","Gremlin Horn","Snake Skull","WingedGreaves","PreservedInsect","Empty Cage","Happy Flower","Red Mask","Mango","Calipers","Pocketwatch","Paper Crane","Gambling Chip","War Paint","Ornamental Fan"],"potions_floor_usage":[13,18,24,31,39,40,50,56,56],"damage_taken":[{"damage":0,"enemies":"2 Louse","floor":1,"turns":6},{"damage":0,"enemies":"Jaw Worm","floor":3,"turns":7},{"damage":0,"enemies":"Small Slimes","floor":4,"turns":5},{"damage":9,"enemies":"3 Louse","floor":6,"turns":6},{"damage":31,"enemies":"Large Slime","floor":10,"turns":10},{"damage":2,"enemies":"Exordium Wildlife","floor":12,"turns":5},{"damage":17,"enemies":"3 Sentries","floor":13,"turns":10},{"damage":11,"enemies":"The Guardian","floor":16,"turns":11},{"damage":3,"enemies":"Spheric Guardian","floor":18,"turns":5},{"damage":9,"enemies":"3 Byrds","floor":19,"turns":6},{"damage":1,"enemies":"Snake Plant","floor":20,"turns":4},{"damage":21,"enemies":"Book of Stabbing","floor":24,"turns":7},{"damage":2,"enemies":"Sentry and Sphere","floor":27,"turns":5},{"damage":0,"enemies":"Centurion and Healer","floor":29,"turns":7},{"damage":27,"enemies":"Slavers","floor":30,"turns":8},{"damage":11,"enemies":"Gremlin Leader","floor":31,"turns":10},{"damage":1,"enemies":"Champ","floor":33,"turns":15},{"damage":2,"enemies":"3 Shapes","floor":35,"turns":8},{"damage":6,"enemies":"2 Orb Walkers","floor":39,"turns":6},{"damage":9,"enemies":"Giant Head","floor":40,"turns":10},{"damage":12,"enemies":"Reptomancer","floor":41,"turns":5},{"damage":1,"enemies":"Giant Head","floor":47,"turns":10},{"damage":1,"enemies":"Orb Walker","floor":48,"turns":3},{"damage":10,"enemies":"Donu and Deca","floor":50,"turns":14},{"damage":28,"enemies":"Awakened One","floor":51,"turns":21},{"damage":5,"enemies":"Shield and Spear","floor":55,"turns":8},{"damage":35,"enemies":"The Heart","floor":56,"turns":12}],"seed_played":"-6357532610836564246","potions_obtained":[{"floor":10,"key":"GamblersBrew"},{"floor":13,"key":"Swift Potion"},{"floor":20,"key":"PowerPotion"},{"floor":27,"key":"EssenceOfSteel"},{"floor":30,"key":"Energy Potion"},{"floor":31,"key":"Ancient Potion"},{"floor":33,"key":"Fire Potion"},{"floor":39,"key":"Block Potion"},{"floor":47,"key":"Swift Potion"},{"floor":48,"key":"Regen Potion"},{"floor":55,"key":"SteroidPotion"}],"is_trial":false,"path_per_floor":["M","$","M","M","?","M","R","T","T","M","?","M","E","$","R","B",null,"M","M","M","$","?","R","E","R","T","M","?","M","E","E","R","B",null,"M","?","$","?","?","E","E","R","T","?","T","?","E","M","R","B","B",null,"R","$","E","B",null],"character_chosen":"THE_SILENT","items_purchased":["Well Laid Plans","Acrobatics","Footwork","Finesse+1","Backflip+1","Deadly Poison+1","Deflect+1","Happy Flower","War Paint","SpeedPotion"],"campfire_rested":2,"item_purchase_floors":[2,2,14,14,14,21,21,37,54,54],"current_hp_per_floor":[59,59,59,59,64,55,55,55,55,36,25,35,37,37,37,38,68,65,56,55,55,39,39,30,30,30,28,19,31,16,17,30,29,40,38,33,33,33,41,32,32,32,32,32,32,32,31,30,46,48,32,49,49,49,44,21],"gold":39,"neow_bonus":"HUNDRED_GOLD","is_prod":false,"is_daily":false,"chose_seed":false,"campfire_upgraded":5,"win_rate":0,"timestamp":1549427587,"path_taken":["M","$","M","M","?","M","R","?","T","M","?","M","E","$","R","BOSS","M","M","M","$","?","R","E","R","T","M","?","M","E","E","R","BOSS","M","?","$","?","?","E","E","R","T","?","?","?","E","M","R","BOSS","BOSS","R","$","E","BOSS"],"build_version":"2019-01-23","purchased_purges":3,"victory":true,"max_hp_per_floor":[66,66,66,66,71,71,71,71,71,71,71,71,78,78,78,78,78,78,78,78,78,39,39,39,39,39,39,44,44,44,44,44,44,44,44,44,44,44,58,58,58,58,58,55,55,55,55,55,55,55,55,55,55,55,55,55],"card_choices":[{"not_picked":["Dodge and Roll","Eviscerate"],"picked":"Dagger Spray","floor":1},{"not_picked":["Bane","Acrobatics"],"picked":"Dodge and Roll","floor":3},{"not_picked":["Underhanded Strike","Dodge and Roll"],"picked":"PiercingWail","floor":4},{"not_picked":["Quick Slash","Underhanded Strike","Flechettes"],"picked":"SKIP","floor":6},{"not_picked":["Quick Slash","Underhanded Strike"],"picked":"Flechettes","floor":6},{"not_picked":["Acrobatics+1","PiercingWail+1","Slice"],"picked":"SKIP","floor":10},{"not_picked":["Cloak And Dagger+1","Quick Slash"],"picked":"Bouncing Flask+1","floor":12},{"not_picked":["Blade Dance+1","Dagger Throw"],"picked":"Malaise+1","floor":13},{"not_picked":["Venomology+1","Glass Knife"],"picked":"Bullet Time+1","floor":16},{"not_picked":["Flying Knee"],"picked":"SKIP","floor":18},{"not_picked":["Sucker Punch"],"picked":"SKIP","floor":19},{"not_picked":["Reflex+1"],"picked":"SKIP","floor":20},{"not_picked":[],"picked":"Bane","floor":24},{"not_picked":["Terror+1"],"picked":"SKIP","floor":27},{"not_picked":[],"picked":"Footwork","floor":29},{"not_picked":["Riddle With Holes"],"picked":"SKIP","floor":30},{"not_picked":["PiercingWail+1"],"picked":"SKIP","floor":31},{"not_picked":[],"picked":"Crippling Poison+1","floor":35},{"not_picked":[],"picked":"Blind+1","floor":36},{"not_picked":[],"picked":"Violence+1","floor":36},{"not_picked":[],"picked":"Adrenaline+1","floor":40},{"not_picked":["Slice"],"picked":"SKIP","floor":41},{"not_picked":["Blade Dance+1"],"picked":"SKIP","floor":47},{"not_picked":["Well Laid Plans"],"picked":"SKIP","floor":48},{"not_picked":[],"picked":"Backflip+1","floor":55}],"player_experience":1885042,"relics_obtained":[{"floor":8,"key":"Meat on the Bone"},{"floor":9,"key":"Toxic Egg 2"},{"floor":13,"key":"Strawberry"},{"floor":24,"key":"Gremlin Horn"},{"floor":26,"key":"Snake Skull"},{"floor":30,"key":"WingedGreaves"},{"floor":31,"key":"PreservedInsect"},{"floor":39,"key":"Mango"},{"floor":40,"key":"Calipers"},{"floor":41,"key":"Pocketwatch"},{"floor":45,"key":"Paper Crane"},{"floor":47,"key":"Gambling Chip"},{"floor":55,"key":"Ornamental Fan"}],"event_choices":[{"damage_healed":0,"gold_gain":0,"player_choice":"Donut","damage_taken":0,"max_hp_gain":5,"max_hp_loss":0,"event_name":"Big Fish","floor":5,"gold_loss":0},{"damage_healed":0,"gold_gain":75,"player_choice":"Gather Gold","damage_taken":11,"max_hp_gain":0,"max_hp_loss":0,"event_name":"World of Goop","floor":11,"gold_loss":0},{"damage_healed":0,"gold_gain":0,"player_choice":"Became a Ghost","damage_taken":0,"max_hp_gain":0,"max_hp_loss":39,"event_name":"Ghosts","floor":22,"gold_loss":0,"cards_obtained":["Ghostly","Ghostly","Ghostly"]},{"damage_healed":0,"gold_gain":0,"player_choice":"Shed Blood","damage_taken":14,"max_hp_gain":5,"max_hp_loss":0,"event_name":"Forgotten Altar","floor":28,"gold_loss":0},{"damage_healed":0,"gold_gain":0,"player_choice":"Memory 2","damage_taken":5,"max_hp_gain":0,"max_hp_loss":0,"event_name":"SensoryStone","floor":36,"gold_loss":0},{"damage_healed":0,"gold_gain":0,"player_choice":"Paid","damage_taken":0,"relics_obtained":["Red Mask"],"max_hp_gain":0,"max_hp_loss":0,"event_name":"Tomb of Lord Red Mask","floor":38,"gold_loss":4},{"damage_healed":0,"gold_gain":0,"player_choice":"Fight","damage_taken":0,"max_hp_gain":0,"max_hp_loss":0,"event_name":"Mysterious Sphere","floor":39,"gold_loss":0},{"damage_healed":0,"gold_gain":0,"player_choice":"Max HP","damage_taken":0,"max_hp_gain":0,"max_hp_loss":3,"event_name":"Winding Halls","floor":44,"gold_loss":0},{"damage_healed":0,"gold_gain":0,"player_choice":"Ignored","damage_taken":0,"max_hp_gain":0,"max_hp_loss":0,"event_name":"SecretPortal","floor":46,"gold_loss":0}],"is_beta":true,"boss_relics":[{"not_picked":["Eternal Feather","HoveringKite"],"picked":"Busted Crown"},{"not_picked":["Runic Dome","Lizard Tail"],"picked":"Empty Cage"}],"items_purged_floors":[2,14,37],"is_endless":false,"potions_floor_spawned":[10,13,20,27,30,31,33,39,47,48,55],"ascension_level":20}