{"gold_per_floor":[112,122,122,83,96,130,141,141,141,141,159,169,188,202,202,307,307,326,236,262,177,190,190,190,203,228,228,248,264,264,4,4,4],"floor_reached":33,"playtime":2164,"items_purged":[],"score":251,"play_id":"4013dc7d-6d14-44c4-960d-b4a78b9f5099","local_time":"20180714230118","is_ascension_mode":false,"campfire_choices":[{"floor":8.0,"key":"REST"},{"floor":10.0,"key":"REST"},{"floor":15.0,"key":"REST"},{"data":"1","floor":23.0,"key":"LIFT"},{"floor":27.0,"key":"REST"},{"floor":30.0,"key":"REST"},{"floor":32.0,"key":"REST"}],"neow_cost":"NONE","seed_source_timestamp":625847386958469,"circlet_count":0,"master_deck":["Strike_R","Strike_R","Strike_R","Strike_R","Strike_R","Defend_R","Defend_R","Defend_R","Defend_R","Bash","Disarm","Armaments","Spot Weakness","Seeing Red","Uppercut","Flex","Fire Breathing+1","Limit Break","Dropkick+1","Cleave","Dual Wield","Heavy Blade","Flame Barrier","Rampage","Heavy Blade"],"special_seed":0,"relics":["Burning Blood","Frozen Egg 2","Torii","Fusion Hammer","Oddly Smooth Stone","Girya","Blood Vial","Sling"],"potions_floor_usage":[33],"damage_taken":[{"damage":1.0,"enemies":"Cultist","floor":1.0,"turns":3.0},{"damage":0.0,"enemies":"2 Louse","floor":2.0,"turns":4.0},{"damage":7.0,"enemies":"Jaw Worm","floor":5.0,"turns":4.0},{"damage":54.0,"enemies":"Lagavulin","floor":6.0,"turns":9.0},{"damage":11.0,"enemies":"3 Louse","floor":7.0,"turns":4.0},{"damage":10.0,"enemies":"Exordium Wildlife","floor":11.0,"turns":5.0},{"damage":14.0,"enemies":"Large Slime","floor":12.0,"turns":5.0},{"damage":24.0,"enemies":"Exordium Thugs","floor":13.0,"turns":4.0},{"damage":14.0,"enemies":"Red Slaver","floor":14.0,"turns":4.0},{"damage":42.0,"enemies":"The Guardian","floor":16.0,"turns":11.0},{"damage":25.0,"enemies":"3 Byrds","floor":18.0,"turns":7.0},{"damage":14.0,"enemies":"Shell Parasite","floor":22.0,"turns":4.0},{"damage":30.0,"enemies":"Centurion and Healer","floor":25.0,"turns":7.0},{"damage":30.0,"enemies":"Slaver and Parasite","floor":28.0,"turns":5.0},{"damage":18.0,"enemies":"Snake Plant","floor":29.0,"turns":5.0},{"damage":41,"enemies":"Automaton","floor":33,"turns":6}],"seed_played":"8847934854344392340","potions_obtained":[{"floor":7.0,"key":"Explosive Potion"},{"floor":11.0,"key":"Explosive Potion"},{"floor":13.0,"key":"LiquidBronze"},{"floor":14.0,"key":"Regen Potion"},{"floor":18.0,"key":"LiquidBronze"},{"floor":28.0,"key":"Dexterity Potion"}],"is_trial":false,"path_per_floor":["M","M","?","?","M","E","M","R","T","R","M","M","M","M","R","B",null,"M","$","T","?","M","R","?","M","T","R","M","M","R","$","R"],"character_chosen":"IRONCLAD","items_purchased":["Cleave","Dual Wield","Sling","Dexterity Potion"],"campfire_rested":6,"item_purchase_floors":[19,19,31,31],"current_hp_per_floor":[80,80,80,80,79,31,26,50,50,74,70,62,44,36,60,47,80,61,61,61,61,53,53,53,29,29,53,31,21,45,45,69,30],"gold":4,"neow_bonus":"THREE_SMALL_POTIONS","is_prod":false,"is_daily":false,"chose_seed":false,"campfire_upgraded":0,"win_rate":0,"timestamp":1531598478,"path_taken":["M","?","?","?","M","E","M","R","T","R","?","M","M","?","R","BOSS","M","?","?","?","M","R","?","M","T","R","M","M","R","$","R","BOSS"],"build_version":"2018-07-12","purchased_purges":0,"victory":false,"max_hp_per_floor":[80,80,80,80,80,80,80,80,80,80,80,80,80,80,80,80,80,80,80,80,80,80,80,80,80,80,80,80,80,80,80,80,80],"card_choices":[{"not_picked":["Pummel","Anger"],"picked":"Disarm","floor":1.0},{"not_picked":["Shrug It Off","Bloodletting"],"picked":"Armaments","floor":2.0},{"not_picked":["Intimidate","Anger"],"picked":"Spot Weakness","floor":5.0},{"not_picked":["Anger","Warcry","Clash"],"picked":"SKIP","floor":6.0},{"not_picked":["Spot Weakness","Fire Breathing+1"],"picked":"Seeing Red","floor":7.0},{"not_picked":["Warcry","Clothesline"],"picked":"Uppercut","floor":11.0},{"not_picked":["Warcry","Combust+1","Anger"],"picked":"SKIP","floor":12.0},{"not_picked":["Spot Weakness","Clash"],"picked":"Flex","floor":13.0},{"not_picked":["Perfected Strike","Warcry"],"picked":"Fire Breathing+1","floor":14.0},{"not_picked":["Dark Embrace+1","Brutality+1"],"picked":"Limit Break","floor":16.0},{"not_picked":["Body Slam","Rupture+1"],"picked":"Dropkick+1","floor":18.0},{"not_picked":["Pommel Strike+1","Sword Boomerang"],"picked":"Heavy Blade","floor":22.0},{"not_picked":["Cleave","Anger+1"],"picked":"Flame Barrier","floor":25.0},{"not_picked":["Perfected Strike","Burning Pact"],"picked":"Rampage","floor":28.0},{"not_picked":["Armaments","Dark Embrace+1"],"picked":"Heavy Blade","floor":29.0}],"player_experience":13389,"relics_obtained":[{"floor":6.0,"key":"Frozen Egg 2"},{"floor":9.0,"key":"Torii"},{"floor":20.0,"key":"Oddly Smooth Stone"},{"floor":26.0,"key":"Blood Vial"}],"event_choices":[{"event_name":"Golden Wing","player_choice":"Ignored","floor":3.0,"damage_taken":0.0},{"event_name":"World of Goop","player_choice":"Left","floor":4.0,"damage_taken":0.0},{"event_name":"Addict","player_choice":"Obtained Relic","floor":21.0,"damage_taken":0.0},{"event_name":"Vampires","player_choice":"Ignored","floor":24.0,"damage_taken":0.0}],"boss_relics":[{"not_picked":["Lizard Tail","Ectoplasm"],"picked":"Fusion Hammer"}],"items_purged_floors":[],"is_endless":false,"potions_floor_spawned":[1,7,11,13,14,18,28],"killed_by":"Automaton","ascension_level":0}