{"gold_per_floor":[111,111,121,45,64,98,48,48,100,110,127,127,160,179,179,179],"floor_reached":16,"playtime":804,"items_purged":[],"score":112,"play_id":"c9adeeb2-d048-4c83-b9f3-cfaf59b59d45","local_time":"20190216143842","is_ascension_mode":false,"campfire_choices":[{"floor":8,"key":"REST"},{"floor":12,"key":"REST"},{"floor":15,"key":"RECALL"}],"neow_cost":"NONE","seed_source_timestamp":25659507058621,"circlet_count":0,"master_deck":["Strike_B","Strike_B","Strike_B","Strike_B","Defend_B","Defend_B","Defend_B","Defend_B","Zap","Dualcast","Multi-Cast","Fusion","Fusion","Darkness","Tempest","Turbo","BootSequence","Buffer","Ball Lightning"],"relics":["Cracked Core","Bag of Marbles","Boot","Bird Faced Urn"],"potions_floor_usage":[],"damage_taken":[{"damage":6,"enemies":"Cultist","floor":1,"turns":3},{"damage":7,"enemies":"Small Slimes","floor":3,"turns":4},{"damage":7,"enemies":"2 Louse","floor":5,"turns":3},{"damage":16,"enemies":"Lagavulin","floor":6,"turns":7},{"damage":0,"enemies":"Large Slime","floor":10,"turns":3},{"damage":14,"enemies":"Blue Slaver","floor":11,"turns":5},{"damage":26,"enemies":"3 Sentries","floor":13,"turns":9},{"damage":9,"enemies":"Exordium Wildlife","floor":14,"turns":5},{"damage":38,"enemies":"The Guardian","floor":16,"turns":9}],"seed_played":"5627618328180274387","potions_obtained":[{"floor":1,"key":"FearPotion"},{"floor":5,"key":"FocusPotion"},{"floor":13,"key":"SpeedPotion"},{"floor":14,"key":"Explosive Potion"}],"is_trial":false,"path_per_floor":["M","$","M","$","M","E","$","R","T","M","M","R","E","M","R","B"],"character_chosen":"DEFECT","items_purchased":["Darkness","Turbo"],"campfire_rested":2,"item_purchase_floors":[4,7],"current_hp_per_floor":[69,69,62,62,55,39,39,61,61,61,47,69,43,36,36,0],"gold":179,"neow_bonus":"ONE_RANDOM_RARE_CARD","is_prod":false,"is_daily":false,"chose_seed":false,"campfire_upgraded":0,"win_rate":0,"timestamp":1550317122,"path_taken":["M","?","?","?","M","E","$","R","T","M","M","R","E","M","R","BOSS"],"build_version":"2019-01-23","purchased_purges":0,"victory":false,"max_hp_per_floor":[75,75,75,75,75,75,75,75,75,75,75,75,75,75,75,75],"card_choices":[{"not_picked":["Auto Shields","Conserve Battery"],"picked":"Fusion","floor":1},{"not_picked":["BootSequence","Go for the Eyes"],"picked":"Fusion","floor":3},{"not_picked":["Defragment","Ball Lightning"],"picked":"Tempest","floor":5},{"not_picked":["Rebound","Go for the Eyes","Undo"],"picked":"SKIP","floor":6},{"not_picked":["Glacier","Compile Driver"],"picked":"BootSequence","floor":10},{"not_picked":["Barrage","Hologram"],"picked":"Buffer","floor":11},{"not_picked":["FTL","Go for the Eyes","Beam Cell"],"picked":"SKIP","floor":13},{"not_picked":["Aggregate","Reprogram"],"picked":"Ball Lightning","floor":14}],"player_experience":407503,"relics_obtained":[{"floor":6,"key":"Bag of Marbles"},{"floor":9,"key":"Boot"},{"floor":13,"key":"Bird Faced Urn"}],"event_choices":[],"is_beta":false,"boss_relics":[],"items_purged_floors":[],"is_endless":false,"potions_floor_spawned":[1,5,13,14],"killed_by":"The Guardian","ascension_level":0}