{"gold_per_floor":[114,128,147,147,147,147,181,202,202,127,127,167,167,442,442,442],"floor_reached":16,"playtime":1503,"items_purged":["Strike_G"],"score":108,"play_id":"e7196267-32bf-44f3-9c64-b308f90d2e06","local_time":"20190120224431","is_ascension_mode":false,"campfire_choices":[{"floor":6,"key":"REST"},{"data":"Malaise","floor":13,"key":"SMITH"},{"data":"Setup","floor":15,"key":"SMITH"}],"neow_cost":"NONE","seed_source_timestamp":608712689223260,"circlet_count":0,"master_deck":["Defend_G","Defend_G","Defend_G","Defend_G","Defend_G","Strike_G+1","Strike_G","Strike_G+1","Strike_G","Survivor","Neutralize","Dagger Throw","Setup+1","Deadly Poison","Malaise+1","Regret"],"relics":["Sozu","Golden Idol","Paper Crane","Bottled Lightning","Ancient Tea Set"],"potions_floor_usage":[],"damage_taken":[{"damage":0,"enemies":"Small Slimes","floor":1,"turns":4},{"damage":0,"enemies":"2 Louse","floor":2,"turns":2},{"damage":0,"enemies":"Cultist","floor":3,"turns":4},{"damage":18,"enemies":"3 Sentries","floor":7,"turns":11},{"damage":2,"enemies":"Exordium Thugs","floor":8,"turns":4},{"damage":12,"enemies":"Gremlin Nob","floor":12,"turns":6},{"damage":54,"enemies":"Hexaghost","floor":16,"turns":21}],"seed_played":"4247317773790462066","potions_obtained":[],"is_trial":false,"path_per_floor":["M","M","M","?","?","R","E","M","T","$","?","E","R","?","R","B"],"character_chosen":"THE_SILENT","items_purchased":[],"campfire_rested":1,"item_purchase_floors":[],"current_hp_per_floor":[70,70,70,56,39,60,42,40,40,40,63,51,51,51,51,0],"gold":442,"neow_bonus":"BOSS_RELIC","is_prod":false,"is_daily":false,"chose_seed":false,"campfire_upgraded":2,"win_rate":0,"timestamp":1548045871,"path_taken":["M","M","M","?","?","R","E","M","T","$","?","E","R","?","R","BOSS"],"build_version":"2019-01-17v2","purchased_purges":1,"victory":false,"max_hp_per_floor":[70,70,70,70,70,70,70,70,70,70,70,70,70,70,70,70],"card_choices":[{"not_picked":["Underhanded Strike","Reflex"],"picked":"Dagger Throw","floor":1},{"not_picked":["Flechettes","Poisoned Stab"],"picked":"Setup","floor":2},{"not_picked":["Flying Knee","Outmaneuver","Reflex"],"picked":"SKIP","floor":3},{"not_picked":["Slice","Prepared"],"picked":"Deadly Poison","floor":7},{"not_picked":["Poisoned Stab","Distraction"],"picked":"Malaise","floor":8},{"not_picked":["Blade Dance","Eviscerate","Escape Plan"],"picked":"SKIP","floor":12}],"player_experience":468241,"relics_obtained":[{"floor":7,"key":"Paper Crane"},{"floor":9,"key":"Bottled Lightning"},{"floor":12,"key":"Ancient Tea Set"}],"event_choices":[{"damage_healed":0,"gold_gain":0,"player_choice":"Entered Light","damage_taken":14,"max_hp_gain":0,"max_hp_loss":0,"event_name":"Shining Light","floor":4,"gold_loss":0,"cards_upgraded":["Strike_G","Strike_G"]},{"damage_healed":0,"gold_gain":0,"player_choice":"Take Damage","damage_taken":17,"relics_obtained":["Golden Idol"],"max_hp_gain":0,"max_hp_loss":0,"event_name":"Golden Idol","floor":5,"gold_loss":0},{"damage_healed":23,"gold_gain":0,"player_choice":"Banana","damage_taken":0,"max_hp_gain":0,"max_hp_loss":0,"event_name":"Big Fish","floor":11,"gold_loss":0},{"damage_healed":0,"gold_gain":275,"player_choice":"Desecrate","damage_taken":0,"max_hp_gain":0,"max_hp_loss":0,"event_name":"Golden Shrine","floor":14,"gold_loss":0,"cards_obtained":["Regret"]}],"is_beta":false,"boss_relics":[],"items_purged_floors":[10],"is_endless":false,"potions_floor_spawned":[7,8,12],"killed_by":"Hexaghost","ascension_level":0}