{"gold_per_floor":[113,127,144,144,160,195,195,210,210,210,56,72,72,100,100,204,204,217,236,236,264,275,275,287,15,15,15,43,43,43,43],"floor_reached":31,"playtime":2392,"items_purged":["Regret"],"score":345,"play_id":"60820158-5280-47dc-9ac5-cc23878ca1af","local_time":"20180822203230","is_ascension_mode":true,"campfire_choices":[{"data":"Caltrops","floor":7,"key":"SMITH"},{"data":"Accuracy","floor":10,"key":"SMITH"},{"floor":13,"key":"REST"},{"floor":15,"key":"REST"},{"floor":23,"key":"REST"},{"floor":29,"key":"REST"}],"neow_cost":"NONE","seed_source_timestamp":574666913052873,"circlet_count":0,"master_deck":["Defend_G+1","Defend_G+1","Defend_G+1","Defend_G+1","Defend_G+1","Strike_G+1","Strike_G+1","Strike_G+1","Strike_G+1","Strike_G+1","Survivor","Neutralize","Blade Dance","Backstab","Caltrops+1","Deadly Poison","Deadly Poison+1","Accuracy+1","Accuracy","Blade Dance+1","Cloak And Dagger+1","Storm of Steel+1","Outmaneuver+1","Caltrops","Wraith Form v2","Apotheosis+1","Infinite Blades"],"relics":["Ring of the Snake","Oddly Smooth Stone","Toxic Egg 2","Molten Egg 2","Bird Faced Urn","Lizard Tail","Red Mask","Girya","Mango","Smiling Mask"],"potions_floor_usage":[1,6,6,16,16,18,18],"damage_taken":[{"damage":1,"enemies":"Jaw Worm","floor":1,"turns":2},{"damage":1,"enemies":"2 Louse","floor":2,"turns":3},{"damage":2,"enemies":"Small Slimes","floor":3,"turns":3},{"damage":6,"enemies":"Looter","floor":5,"turns":3},{"damage":9,"enemies":"Gremlin Nob","floor":6,"turns":4},{"damage":2,"enemies":"2 Fungi Beasts","floor":8,"turns":3},{"damage":4,"enemies":"Blue Slaver","floor":12,"turns":3},{"damage":15,"enemies":"3 Sentries","floor":14,"turns":6},{"damage":14,"enemies":"Hexaghost","floor":16,"turns":6},{"damage":39,"enemies":"2 Thieves","floor":18,"turns":4},{"damage":8,"enemies":"Shell Parasite","floor":19,"turns":5},{"damage":34,"floor":21,"turns":3},{"damage":25,"enemies":"Shelled Parasite and Fungi","floor":22,"turns":6},{"damage":22,"enemies":"Snake Plant","floor":24,"turns":5},{"damage":34,"enemies":"Book of Stabbing","floor":28,"turns":5},{"damage":67,"enemies":"Cultist and Chosen","floor":31,"turns":6}],"seed_played":"7185174095387477263","potions_obtained":[{"floor":0,"key":"GhostInAJar"},{"floor":0,"key":"Fire Potion"},{"floor":0,"key":"Strength Potion"},{"floor":1,"key":"Energy Potion"},{"floor":6,"key":"GhostInAJar"},{"floor":12,"key":"Strength Potion"},{"floor":16,"key":"GamblersBrew"},{"floor":22,"key":"SpeedPotion"}],"is_trial":false,"path_per_floor":["M","M","M","?","M","E","R","M","T","R","$","M","R","E","R","B",null,"M","M","?","?","M","R","M","$","T","?","E","R","T"],"character_chosen":"THE_SILENT","items_purchased":["Accuracy","Apotheosis+1","Infinite Blades"],"campfire_rested":4,"item_purchase_floors":[11,25,25],"current_hp_per_floor":[62,61,59,59,53,44,44,42,42,42,42,38,59,44,65,56,67,34,32,32,4,35,56,44,44,44,44,30,55,55,0],"gold":43,"neow_bonus":"THREE_SMALL_POTIONS","is_prod":false,"is_daily":false,"chose_seed":false,"campfire_upgraded":2,"win_rate":0,"timestamp":1534987950,"path_taken":["M","M","M","?","M","E","R","M","T","R","$","M","R","E","R","BOSS","M","M","?","?","?","R","M","$","T","?","E","R","?","M"],"build_version":"2018-08-16","purchased_purges":1,"victory":false,"max_hp_per_floor":[70,70,70,70,70,70,70,70,70,70,70,70,70,70,70,70,70,70,70,70,70,70,70,70,70,70,70,84,84,84,84],"card_choices":[{"not_picked":["Concentrate","Leg Sweep"],"picked":"Blade Dance","floor":1},{"not_picked":["Blade Dance","Setup"],"picked":"Backstab","floor":2},{"not_picked":["Backstab","Outmaneuver"],"picked":"Caltrops","floor":3},{"not_picked":["Bane","Prepared"],"picked":"Deadly Poison","floor":5},{"not_picked":["Blade Dance","Heel Hook"],"picked":"Deadly Poison","floor":6},{"not_picked":["Crippling Poison+1","Masterful Stab"],"picked":"Accuracy","floor":8},{"not_picked":["Predator+1","Heel Hook+1"],"picked":"Blade Dance+1","floor":12},{"not_picked":["Bane+1","Slice+1"],"picked":"Cloak And Dagger+1","floor":14},{"not_picked":["Doppelganger+1","Burst+1"],"picked":"Storm of Steel+1","floor":16},{"not_picked":["Dagger Spray+1","Deflect+1"],"picked":"Outmaneuver+1","floor":18},{"not_picked":["Flying Knee+1","Crippling Poison+1"],"picked":"Caltrops","floor":19},{"not_picked":["Expertise+1","Acrobatics+1"],"picked":"Wraith Form v2","floor":21},{"not_picked":["Reflex+1","Leg Sweep+1","Backflip+1"],"picked":"SKIP","floor":22},{"not_picked":["PiercingWail+1","Dagger Throw+1","Flying Knee+1"],"picked":"SKIP","floor":24},{"not_picked":["Dagger Spray+1","Flying Knee+1","Glass Knife+1"],"picked":"SKIP","floor":28}],"player_experience":336365,"relics_obtained":[{"floor":6,"key":"Toxic Egg 2"},{"floor":9,"key":"Molten Egg 2"},{"floor":14,"key":"Bird Faced Urn"},{"floor":21,"key":"Red Mask"},{"floor":26,"key":"Girya"},{"floor":28,"key":"Mango"},{"floor":30,"key":"Smiling Mask"}],"event_choices":[{"event_name":"Big Fish","player_choice":"Box","floor":4,"damage_taken":0},{"event_name":"Back to Basics","player_choice":"Simplicity","floor":20,"damage_taken":0},{"event_name":"Masked Bandits","player_choice":"Fought Bandits","floor":21,"damage_taken":0},{"event_name":"The Mausoleum","player_choice":"No","floor":27,"damage_taken":0}],"is_beta":false,"boss_relics":[{"not_picked":["Philosopher\u0027s Stone","HoveringKite"],"picked":"Lizard Tail"}],"items_purged_floors":[11],"is_endless":false,"potions_floor_spawned":[1,6,12,14,16,22],"killed_by":"Cultist and Chosen","ascension_level":6}