{"gold_per_floor":[116,2,2,2,2,2,2,35,88,88,88,106,124,142,142,238,238,226,250,250,250,85,85,105,122,145,170,170,170,170,197,197,273,273,290,290,290,109,124,124,155,155,155,170,170,185,185,211,211,211,211,211,52,52],"floor_reached":54,"playtime":1696,"items_purged":["Strike_G","Defend_G","Defend_G"],"score":1236,"play_id":"dc097366-ef38-4b5b-ad03-3d41713ccb8b","local_time":"20190208202431","is_ascension_mode":true,"campfire_choices":[{"data":"Blade Dance","floor":6,"key":"SMITH"},{"data":"Footwork","floor":10,"key":"SMITH"},{"data":"Caltrops","floor":15,"key":"SMITH"},{"data":"A Thousand Cuts","floor":23,"key":"SMITH"},{"data":"Blade Dance","floor":29,"key":"SMITH"},{"data":"Accuracy","floor":32,"key":"SMITH"},{"data":"Neutralize","floor":40,"key":"SMITH"},{"data":"Well Laid Plans","floor":42,"key":"SMITH"},{"data":"Impatience","floor":47,"key":"SMITH"},{"floor":49,"key":"RECALL"},{"data":"Dodge and Roll","floor":52,"key":"SMITH"}],"neow_cost":"NONE","seed_source_timestamp":3798939293581,"circlet_count":0,"master_deck":["AscendersBane","Defend_G+1","Survivor","Neutralize+1","Blade Dance+1","Footwork+1","Terror","Caltrops+1","Dodge and Roll","Blade Dance+1","A Thousand Cuts+1","After Image+1","Backflip+1","Dagger Spray+1","Well Laid Plans+1","Impatience+1","Die Die Die","Accuracy+1","Blur","Dark Shackles","Dodge and Roll+1","Dodge and Roll+1","Parasite","Leg Sweep"],"relics":["Runic Dome","The Specimen","Mercury Hourglass","Anchor","Bloody Idol","Astrolabe","Juzu Bracelet","Vajra","PreservedInsect","WristBlade","Pantograph","Torii"],"potions_floor_usage":[16,50,50],"damage_taken":[{"damage":0,"enemies":"2 Louse","floor":1,"turns":3},{"damage":21,"enemies":"Lagavulin","floor":8,"turns":10},{"damage":0,"enemies":"Small Slimes","floor":12,"turns":3},{"damage":0,"enemies":"Jaw Worm","floor":13,"turns":2},{"damage":0,"enemies":"3 Louse","floor":14,"turns":3},{"damage":14,"enemies":"The Guardian","floor":16,"turns":12},{"damage":0,"enemies":"2 Thieves","floor":18,"turns":4},{"damage":5,"enemies":"Spheric Guardian","floor":19,"turns":5},{"damage":0,"enemies":"Cultist and Chosen","floor":24,"turns":6},{"damage":1,"enemies":"3 Cultists","floor":25,"turns":4},{"damage":13,"enemies":"Slavers","floor":31,"turns":3},{"damage":0,"enemies":"Champ","floor":33,"turns":9},{"damage":28,"enemies":"3 Darklings","floor":35,"turns":3},{"damage":0,"enemies":"Orb Walker","floor":39,"turns":2},{"damage":2,"enemies":"Nemesis","floor":41,"turns":5},{"damage":0,"enemies":"Spire Growth","floor":44,"turns":4},{"damage":0,"enemies":"Writhing Mass","floor":46,"turns":5},{"damage":16,"enemies":"Reptomancer","floor":48,"turns":5},{"damage":27,"enemies":"Time Eater","floor":50,"turns":9},{"damage":66,"enemies":"Shield and Spear","floor":54,"turns":3}],"seed_played":"-893184038239702450","potions_obtained":[{"floor":13,"key":"Fire Potion"},{"floor":14,"key":"Block Potion"},{"floor":18,"key":"LiquidBronze"},{"floor":48,"key":"PowerPotion"}],"is_trial":false,"path_per_floor":["M","$","?","?","?","R","$","E","T","R","?","M","M","M","R","B",null,"M","M","?","?","$","R","M","M","T","T","?","R","?","E","R","B",null,"M","?","?","$","M","R","E","R","T","M","?","M","R","E","R","B",null,"R","$","E"],"character_chosen":"THE_SILENT","items_purchased":["Footwork","Well Laid Plans","Impatience","Dark Shackles","Leg Sweep"],"campfire_rested":0,"item_purchase_floors":[2,22,22,38,53],"current_hp_per_floor":[63,63,60,46,46,46,46,25,25,25,25,25,25,25,25,11,52,52,47,47,47,47,47,52,56,61,65,65,65,65,57,57,62,64,41,41,41,41,46,46,49,49,49,54,54,59,59,48,48,38,58,58,58,0],"gold":52,"neow_bonus":"BOSS_RELIC","is_prod":false,"is_daily":false,"chose_seed":false,"campfire_upgraded":10,"win_rate":0,"timestamp":1549668271,"path_taken":["M","$","?","?","?","R","?","E","T","R","?","M","?","M","R","BOSS","M","M","?","?","$","R","?","M","T","?","?","R","?","E","R","BOSS","M","?","?","$","M","R","E","R","T","M","?","M","R","E","R","BOSS","R","$","E"],"build_version":"2018-11-15","purchased_purges":3,"victory":false,"max_hp_per_floor":[70,70,70,70,70,70,70,70,70,70,65,65,65,65,65,65,65,65,65,65,65,65,65,65,65,65,65,65,65,65,65,65,65,65,65,65,65,65,65,65,65,65,65,65,65,65,65,65,65,65,65,65,65,65],"card_choices":[{"not_picked":["Deflect","PiercingWail"],"picked":"Blade Dance","floor":1},{"not_picked":["Dagger Throw","Backflip"],"picked":"Caltrops","floor":8},{"not_picked":["Bouncing Flask","Unload","Expertise"],"picked":"SKIP","floor":12},{"not_picked":["Reflex","Tactician"],"picked":"Dodge and Roll","floor":13},{"not_picked":["Poisoned Stab","Quick Slash"],"picked":"Blade Dance","floor":14},{"not_picked":["Night Terror","Phantasmal Killer"],"picked":"A Thousand Cuts","floor":16},{"not_picked":["Quick Slash","Dagger Throw","Dodge and Roll"],"picked":"SKIP","floor":18},{"not_picked":["Acrobatics","Heel Hook"],"picked":"Dagger Spray+1","floor":19},{"not_picked":["Distraction","Tactician","Backstab"],"picked":"SKIP","floor":24},{"not_picked":["Outmaneuver","Poisoned Stab","Slice"],"picked":"SKIP","floor":25},{"not_picked":["Eviscerate","Bullet Time"],"picked":"Accuracy","floor":31},{"not_picked":["Dodge and Roll","Calculated Gamble","Deadly Poison"],"picked":"SKIP","floor":35},{"not_picked":["Flechettes+1","Concentrate+1","Quick Slash+1"],"picked":"SKIP","floor":39},{"not_picked":["Flying Knee","Caltrops"],"picked":"Dodge and Roll","floor":41},{"not_picked":["Poisoned Stab","Deadly Poison"],"picked":"Dodge and Roll+1","floor":44},{"not_picked":["Dodge and Roll","Sucker Punch","Predator"],"picked":"SKIP","floor":46},{"not_picked":["Storm of Steel","Bane+1","Quick Slash"],"picked":"SKIP","floor":48}],"player_experience":114034,"relics_obtained":[{"floor":8,"key":"Mercury Hourglass"},{"floor":9,"key":"Anchor"},{"floor":26,"key":"Juzu Bracelet"},{"floor":27,"key":"Vajra"},{"floor":31,"key":"PreservedInsect"},{"floor":41,"key":"Pantograph"},{"floor":48,"key":"Torii"}],"event_choices":[{"damage_healed":0,"gold_gain":0,"player_choice":"Success","damage_taken":3,"relics_obtained":["The Specimen"],"max_hp_gain":0,"max_hp_loss":0,"event_name":"Scrap Ooze","floor":3,"gold_loss":0},{"damage_healed":0,"gold_gain":0,"player_choice":"Entered Light","damage_taken":14,"max_hp_gain":0,"max_hp_loss":0,"event_name":"Shining Light","floor":4,"gold_loss":0,"cards_upgraded":["Strike_G","Defend_G"]},{"damage_healed":0,"gold_gain":0,"cards_transformed":["Strike_G"],"player_choice":"Change","damage_taken":0,"max_hp_gain":0,"max_hp_loss":0,"event_name":"Living Wall","floor":5,"gold_loss":0,"cards_obtained":["Terror"]},{"damage_healed":0,"gold_gain":0,"player_choice":"Lose Max HP","damage_taken":0,"relics_obtained":["Golden Idol"],"max_hp_gain":0,"max_hp_loss":5,"event_name":"Golden Idol","floor":11,"gold_loss":0},{"damage_healed":0,"gold_gain":0,"player_choice":"Gave Idol","damage_taken":0,"relics_obtained":["Bloody Idol"],"max_hp_gain":0,"max_hp_loss":0,"event_name":"Forgotten Altar","floor":20,"relics_lost":["Golden Idol"],"gold_loss":0},{"damage_healed":0,"gold_gain":0,"player_choice":"Got Potions","damage_taken":0,"max_hp_gain":0,"max_hp_loss":0,"event_name":"Lab","floor":21,"gold_loss":0},{"cards_removed":["Defend_G"],"damage_healed":0,"gold_gain":0,"player_choice":"Elegance","damage_taken":0,"max_hp_gain":0,"max_hp_loss":0,"event_name":"Back to Basics","floor":28,"gold_loss":0},{"damage_healed":0,"gold_gain":0,"cards_transformed":["Strike_G"],"player_choice":"Transformed","damage_taken":0,"max_hp_gain":0,"max_hp_loss":0,"event_name":"Transmorgrifier","floor":30,"gold_loss":0,"cards_obtained":["Die Die Die"]},{"damage_healed":0,"gold_gain":0,"cards_transformed":["Distraction"],"player_choice":"Transformed","damage_taken":0,"max_hp_gain":0,"max_hp_loss":0,"event_name":"Transmorgrifier","floor":36,"gold_loss":0,"cards_obtained":["Blur"]},{"damage_healed":0,"gold_gain":0,"player_choice":"Bought 0 Potions","damage_taken":0,"max_hp_gain":0,"max_hp_loss":0,"event_name":"The Woman in Blue","floor":37,"gold_loss":0},{"damage_healed":0,"gold_gain":0,"player_choice":"Ignored","damage_taken":0,"max_hp_gain":0,"max_hp_loss":0,"event_name":"SecretPortal","floor":45,"gold_loss":0}],"is_beta":false,"boss_relics":[{"not_picked":["HoveringKite","Fusion Hammer"],"picked":"Astrolabe"},{"not_picked":["Velvet Choker","Cursed Key"],"picked":"WristBlade"}],"items_purged_floors":[2,38,53],"is_endless":false,"potions_floor_spawned":[13,14,18,24,33,44,46,48],"killed_by":"Shield and Spear","ascension_level":13}