{"gold_per_floor":[110,128,128,128,141,141,175,189,215,234,234,254,254,284,284,384,384,404,418,100,118,133,133,161,161,161,180,259,278,278,288,288,389,389,402,502,512,512,17,17,17,17,17,17,31,31,31,41,41,41],"floor_reached":51,"playtime":5931,"items_purged":["Night Terror"],"score":969,"play_id":"536daa11-af89-4c39-a583-b87b97b2fde4","local_time":"20190203225217","is_ascension_mode":true,"campfire_choices":[{"floor":6,"key":"REST"},{"data":"Bane","floor":11,"key":"SMITH"},{"floor":13,"key":"REST"},{"data":"Well Laid Plans","floor":15,"key":"SMITH"},{"floor":23,"key":"REST"},{"data":"Ghostly","floor":30,"key":"SMITH"},{"floor":32,"key":"REST"},{"data":"Ghostly","floor":40,"key":"SMITH"},{"data":"Ghostly","floor":44,"key":"SMITH"},{"data":"Envenom","floor":46,"key":"SMITH"},{"data":"Ghostly","floor":49,"key":"SMITH"}],"neow_cost":"NONE","seed_source_timestamp":257521264775000,"circlet_count":0,"master_deck":["AscendersBane","Survivor","Neutralize+1","Well Laid Plans+1","Crippling Poison","Poisoned Stab","Bane+1","Leg Sweep","Crippling Poison","All Out Attack","Deadly Poison","Envenom+1","Dagger Throw","Bane","Deadly Poison","Endless Agony","All Out Attack","Deflect","Acrobatics","Blade Dance+1","Ghostly+1","Ghostly+1","Ghostly+1","Ghostly+1","Ghostly","Outmaneuver+1","Escape Plan+1","Master of Strategy","Caltrops","Leg Sweep+1"],"relics":["Ring of the Snake","PreservedInsect","Pen Nib","Blood Vial","Torii","Pandora\u0027s Box","OrangePellets","Shuriken","Paper Crane","Darkstone Periapt","Eternal Feather","Nunchaku","Snake Skull","Pantograph","Pear"],"potions_floor_usage":[7,16,24,33,33,35,50,50],"damage_taken":[{"damage":1,"enemies":"2 Louse","floor":1,"turns":4},{"damage":2,"enemies":"Cultist","floor":2,"turns":4},{"damage":0,"enemies":"Jaw Worm","floor":5,"turns":4},{"damage":15,"enemies":"3 Sentries","floor":7,"turns":10},{"damage":6,"enemies":"Blue Slaver","floor":8,"turns":5},{"damage":3,"enemies":"Looter","floor":10,"turns":3},{"damage":8,"enemies":"3 Louse","floor":12,"turns":3},{"damage":4,"enemies":"Lagavulin","floor":14,"turns":8},{"damage":3,"enemies":"The Guardian","floor":16,"turns":13},{"damage":11,"enemies":"Shell Parasite","floor":18,"turns":5},{"damage":0,"enemies":"3 Byrds","floor":19,"turns":3},{"damage":12,"enemies":"Snecko","floor":21,"turns":4},{"damage":4,"enemies":"Shelled Parasite and Fungi","floor":22,"turns":4},{"damage":12,"enemies":"Slavers","floor":24,"turns":3},{"damage":0,"enemies":"Centurion and Healer","floor":27,"turns":5},{"damage":7,"enemies":"Snake Plant","floor":29,"turns":6},{"damage":7,"enemies":"Cultist and Chosen","floor":31,"turns":6},{"damage":15,"enemies":"Collector","floor":33,"turns":9},{"damage":12,"enemies":"3 Darklings","floor":35,"turns":6},{"damage":3,"enemies":"Mind Bloom Boss Battle","floor":36,"turns":8},{"damage":4,"enemies":"3 Shapes","floor":37,"turns":9},{"damage":20,"enemies":"Jaw Worm Horde","floor":45,"turns":5},{"damage":16,"enemies":"4 Shapes","floor":48,"turns":5},{"damage":43,"enemies":"Donu and Deca","floor":50,"turns":12}],"seed_played":"-2958800888153557808","potions_obtained":[{"floor":5,"key":"Swift Potion"},{"floor":7,"key":"Swift Potion"},{"floor":14,"key":"SkillPotion"},{"floor":18,"key":"Dexterity Potion"},{"floor":24,"key":"SkillPotion"},{"floor":27,"key":"EssenceOfSteel"},{"floor":37,"key":"PowerPotion"},{"floor":48,"key":"SpeedPotion"}],"is_trial":false,"path_per_floor":["M","M","?","?","M","R","E","M","T","M","R","M","R","E","R","B",null,"M","M","$","M","M","R","E","?","T","M","T","M","R","M","R","B",null,"M","?","M","?","$","R","?","?","T","R","M","R","?","M","R","B",null],"character_chosen":"THE_SILENT","items_purchased":["Block Potion","OrangePellets","Snake Skull","Pantograph","Caltrops"],"campfire_rested":4,"item_purchase_floors":[20,20,39,39,39],"current_hp_per_floor":[62,60,35,35,35,56,41,35,35,34,34,28,49,47,47,46,64,55,57,57,47,45,66,56,35,35,35,35,28,28,23,33,20,31,21,20,18,18,18,35,35,35,45,45,25,43,43,29,45,2],"gold":41,"neow_bonus":"UPGRADE_CARD","is_prod":false,"is_daily":false,"chose_seed":false,"campfire_upgraded":7,"win_rate":0,"timestamp":1549259537,"path_taken":["M","M","?","?","?","R","E","M","T","M","R","M","R","E","R","BOSS","M","M","$","M","M","R","E","?","T","M","?","M","R","M","R","BOSS","M","?","M","?","$","R","?","?","T","R","M","R","?","M","R","BOSS"],"build_version":"2019-01-23","purchased_purges":1,"victory":true,"max_hp_per_floor":[70,70,70,70,70,70,70,70,70,70,70,70,70,70,70,70,70,70,70,70,70,70,70,70,35,35,35,35,35,35,35,35,35,35,35,35,35,35,35,35,35,35,45,45,45,45,45,45,45,45],"card_choices":[{"not_picked":["Prepared","Dodge and Roll","Riddle With Holes"],"picked":"SKIP","floor":1},{"not_picked":["Masterful Stab","Sucker Punch"],"picked":"Well Laid Plans","floor":2},{"not_picked":["Bouncing Flask","Dodge and Roll"],"picked":"Crippling Poison","floor":5},{"not_picked":["Well Laid Plans","Underhanded Strike","Backflip"],"picked":"SKIP","floor":7},{"not_picked":["Prepared","Escape Plan"],"picked":"Poisoned Stab","floor":8},{"not_picked":["Distraction","Dodge and Roll"],"picked":"Bane","floor":10},{"not_picked":["Tactician","Well Laid Plans"],"picked":"Leg Sweep","floor":12},{"not_picked":["Flying Knee","Tools of the Trade"],"picked":"Crippling Poison","floor":14},{"not_picked":["Doppelganger","Storm of Steel"],"picked":"Die Die Die","floor":16},{"not_picked":["Bane","Sucker Punch","Calculated Gamble"],"picked":"SKIP","floor":18},{"not_picked":["Blade Dance+1","Outmaneuver+1","Riddle With Holes"],"picked":"SKIP","floor":19},{"not_picked":["Leg Sweep+1","Terror"],"picked":"Deflect","floor":21},{"not_picked":["Skewer","Doppelganger"],"picked":"Acrobatics","floor":22},{"not_picked":["Well Laid Plans","Backstab"],"picked":"Blade Dance+1","floor":24},{"not_picked":["PiercingWail","Deflect"],"picked":"Outmaneuver+1","floor":27},{"not_picked":["Underhanded Strike","Distraction","Backflip"],"picked":"SKIP","floor":29},{"not_picked":["Prepared","Endless Agony","Underhanded Strike"],"picked":"SKIP","floor":31},{"not_picked":["Blade Dance+1","PiercingWail+1"],"picked":"Escape Plan+1","floor":35},{"not_picked":["Sucker Punch","Infinite Blades+1","Poisoned Stab"],"picked":"SKIP","floor":37},{"not_picked":["PanicButton","Chrysalis"],"picked":"Master of Strategy","floor":38},{"not_picked":["Dodge and Roll","Slice"],"picked":"Leg Sweep+1","floor":45},{"not_picked":["Bane+1","Flechettes","Slice"],"picked":"SKIP","floor":48}],"player_experience":879091,"relics_obtained":[{"floor":7,"key":"Pen Nib"},{"floor":9,"key":"Blood Vial"},{"floor":14,"key":"Torii"},{"floor":24,"key":"Shuriken"},{"floor":26,"key":"Paper Crane"},{"floor":28,"key":"Darkstone Periapt"},{"floor":36,"key":"Nunchaku"},{"floor":43,"key":"Pear"}],"event_choices":[{"damage_healed":0,"gold_gain":0,"player_choice":"Success","damage_taken":25,"relics_obtained":["PreservedInsect"],"max_hp_gain":0,"max_hp_loss":0,"event_name":"Scrap Ooze","floor":3,"gold_loss":0},{"cards_removed":["Defend_G"],"damage_healed":0,"gold_gain":0,"player_choice":"Offered Basic","damage_taken":0,"max_hp_gain":0,"max_hp_loss":0,"event_name":"Bonfire Elementals","floor":4,"gold_loss":0},{"damage_healed":0,"gold_gain":0,"player_choice":"Became a Ghost","damage_taken":0,"max_hp_gain":0,"max_hp_loss":35,"event_name":"Ghosts","floor":25,"gold_loss":0,"cards_obtained":["Ghostly","Ghostly","Ghostly","Ghostly","Ghostly"]},{"damage_healed":0,"gold_gain":0,"player_choice":"Fight","damage_taken":0,"max_hp_gain":0,"max_hp_loss":0,"event_name":"MindBloom","floor":36,"gold_loss":0},{"damage_healed":0,"gold_gain":0,"player_choice":"Memory 1","damage_taken":0,"max_hp_gain":0,"max_hp_loss":0,"event_name":"SensoryStone","floor":38,"gold_loss":0},{"damage_healed":0,"gold_gain":0,"player_choice":"Ignored","damage_taken":0,"max_hp_gain":0,"max_hp_loss":0,"event_name":"Mysterious Sphere","floor":41,"gold_loss":0},{"cards_removed":["Die Die Die"],"damage_healed":0,"gold_gain":0,"player_choice":"Removed Attack","damage_taken":0,"max_hp_gain":0,"max_hp_loss":0,"event_name":"Falling","floor":42,"gold_loss":0},{"damage_healed":0,"gold_gain":0,"player_choice":"Ignored","damage_taken":0,"max_hp_gain":0,"max_hp_loss":0,"event_name":"Purifier","floor":47,"gold_loss":0}],"is_beta":false,"boss_relics":[{"not_picked":["Busted Crown","Velvet Choker"],"picked":"Pandora\u0027s Box"},{"not_picked":["Fusion Hammer","Sozu"],"picked":"Eternal Feather"}],"items_purged_floors":[20],"is_endless":false,"potions_floor_spawned":[5,7,14,18,22,24,27,37,48],"ascension_level":10}