{"gold_per_floor":[111,129,53,53,65,65,140,140,140,169,181,181,198,198,198,302,302,316,316,231,231,250,250,22,39,92,42,42,42],"floor_reached":29,"playtime":864,"items_purged":["Pain","Defend_R"],"score":354,"play_id":"45a6ce4b-9d3f-45c5-b74b-624ce9644548","local_time":"20190206130706","is_ascension_mode":true,"campfire_choices":[{"data":"Perfected Strike","floor":6,"key":"SMITH"},{"data":"Metallicize","floor":8,"key":"SMITH"},{"data":"Ghostly Armor","floor":12,"key":"SMITH"},{"data":"Bash","floor":15,"key":"SMITH"},{"floor":23,"key":"REST"},{"floor":28,"key":"REST"}],"neow_cost":"TEN_PERCENT_HP_LOSS","seed_source_timestamp":351429665615523,"circlet_count":0,"master_deck":["AscendersBane","Strike_R","Strike_R","Strike_R","Strike_R","Strike_R","Defend_R+1","Defend_R+1","Bash+1","Perfected Strike+1","Pommel Strike","Ghostly Armor+1","Metallicize+1","Pommel Strike","Offering","Impervious","Bandage Up","Twin Strike"],"special_seed":0,"relics":["Burning Blood","Bird Faced Urn","War Paint","Bottled Lightning","Runic Cube","Smiling Mask","WarpedTongs","Bag of Preparation"],"potions_floor_usage":[16],"damage_taken":[{"damage":0.0,"enemies":"Small Slimes","floor":1.0,"turns":3.0},{"damage":11.0,"enemies":"2 Louse","floor":2.0,"turns":3.0},{"damage":0,"enemies":"Cultist","floor":5,"turns":2},{"damage":10,"enemies":"3 Sentries","floor":10,"turns":9},{"damage":7,"enemies":"Gremlin Gang","floor":11,"turns":6},{"damage":0,"enemies":"2 Fungi Beasts","floor":13,"turns":2},{"damage":48,"enemies":"Hexaghost","floor":16,"turns":11},{"damage":6,"enemies":"Chosen","floor":18,"turns":3},{"damage":35,"enemies":"3 Byrds","floor":22,"turns":8},{"damage":34,"enemies":"Shelled Parasite and Fungi","floor":25,"turns":8},{"damage":52,"enemies":"3 Cultists","floor":29,"turns":6}],"seed_played":"9171208249990957252","potions_obtained":[{"floor":5,"key":"SpeedPotion"},{"floor":10,"key":"Weak Potion"},{"floor":22,"key":"FearPotion"},{"floor":25,"key":"Regen Potion"}],"is_trial":false,"path_per_floor":["M","M","$","?","M","R","?","R","T","E","M","R","M","?","R","B",null,"M","?","?","?","M","R","$","M","T","$","R","M"],"character_chosen":"IRONCLAD","items_purchased":["Ghostly Armor","Impervious","Bandage Up"],"campfire_rested":2,"item_purchase_floors":[3,24,24],"current_hp_per_floor":[72,67,67,67,72,72,61,61,61,59,60,60,66,59,59,19,59,59,46,46,46,19,42,42,20,20,20,43,0],"gold":42,"neow_bonus":"ONE_RARE_RELIC","is_prod":false,"is_daily":false,"chose_seed":false,"campfire_upgraded":4,"win_rate":0,"timestamp":1549469226,"path_taken":["M","M","$","?","M","R","?","R","T","E","M","R","M","?","R","BOSS","M","?","?","?","?","R","$","M","T","$","R","M"],"build_version":"2018-11-15","purchased_purges":2,"victory":false,"max_hp_per_floor":[72,72,72,72,72,72,72,72,72,72,72,72,72,72,72,72,72,72,77,77,77,77,77,77,77,77,77,77,77],"card_choices":[{"not_picked":["Wild Strike","Headbutt"],"picked":"Perfected Strike","floor":1.0},{"not_picked":["Shrug It Off","Wild Strike"],"picked":"Pommel Strike","floor":2.0},{"not_picked":["Clothesline","Rampage"],"picked":"Metallicize","floor":5},{"not_picked":["Warcry","Hemokinesis","Clash"],"picked":"SKIP","floor":10},{"not_picked":["Clothesline","Flame Barrier"],"picked":"Pommel Strike","floor":11},{"not_picked":["Warcry","Evolve","Corruption"],"picked":"SKIP","floor":13},{"not_picked":["Fiend Fire","Brutality"],"picked":"Offering","floor":16},{"not_picked":["Clash","Havoc","Inflame"],"picked":"SKIP","floor":18},{"not_picked":["Reckless Charge","Burning Pact","Corruption+1"],"picked":"SKIP","floor":22},{"not_picked":["Warcry","Heavy Blade+1"],"picked":"Twin Strike","floor":25}],"player_experience":90942,"relics_obtained":[{"floor":9,"key":"War Paint"},{"floor":10,"key":"Bottled Lightning"},{"floor":26,"key":"Bag of Preparation"}],"event_choices":[{"damage_healed":0,"gold_gain":0,"player_choice":"Ignored","damage_taken":0,"max_hp_gain":0,"max_hp_loss":0,"event_name":"Liars Game","floor":4,"gold_loss":0},{"damage_healed":0,"gold_gain":75,"player_choice":"Gather Gold","damage_taken":11,"max_hp_gain":0,"max_hp_loss":0,"event_name":"World of Goop","floor":7,"gold_loss":0},{"cards_removed":["Defend_R"],"damage_healed":0,"gold_gain":0,"player_choice":"Card Removal","damage_taken":7,"max_hp_gain":0,"max_hp_loss":0,"event_name":"Golden Wing","floor":14,"gold_loss":0},{"damage_healed":0,"gold_gain":0,"player_choice":"Shed Blood","damage_taken":18,"max_hp_gain":5,"max_hp_loss":0,"event_name":"Forgotten Altar","floor":19,"gold_loss":0},{"damage_healed":0,"gold_gain":0,"player_choice":"Obtained Relic","damage_taken":0,"relics_obtained":["Smiling Mask"],"max_hp_gain":0,"max_hp_loss":0,"event_name":"Addict","floor":20,"gold_loss":85},{"damage_healed":0,"gold_gain":0,"player_choice":"Rummage","damage_taken":0,"relics_obtained":["WarpedTongs"],"max_hp_gain":0,"max_hp_loss":0,"event_name":"Accursed Blacksmith","floor":21,"gold_loss":0,"cards_obtained":["Pain"]}],"is_beta":false,"boss_relics":[{"not_picked":["Black Blood","Empty Cage"],"picked":"Runic Cube"}],"items_purged_floors":[24,27],"is_endless":false,"potions_floor_spawned":[5,10,11,13,22,25],"killed_by":"3 Cultists","ascension_level":12}