{"gold_per_floor":[118,118,193,205,155,181,181,197,197,272,13,13,41,59,59,59],"floor_reached":16,"playtime":945,"items_purged":[],"score":162,"play_id":"ed30d009-d35c-4014-8485-cf51d4125aa1","local_time":"20190211114142","is_ascension_mode":true,"campfire_choices":[{"floor":7,"key":"REST"},{"data":"Rage","floor":12,"key":"SMITH"},{"data":"Iron Wave","floor":15,"key":"SMITH"}],"neow_cost":"NONE","seed_source_timestamp":330807548282648,"circlet_count":0,"master_deck":["AscendersBane","Strike_R","Strike_R","Strike_R","Strike_R","Defend_R","Defend_R","Defend_R","Defend_R","Bash","Inflame","Iron Wave+1","Shrug It Off","Rage+1","Master of Strategy","Spot Weakness","Pommel Strike"],"relics":["Burning Blood","Potion Belt","Sundial","Question Card","PreservedInsect","Ancient Tea Set"],"potions_floor_usage":[13,13,16],"damage_taken":[{"damage":2,"enemies":"2 Louse","floor":1,"turns":3},{"damage":4,"enemies":"Small Slimes","floor":4,"turns":3},{"damage":43,"enemies":"Gremlin Nob","floor":6,"turns":5},{"damage":1,"enemies":"Cultist","floor":8,"turns":4},{"damage":20,"enemies":"Lagavulin","floor":13,"turns":5},{"damage":3,"enemies":"Looter","floor":14,"turns":3},{"damage":34,"enemies":"Hexaghost","floor":16,"turns":9}],"seed_played":"8296399843105322156","potions_obtained":[{"floor":8,"key":"FearPotion"},{"floor":14,"key":"Energy Potion"}],"is_trial":false,"path_per_floor":["M","?","?","M","?","E","R","M","T","?","$","R","E","M","R","B"],"character_chosen":"IRONCLAD","items_purchased":["Master of Strategy","Spot Weakness","Strength Potion"],"campfire_rested":1,"item_purchase_floors":[11,11,11],"current_hp_per_floor":[76,69,61,63,63,26,50,55,55,44,44,44,30,33,33,0],"gold":59,"neow_bonus":"RANDOM_COMMON_RELIC","is_prod":false,"is_daily":false,"chose_seed":false,"campfire_upgraded":2,"win_rate":0,"timestamp":1549906902,"path_taken":["M","?","?","?","?","E","R","M","T","?","$","R","E","M","R","BOSS"],"build_version":"2019-01-23","purchased_purges":0,"victory":false,"max_hp_per_floor":[80,80,80,80,80,80,80,80,80,80,80,80,80,80,80,80],"card_choices":[{"not_picked":["Twin Strike","Anger"],"picked":"Inflame","floor":1},{"not_picked":["Anger","Seeing Red"],"picked":"Iron Wave","floor":4},{"not_picked":["Anger","Warcry"],"picked":"Shrug It Off","floor":6},{"not_picked":["Clash","Burning Pact","Twin Strike"],"picked":"Rage","floor":8},{"not_picked":["Uppercut","Havoc","Cleave"],"picked":"Pommel Strike","floor":13},{"not_picked":["Armaments","Rampage","Body Slam","Headbutt"],"picked":"SKIP","floor":14}],"player_experience":274225,"relics_obtained":[{"floor":6,"key":"Question Card"},{"floor":9,"key":"PreservedInsect"},{"floor":13,"key":"Ancient Tea Set"}],"event_choices":[{"damage_healed":0,"gold_gain":0,"player_choice":"Success","damage_taken":7,"relics_obtained":["Sundial"],"max_hp_gain":0,"max_hp_loss":0,"event_name":"Scrap Ooze","floor":2,"gold_loss":0},{"damage_healed":0,"gold_gain":75,"player_choice":"Touch","damage_taken":8,"max_hp_gain":0,"max_hp_loss":0,"event_name":"FaceTrader","floor":3,"gold_loss":0},{"cards_removed":["Strike_R"],"damage_healed":0,"gold_gain":0,"player_choice":"Card Removal","damage_taken":0,"max_hp_gain":0,"max_hp_loss":0,"event_name":"The Cleric","floor":5,"gold_loss":50},{"damage_healed":0,"gold_gain":75,"player_choice":"Gather Gold","damage_taken":11,"max_hp_gain":0,"max_hp_loss":0,"event_name":"World of Goop","floor":10,"gold_loss":0}],"is_beta":false,"boss_relics":[],"items_purged_floors":[],"is_endless":false,"potions_floor_spawned":[8,14],"killed_by":"Hexaghost","ascension_level":10}