{"gold_per_floor":[116,191,191,203,218,218,246,246,271,67,81,110,110,124,124,222,222,233,332,332,205,205,237,237,255,305,305,336,336,40,65,65,168,168,183,236,236,236,236,269,124,124,124,124,153,167,167,167,167,167,167,167,65,95,95],"floor_reached":55,"playtime":1089,"items_purged":["Strike_R","Defend_R"],"score":1010,"play_id":"8b4ff8e1-86bc-4624-a0d9-d5bf5c42dd3d","local_time":"20190127012355","is_ascension_mode":true,"campfire_choices":[{"data":"Rampage","floor":6.0,"key":"SMITH"},{"data":"Whirlwind","floor":8.0,"key":"SMITH"},{"data":"True Grit","floor":15.0,"key":"SMITH"},{"data":"Double Tap","floor":24.0,"key":"SMITH"},{"data":"Spot Weakness","floor":32.0,"key":"SMITH"},{"data":"Thinking Ahead","floor":42.0,"key":"SMITH"},{"data":"Finesse","floor":44.0,"key":"SMITH"},{"floor":47.0,"key":"RECALL"},{"data":"Defend_R","floor":49.0,"key":"SMITH"},{"data":"Bash","floor":52.0,"key":"SMITH"}],"neow_cost":"NONE","seed_source_timestamp":5874955054612,"circlet_count":0,"master_deck":["Strike_R","Defend_R+1","Defend_R+1","Bash+1","True Grit+1","Intimidate+1","Rampage+1","Whirlwind+1","Double Tap+1","Spot Weakness+1","Thinking Ahead+1","Finesse+1","Shrug It Off"],"special_seed":0,"relics":["Burning Blood","Omamori","Vajra","Chemical X","Pantograph","Busted Crown","War Paint","Kunai","Juzu Bracelet","Necronomicon","Art of War","Medical Kit","Matryoshka","Empty Cage","Gambling Chip","MawBank","Bronze Scales","Bag of Preparation","Pear","Regal Pillow"],"potions_floor_usage":[55,55,55],"damage_taken":[{"damage":18.0,"enemies":"Jaw Worm","floor":1.0,"turns":4.0},{"damage":3.0,"enemies":"2 Louse","floor":4.0,"turns":3.0},{"damage":3.0,"enemies":"Cultist","floor":5.0,"turns":4.0},{"damage":30.0,"enemies":"Gremlin Nob","floor":7.0,"turns":4.0},{"damage":13.0,"enemies":"Large Slime","floor":11.0,"turns":4.0},{"damage":23.0,"enemies":"Lagavulin","floor":12.0,"turns":4.0},{"damage":0.0,"enemies":"3 Louse","floor":14.0,"turns":2.0},{"damage":22.0,"enemies":"Slime Boss","floor":16.0,"turns":7.0},{"damage":2.0,"enemies":"2 Thieves","floor":18.0,"turns":2.0},{"damage":5.0,"enemies":"Slavers","floor":23.0,"turns":2.0},{"damage":1.0,"enemies":"Shell Parasite","floor":25.0,"turns":3.0},{"damage":14.0,"enemies":"Book of Stabbing","floor":28.0,"turns":4.0},{"damage":0.0,"enemies":"Gremlin Leader","floor":31.0,"turns":2.0},{"damage":14.0,"enemies":"Champ","floor":33.0,"turns":3.0},{"damage":0.0,"enemies":"Orb Walker","floor":35.0,"turns":1.0},{"damage":5.0,"enemies":"2 Orb Walkers","floor":36.0,"turns":2.0},{"damage":15.0,"enemies":"Giant Head","floor":40.0,"turns":4.0},{"damage":41.0,"enemies":"Nemesis","floor":45.0,"turns":5.0},{"damage":0.0,"enemies":"3 Darklings","floor":46.0,"turns":1.0},{"damage":15.0,"enemies":"Donu and Deca","floor":50.0,"turns":2.0},{"damage":8,"enemies":"Shield and Spear","floor":54,"turns":1},{"damage":93,"enemies":"The Heart","floor":55,"turns":3}],"seed_played":"-4247493732193865984","potions_obtained":[{"floor":4.0,"key":"Explosive Potion"},{"floor":5.0,"key":"Weak Potion"},{"floor":25.0,"key":"Fire Potion"},{"floor":28.0,"key":"SteroidPotion"},{"floor":31.0,"key":"LiquidBronze"}],"is_trial":false,"path_per_floor":["M","?","?","M","M","R","E","R","T","$","M","E","?","M","R","B",null,"M","?","?","$","?","E","R","M","T","?","E","?","$","E","R","B",null,"M","?","?","?","?","E","$","R","T","R","E","M","R","?","R","B",null,"R","$","E","B"],"character_chosen":"IRONCLAD","items_purchased":["Chemical X","PowerPotion","Medical Kit","Bronze Scales","Shrug It Off","PowerPotion"],"campfire_rested":0,"item_purchase_floors":[10,21,30,41,53,53],"current_hp_per_floor":[68,57,62,65,68,68,44,44,44,44,37,20,20,26,26,35,73,77,77,77,77,77,78,78,83,83,67,59,59,59,65,65,77,83,85,85,85,75,75,66,66,66,66,66,41,47,47,47,47,63,84,84,84,82,0],"gold":95,"neow_bonus":"THREE_CARDS","is_prod":false,"is_daily":false,"chose_seed":false,"campfire_upgraded":9,"win_rate":0,"timestamp":1548563035,"path_taken":["M","?","?","M","M","R","E","R","T","$","M","E","?","?","R","BOSS","M","?","?","$","?","E","R","M","T","?","E","?","?","E","R","BOSS","M","?","?","?","?","E","$","R","T","R","E","M","R","?","R","BOSS","R","$","E","BOSS"],"build_version":"2018-11-15","purchased_purges":2,"victory":false,"max_hp_per_floor":[80,80,85,85,85,85,85,85,85,85,85,85,85,85,85,85,85,85,85,85,85,85,85,85,85,85,85,85,85,85,85,85,85,85,85,85,85,85,81,81,81,81,81,81,91,91,91,91,91,91,91,91,91,91,91],"card_choices":[{"not_picked":["Corruption","Thunderclap"],"picked":"True Grit","floor":0.0},{"not_picked":["Pommel Strike","Anger"],"picked":"Intimidate","floor":1.0},{"not_picked":["Thunderclap","Body Slam"],"picked":"Rampage","floor":4.0},{"not_picked":["Evolve","Clothesline","Twin Strike"],"picked":"SKIP","floor":5.0},{"not_picked":["Immolate","Intimidate"],"picked":"Whirlwind","floor":7.0},{"not_picked":["Hemokinesis","Body Slam","Thunderclap"],"picked":"SKIP","floor":11.0},{"not_picked":["Feel No Pain","Cleave","Rage"],"picked":"SKIP","floor":12.0},{"not_picked":["Heavy Blade","Sentinel","Dual Wield"],"picked":"SKIP","floor":14.0},{"not_picked":["Fiend Fire","Demon Form"],"picked":"Double Tap","floor":16.0},{"not_picked":["Armaments+1"],"picked":"SKIP","floor":18.0},{"not_picked":["Clash"],"picked":"SKIP","floor":23.0},{"not_picked":[],"picked":"Spot Weakness","floor":25.0},{"not_picked":[],"picked":"Shrug It Off+1","floor":28.0},{"not_picked":["Body Slam"],"picked":"SKIP","floor":31.0},{"not_picked":["Body Slam+1"],"picked":"SKIP","floor":35.0},{"not_picked":[],"picked":"Thinking Ahead","floor":38.0},{"not_picked":[],"picked":"Finesse","floor":38.0},{"not_picked":["Double Tap"],"picked":"SKIP","floor":40.0},{"not_picked":["Sword Boomerang+1"],"picked":"SKIP","floor":45.0},{"not_picked":["Perfected Strike+1"],"picked":"SKIP","floor":46.0},{"not_picked":["Iron Wave"],"picked":"SKIP","floor":54}],"player_experience":38394,"relics_obtained":[{"floor":7.0,"key":"Omamori"},{"floor":9.0,"key":"Vajra"},{"floor":12.0,"key":"Pantograph"},{"floor":23.0,"key":"Kunai"},{"floor":26.0,"key":"Juzu Bracelet"},{"floor":27.0,"key":"Necronomicon"},{"floor":28.0,"key":"Art of War"},{"floor":31.0,"key":"Matryoshka"},{"floor":36.0,"key":"Gambling Chip"},{"floor":40.0,"key":"MawBank"},{"floor":43.0,"key":"Bag of Preparation"},{"floor":45.0,"key":"Pear"},{"floor":54,"key":"Regal Pillow"}],"event_choices":[{"damage_healed":0.0,"max_hp_gain":0.0,"max_hp_loss":0.0,"gold_gain":75.0,"event_name":"World of Goop","player_choice":"Gather Gold","floor":2.0,"gold_loss":0.0,"damage_taken":11.0},{"damage_healed":0.0,"max_hp_gain":5.0,"max_hp_loss":0.0,"gold_gain":0.0,"event_name":"Big Fish","player_choice":"Donut","floor":3.0,"gold_loss":0.0,"damage_taken":0.0},{"cards_removed":["Strike_R"],"damage_healed":0.0,"max_hp_gain":0.0,"max_hp_loss":0.0,"gold_gain":0.0,"event_name":"Wheel of Change","player_choice":"Card Removal","floor":13.0,"gold_loss":0.0,"damage_taken":0.0},{"damage_healed":0.0,"max_hp_gain":0.0,"max_hp_loss":0.0,"gold_gain":99.0,"event_name":"Nest","player_choice":"Stole From Cult","floor":19.0,"gold_loss":0.0,"damage_taken":0.0},{"damage_healed":0.0,"max_hp_gain":0.0,"max_hp_loss":0.0,"gold_gain":0.0,"event_name":"The Mausoleum","player_choice":"Opened","floor":20.0,"gold_loss":0.0,"damage_taken":0.0,"relics_obtained":["War Paint"]},{"cards_removed":["Strike_R"],"damage_healed":0.0,"max_hp_gain":0.0,"max_hp_loss":0.0,"gold_gain":0.0,"event_name":"Bonfire Elementals","player_choice":"Offered Basic","floor":22.0,"gold_loss":0.0,"damage_taken":0.0},{"damage_healed":0.0,"max_hp_gain":0.0,"max_hp_loss":0.0,"gold_gain":0.0,"event_name":"Cursed Tome","player_choice":"Obtained Book","floor":27.0,"gold_loss":0.0,"damage_taken":16.0},{"damage_healed":0.0,"max_hp_gain":0.0,"max_hp_loss":0.0,"gold_gain":0.0,"event_name":"Vampires","player_choice":"Ignored","floor":29.0,"gold_loss":0.0,"damage_taken":0.0},{"damage_healed":0.0,"max_hp_gain":0.0,"max_hp_loss":0.0,"gold_gain":0.0,"event_name":"Mysterious Sphere","player_choice":"Fight","floor":36.0,"gold_loss":0.0,"damage_taken":0.0},{"cards_removed":["Shrug It Off"],"damage_healed":0.0,"max_hp_gain":0.0,"max_hp_loss":0.0,"gold_gain":0.0,"event_name":"Falling","player_choice":"Removed Skill","floor":37.0,"gold_loss":0.0,"damage_taken":0.0},{"damage_healed":0.0,"max_hp_gain":0.0,"max_hp_loss":0.0,"gold_gain":0.0,"event_name":"SensoryStone","player_choice":"Memory 3","floor":38.0,"gold_loss":0.0,"damage_taken":10.0},{"damage_healed":0.0,"max_hp_gain":0.0,"max_hp_loss":4.0,"gold_gain":0.0,"event_name":"Winding Halls","player_choice":"Max HP","floor":39.0,"gold_loss":0.0,"damage_taken":0.0},{"damage_healed":0.0,"max_hp_gain":0.0,"max_hp_loss":0.0,"gold_gain":0.0,"event_name":"Tomb of Lord Red Mask","player_choice":"Ignored","floor":48.0,"gold_loss":0.0,"damage_taken":0.0}],"is_beta":false,"boss_relics":[{"not_picked":["Runic Dome","Black Blood"],"picked":"Busted Crown"},{"not_picked":["Snecko Eye","Coffee Dripper"],"picked":"Empty Cage"}],"items_purged_floors":[21,30],"is_endless":false,"potions_floor_spawned":[4,5,25,28,31,35,36,40],"killed_by":"The Heart","ascension_level":5}