{"gold_per_floor":[113,63,63,63,63,63,81,156,156,173,173,192,206,233,233,333,333,348,3,23,23,33,33,66,66,93,93,127,146,46,75,75,171,171,184,154,204,215,232,232,46,46,46,46,21,21,0,12,12,12],"floor_reached":51,"playtime":1719,"items_purged":["Strike_G","Shame"],"score":871,"play_id":"60f17b3c-3b7f-41f5-8fe2-b50fe2805a19","local_time":"20190103181928","is_ascension_mode":true,"campfire_choices":[{"data":"Glass Knife","floor":6,"key":"SMITH"},{"data":"Deflect","floor":11,"key":"SMITH"},{"data":"Footwork","floor":15,"key":"SMITH"},{"data":"Footwork","floor":23,"key":"SMITH"},{"data":"After Image","floor":25,"key":"SMITH"},{"data":"Dagger Spray","floor":27,"key":"SMITH"},{"data":"Noxious Fumes","floor":32,"key":"SMITH"},{"floor":40,"key":"REST"},{"data":"Malaise","floor":42,"key":"SMITH"},{"data":"Backstab","floor":44,"key":"SMITH"},{"floor":46,"key":"REST"},{"floor":49,"key":"REST"}],"neow_cost":"NONE","seed_source_timestamp":198106748768329,"circlet_count":0,"master_deck":["Defend_G","Defend_G+1","Defend_G+1","Strike_G","Strike_G+1","Survivor","Neutralize+1","Glass Knife+1","Slice","PiercingWail","Sucker Punch+1","Deflect","Deflect+1","Backstab+1","Dagger Spray+1","After Image+1","Footwork+1","Malaise+1","Blade Dance+1","Terror","Footwork+1","Deadly Poison+1","Backstab+1","Backflip","Noxious Fumes+1","Quick Slash+1","Backstab+1","Backstab+1","Bouncing Flask+1","Adrenaline","Dodge and Roll","Deflect","Leg Sweep"],"special_seed":0,"relics":["Orrery","FaceOfCleric","Question Card","Potion Belt","Cursed Key","War Paint","Whetstone","Oddly Smooth Stone","Juzu Bracelet","Vajra","Empty Cage","Incense Burner","Red Mask"],"potions_floor_usage":[14,16,24,24,31,31,33,37,50,50,50,50,50,50,50,50,50],"damage_taken":[{"damage":0.0,"enemies":"Small Slimes","floor":1.0,"turns":3.0},{"damage":1,"enemies":"2 Louse","floor":7,"turns":3},{"damage":0,"enemies":"Cultist","floor":10,"turns":2},{"damage":6,"enemies":"Looter","floor":12,"turns":3},{"damage":0,"enemies":"Exordium Wildlife","floor":13,"turns":2},{"damage":17,"enemies":"Lagavulin","floor":14,"turns":7},{"damage":17,"enemies":"Hexaghost","floor":16,"turns":16},{"damage":4,"enemies":"3 Byrds","floor":18,"turns":6},{"damage":2,"enemies":"Shell Parasite","floor":20,"turns":5},{"damage":4,"enemies":"Snecko","floor":22,"turns":6},{"damage":24,"enemies":"Slavers","floor":24,"turns":5},{"damage":12,"enemies":"Book of Stabbing","floor":28,"turns":5},{"damage":7,"enemies":"Sentry and Sphere","floor":29,"turns":6},{"damage":20,"enemies":"Slavers","floor":31,"turns":5},{"damage":0,"enemies":"Collector","floor":33,"turns":11},{"damage":25,"enemies":"3 Darklings","floor":35,"turns":5},{"damage":25,"enemies":"2 Orb Walkers","floor":37,"turns":6},{"damage":7,"enemies":"Orb Walker","floor":38,"turns":4},{"damage":15,"enemies":"3 Darklings","floor":39,"turns":7},{"damage":0,"enemies":"4 Shapes","floor":48,"turns":5},{"damage":39,"enemies":"Time Eater","floor":50,"turns":12}],"seed_played":"-8077209832412960120","potions_obtained":[{"floor":7,"key":"Block Potion"},{"floor":12,"key":"Energy Potion"},{"floor":13,"key":"FearPotion"},{"floor":16,"key":"PowerPotion"},{"floor":18,"key":"Explosive Potion"},{"floor":22,"key":"Poison Potion"},{"floor":24,"key":"SkillPotion"},{"floor":28,"key":"Explosive Potion"},{"floor":36,"key":"EntropicBrew"},{"floor":36,"key":"Weak Potion"},{"floor":38,"key":"SkillPotion"},{"floor":39,"key":"Explosive Potion"},{"floor":48,"key":"GamblersBrew"}],"is_trial":false,"path_per_floor":["M","?","?","?","?","R","M","?","T","M","R","M","M","E","R","B",null,"M","$","M","?","M","R","E","R","T","R","E","M","$","E","R","B",null,"M","?","?","M","M","R","$","R","T","R","$","R","?","M","R","B",null],"character_chosen":"THE_SILENT","items_purchased":["Terror","Footwork","War Paint","Adrenaline","Dodge and Roll","Deflect"],"campfire_rested":3,"item_purchase_floors":[19,19,19,41,41,45],"current_hp_per_floor":[70,70,56,61,61,61,61,50,50,51,51,46,47,31,31,15,81,78,78,77,77,74,74,51,51,51,51,40,34,34,15,15,16,89,65,65,41,35,21,48,48,48,48,48,48,75,75,76,94,56],"gold":12,"neow_bonus":"BOSS_RELIC","is_prod":false,"is_daily":false,"chose_seed":false,"campfire_upgraded":9,"win_rate":0,"timestamp":1546550368,"path_taken":["M","?","?","?","?","R","?","?","T","M","R","M","M","E","R","BOSS","M","$","M","?","M","R","E","R","T","R","E","M","$","E","R","BOSS","M","?","?","M","M","R","$","R","T","R","$","R","?","M","R","BOSS"],"build_version":"2018-11-15","purchased_purges":2,"victory":true,"max_hp_per_floor":[70,70,70,75,75,75,76,76,76,77,77,78,79,80,80,81,81,82,82,83,83,84,84,85,85,85,85,86,87,87,88,88,89,89,90,90,91,92,93,93,93,93,93,93,93,93,93,94,94,95],"card_choices":[{"not_picked":["Acrobatics","Poisoned Stab"],"picked":"Glass Knife","floor":0.0},{"not_picked":["Underhanded Strike","Outmaneuver"],"picked":"Slice","floor":0.0},{"not_picked":["Backflip","Quick Slash"],"picked":"PiercingWail","floor":0.0},{"not_picked":["Deadly Poison","Poisoned Stab"],"picked":"Sucker Punch","floor":0.0},{"not_picked":["Leg Sweep","Prepared"],"picked":"Deflect","floor":1.0},{"not_picked":["Catalyst","Slice"],"picked":"Deflect","floor":7},{"not_picked":["Dagger Throw","Prepared","Outmaneuver"],"picked":"Backstab","floor":10},{"not_picked":["Dagger Throw","Bouncing Flask","Dodge and Roll"],"picked":"Dagger Spray","floor":12},{"not_picked":["Quick Slash","Masterful Stab","Poisoned Stab"],"picked":"After Image","floor":13},{"not_picked":["Outmaneuver","Poisoned Stab","Masterful Stab"],"picked":"Footwork","floor":14},{"not_picked":["Tools of the Trade","Wraith Form v2","Burst"],"picked":"Malaise","floor":16},{"not_picked":["Dash","Riddle With Holes","Outmaneuver"],"picked":"Blade Dance+1","floor":18},{"not_picked":["Predator","Tactician","Dagger Throw+1"],"picked":"Deadly Poison+1","floor":20},{"not_picked":["Prepared+1","Acrobatics","Sucker Punch"],"picked":"Backstab","floor":22},{"not_picked":["Dodge and Roll","Deflect","Acrobatics+1"],"picked":"Backflip","floor":24},{"not_picked":["Phantasmal Killer","Deflect","PiercingWail","Tactician"],"picked":"SKIP","floor":28},{"not_picked":["Deflect","Masterful Stab+1","Flying Knee"],"picked":"Noxious Fumes","floor":29},{"not_picked":["Riddle With Holes","Flechettes","Prepared","Sucker Punch"],"picked":"SKIP","floor":31},{"not_picked":["Slice","Dagger Spray","Poisoned Stab+1"],"picked":"Quick Slash+1","floor":35},{"not_picked":["Masterful Stab","Slice","Poisoned Stab+1"],"picked":"Backstab+1","floor":37},{"not_picked":["Poisoned Stab","Deflect","Footwork"],"picked":"Backstab+1","floor":38},{"not_picked":["Terror+1","Dodge and Roll","Dagger Spray+1"],"picked":"Bouncing Flask+1","floor":39},{"not_picked":["Slice+1","Sucker Punch","Outmaneuver"],"picked":"Leg Sweep","floor":48}],"player_experience":13992,"relics_obtained":[{"floor":9,"key":"Question Card"},{"floor":14,"key":"Potion Belt"},{"floor":24,"key":"Whetstone"},{"floor":26,"key":"Oddly Smooth Stone"},{"floor":28,"key":"Juzu Bracelet"},{"floor":31,"key":"Vajra"},{"floor":37,"key":"Incense Burner"}],"event_choices":[{"cards_removed":["Defend_G"],"damage_healed":0.0,"max_hp_gain":0.0,"max_hp_loss":0.0,"gold_gain":0.0,"event_name":"The Cleric","player_choice":"Card Removal","floor":2.0,"gold_loss":50.0,"damage_taken":0.0},{"damage_healed":0.0,"max_hp_gain":0.0,"max_hp_loss":0.0,"gold_gain":0.0,"event_name":"Shining Light","player_choice":"Entered Light","floor":3.0,"gold_loss":0.0,"damage_taken":14.0,"cards_upgraded":["Strike_G","Sucker Punch"]},{"damage_healed":0,"gold_gain":0,"player_choice":"Donut","damage_taken":0,"max_hp_gain":5,"max_hp_loss":0,"event_name":"Big Fish","floor":4,"gold_loss":0},{"damage_healed":0,"gold_gain":0,"player_choice":"Trade","damage_taken":0,"relics_obtained":["FaceOfCleric"],"max_hp_gain":0,"max_hp_loss":0,"event_name":"FaceTrader","floor":5,"gold_loss":0},{"damage_healed":0,"gold_gain":75,"player_choice":"Gather Gold","damage_taken":11,"max_hp_gain":0,"max_hp_loss":0,"event_name":"World of Goop","floor":8,"gold_loss":0},{"cards_removed":["Defend_G"],"damage_healed":0,"gold_gain":0,"player_choice":"Elegance","damage_taken":0,"max_hp_gain":0,"max_hp_loss":0,"event_name":"Back to Basics","floor":21,"gold_loss":0},{"damage_healed":0,"gold_gain":0,"player_choice":"Bought 2 Potions","damage_taken":0,"max_hp_gain":0,"max_hp_loss":0,"event_name":"The Woman in Blue","floor":36,"gold_loss":0},{"damage_healed":0,"gold_gain":0,"player_choice":"Fight","damage_taken":0,"max_hp_gain":0,"max_hp_loss":0,"event_name":"Mysterious Sphere","floor":37,"gold_loss":0},{"damage_healed":0,"gold_gain":0,"player_choice":"Paid","damage_taken":0,"relics_obtained":["Red Mask"],"max_hp_gain":0,"max_hp_loss":0,"event_name":"Tomb of Lord Red Mask","floor":47,"gold_loss":21}],"is_beta":false,"boss_relics":[{"not_picked":["White Beast Statue","Fusion Hammer"],"picked":"Cursed Key"},{"not_picked":["Snecko Eye","Busted Crown"],"picked":"Empty Cage"}],"items_purged_floors":[19,30],"is_endless":false,"potions_floor_spawned":[7,12,13,16,18,22,24,28,38,39,48],"ascension_level":2}