{"gold_per_floor":[122,147,171,171,183,227,239,311,323,353,380,392,416,503,515,625,637,664,775,691,791,811,811,811,373,421,421,456,473,498,498,498,498],"floor_reached":33,"playtime":1313,"items_purged":[],"score":312,"play_id":"b7128713-618a-499a-92fa-99b0a9b89187","local_time":"20190212145728","is_ascension_mode":false,"campfire_choices":[{"floor":7.0,"key":"REST"},{"floor":12.0,"key":"REST"},{"floor":15.0,"key":"REST"},{"floor":23.0,"key":"REST"},{"data":"Armaments","floor":27.0,"key":"SMITH"},{"floor":32.0,"key":"REST"}],"neow_cost":"NONE","seed_source_timestamp":62365412789546,"circlet_count":0,"master_deck":["Strike_R","Strike_R","Strike_R","Strike_R","Strike_R","Defend_R","Defend_R","Defend_R","Defend_R","Bash","Perfected Strike","Pommel Strike","Perfected Strike","Flex+1","Flex","Armaments+1","Wild Strike"],"special_seed":0,"relics":["Burning Blood","MawBank","Calipers","Peace Pipe","Magic Flower","Velvet Choker","Thread and Needle","Singing Bowl","Gremlin Horn","Bronze Scales","Art of War","Potion Belt","Girya"],"potions_floor_usage":[33,33,33],"damage_taken":[{"damage":8.0,"enemies":"Cultist","floor":1.0,"turns":5.0},{"damage":8.0,"enemies":"Small Slimes","floor":2.0,"turns":3.0},{"damage":19.0,"enemies":"Jaw Worm","floor":3.0,"turns":4.0},{"damage":5.0,"enemies":"Exordium Thugs","floor":4.0,"turns":4.0},{"damage":70.0,"enemies":"Lagavulin","floor":6.0,"turns":10.0},{"damage":20.0,"enemies":"Gremlin Nob","floor":8.0,"turns":4.0},{"damage":12.0,"enemies":"Looter","floor":10.0,"turns":4.0},{"damage":2.0,"enemies":"2 Fungi Beasts","floor":11.0,"turns":3.0},{"damage":11.0,"enemies":"Blue Slaver","floor":13.0,"turns":4.0},{"damage":60.0,"enemies":"The Guardian","floor":16.0,"turns":17.0},{"damage":14.0,"enemies":"Spheric Guardian","floor":18.0,"turns":4.0},{"damage":25.0,"enemies":"Colosseum Slavers","floor":21.0,"turns":4.0},{"damage":32.0,"enemies":"Colosseum Nobs","floor":21.0,"turns":5.0},{"damage":16.0,"enemies":"3 Byrds","floor":22.0,"turns":6.0},{"damage":31.0,"enemies":"Book of Stabbing","floor":28.0,"turns":5.0},{"damage":10.0,"enemies":"Shelled Parasite and Fungi","floor":29.0,"turns":4.0},{"damage":46.0,"enemies":"Slavers","floor":30.0,"turns":5.0},{"damage":0.0,"enemies":"Sentry and Sphere","floor":31.0,"turns":1.0},{"damage":106,"enemies":"Automaton","floor":33,"turns":6}],"seed_played":"5798632349693172360","potions_obtained":[{"floor":2.0,"key":"Regen Potion"},{"floor":4.0,"key":"BloodPotion"},{"floor":10.0,"key":"SmokeBomb"},{"floor":13.0,"key":"Weak Potion"},{"floor":21.0,"key":"SkillPotion"},{"floor":30.0,"key":"SteroidPotion"}],"is_trial":false,"path_per_floor":["M","M","M","M","$","E","R","?","T","M","M","R","M","?","R","B",null,"M","?","$","?","M","R","?","$","T","R","E","M","E","M","R","B"],"character_chosen":"IRONCLAD","items_purchased":["Energy Potion","Flex","Gremlin Horn","Bronze Scales","Wild Strike"],"campfire_rested":5,"item_purchase_floors":[20,20,25,25,25],"current_hp_per_floor":[78,76,63,64,64,17,41,27,27,24,31,55,53,42,66,15,80,75,75,75,38,31,55,82,82,82,82,62,63,28,37,63,0],"gold":498,"neow_bonus":"RANDOM_COMMON_RELIC","is_prod":false,"is_daily":false,"chose_seed":false,"campfire_upgraded":1,"win_rate":0,"timestamp":1549972648,"path_taken":["M","M","M","M","$","E","R","?","T","M","M","R","M","?","R","BOSS","M","?","?","?","M","R","?","$","T","R","E","M","E","?","R","BOSS"],"build_version":"2019-01-23","purchased_purges":0,"victory":false,"max_hp_per_floor":[80,80,80,80,80,80,80,80,80,80,80,80,80,80,80,80,80,80,80,80,82,82,82,82,82,82,82,84,86,88,88,88,88],"card_choices":[{"not_picked":["Cleave","Iron Wave","True Grit"],"picked":"SKIP","floor":1.0},{"not_picked":["Dropkick","Blood for Blood","Rupture"],"picked":"SKIP","floor":2.0},{"not_picked":["Shrug It Off","Pommel Strike"],"picked":"Perfected Strike","floor":3.0},{"not_picked":["Body Slam","Shockwave","Blood for Blood"],"picked":"SKIP","floor":4.0},{"not_picked":["Bloodletting","Bludgeon"],"picked":"Pommel Strike","floor":6.0},{"not_picked":["Shockwave","Clothesline","Dual Wield"],"picked":"SKIP","floor":10.0},{"not_picked":["Power Through","Rampage","Shockwave"],"picked":"SKIP","floor":11.0},{"not_picked":["Rupture","Whirlwind"],"picked":"Perfected Strike","floor":13.0},{"not_picked":["Power Through","Warcry"],"picked":"Flex+1","floor":18.0},{"not_picked":["Clothesline","Infernal Blade+1","Anger"],"picked":"Singing Bowl","floor":21.0},{"not_picked":["Sword Boomerang","Iron Wave"],"picked":"Armaments","floor":22.0},{"not_picked":["Armaments+1","Anger","Searing Blow"],"picked":"Singing Bowl","floor":28.0},{"not_picked":["Corruption","Rupture+1","Rampage+1"],"picked":"Singing Bowl","floor":29.0},{"not_picked":["Rupture","Shrug It Off","Corruption+1"],"picked":"Singing Bowl","floor":30.0}],"player_experience":345774,"relics_obtained":[{"floor":6.0,"key":"Calipers"},{"floor":8.0,"key":"Peace Pipe"},{"floor":9.0,"key":"Magic Flower"},{"floor":21.0,"key":"Thread and Needle"},{"floor":21.0,"key":"Singing Bowl"},{"floor":26.0,"key":"Art of War"},{"floor":28.0,"key":"Potion Belt"},{"floor":30.0,"key":"Girya"}],"event_choices":[{"damage_healed":0.0,"max_hp_gain":0.0,"max_hp_loss":0.0,"gold_gain":0.0,"event_name":"Dead Adventurer","player_choice":"Searched \u00271\u0027 times","floor":8.0,"gold_loss":0.0,"damage_taken":0.0},{"damage_healed":0.0,"max_hp_gain":0.0,"max_hp_loss":0.0,"gold_gain":75.0,"event_name":"World of Goop","player_choice":"Gather Gold","floor":14.0,"gold_loss":0.0,"damage_taken":11.0},{"damage_healed":0.0,"max_hp_gain":0.0,"max_hp_loss":0.0,"gold_gain":99.0,"event_name":"Nest","player_choice":"Stole From Cult","floor":19.0,"gold_loss":0.0,"damage_taken":0.0},{"damage_healed":0.0,"max_hp_gain":0.0,"max_hp_loss":0.0,"gold_gain":0.0,"event_name":"Colosseum","player_choice":"Fight","floor":21.0,"gold_loss":0.0,"damage_taken":0.0},{"damage_healed":0.0,"max_hp_gain":0.0,"max_hp_loss":0.0,"gold_gain":0.0,"event_name":"Colosseum","player_choice":"Fought Nobs","floor":21.0,"gold_loss":0.0,"damage_taken":0.0},{"damage_healed":27.0,"max_hp_gain":0.0,"max_hp_loss":0.0,"gold_gain":0.0,"event_name":"The Library","player_choice":"Heal","floor":24.0,"gold_loss":0.0,"damage_taken":0.0}],"is_beta":false,"boss_relics":[{"not_picked":["Pandora\u0027s Box","Empty Cage"],"picked":"Velvet Choker"}],"items_purged_floors":[],"is_endless":false,"potions_floor_spawned":[2,4,10,13,21,21,22,30,31],"killed_by":"Automaton","ascension_level":0}