{"gold_per_floor":[115,290,290,147,157,157,171,185,185,220,238,267,267,277,277,375,375,392,307,319,29,43,43,43,53,77,89,89,123,123,142,142,243,243,253,273,273,28,41,41,66,66,91,91,118,18,32,44,44,44,44,44,44,44],"floor_reached":54,"playtime":4837,"items_purged":["Doubt","Bite","Self Repair"],"score":754,"play_id":"33a8e118-256f-4afd-a592-3b7e1f8cc108","local_time":"20190216215324","is_ascension_mode":false,"campfire_choices":[{"data":"Defragment","floor":6.0,"key":"SMITH"},{"floor":13.0,"key":"RECALL"},{"data":"Biased Cognition","floor":15.0,"key":"SMITH"},{"data":"Secret Technique","floor":24.0,"key":"SMITH"},{"data":"Echo Form","floor":28.0,"key":"SMITH"},{"data":"Buffer","floor":32,"key":"SMITH"},{"data":"Zap","floor":44,"key":"SMITH"},{"floor":49,"key":"REST"},{"data":"Reinforced Body","floor":52,"key":"SMITH"}],"neow_cost":"NONE","seed_source_timestamp":117113936121118,"circlet_count":0,"master_deck":["Defend_B","Defend_B","Defend_B","Defend_B","Zap+1","Dualcast","Reinforced Body+1","Defragment+1","Cold Snap","Cold Snap","Biased Cognition+1","Static Discharge","White Noise","White Noise","Heatsinks+1","Secret Technique+1","Defragment","BootSequence","Defragment+1","Echo Form+1","Buffer+1","Bite","Bite","Bite","Bite","Hologram+1","Electrodynamics","Tempest","Loop","Seek","Metamorphosis","Capacitor+1","Go for the Eyes+1","Parasite","Leap+1"],"special_seed":0,"relics":["Cracked Core","Oddly Smooth Stone","Pear","Smiling Mask","Potion Belt","Cursed Key","Omamori","PreservedInsect","Orrery","OrangePellets","Sundial","Bag of Preparation","Meat on the Bone"],"potions_floor_usage":[29,29,29,33,33,45,48,50,54,54],"damage_taken":[{"damage":1.0,"enemies":"2 Louse","floor":1.0,"turns":3.0},{"damage":3.0,"enemies":"Jaw Worm","floor":5.0,"turns":2.0},{"damage":0.0,"enemies":"Cultist","floor":7.0,"turns":3.0},{"damage":14.0,"enemies":"Lots of Slimes","floor":8.0,"turns":3.0},{"damage":11.0,"enemies":"Lagavulin","floor":10.0,"turns":8.0},{"damage":0.0,"enemies":"Blue Slaver","floor":11.0,"turns":3.0},{"damage":15.0,"enemies":"Gremlin Nob","floor":12.0,"turns":4.0},{"damage":0.0,"enemies":"3 Louse","floor":14.0,"turns":3.0},{"damage":35.0,"enemies":"The Guardian","floor":16.0,"turns":8.0},{"damage":8.0,"enemies":"2 Thieves","floor":18.0,"turns":2.0},{"damage":5.0,"enemies":"3 Byrds","floor":20.0,"turns":4.0},{"damage":15.0,"enemies":"Snake Plant","floor":22.0,"turns":4.0},{"damage":33.0,"enemies":"Chosen and Byrds","floor":25.0,"turns":6.0},{"damage":2.0,"enemies":"Cultist and Chosen","floor":27.0,"turns":8.0},{"damage":22,"enemies":"Slavers","floor":29,"turns":5},{"damage":15,"enemies":"Snake Plant","floor":31,"turns":3},{"damage":23,"enemies":"Automaton","floor":33,"turns":15},{"damage":21,"enemies":"3 Shapes","floor":35,"turns":4},{"damage":1,"enemies":"3 Darklings","floor":36,"turns":3},{"damage":7,"enemies":"Maw","floor":39,"turns":7},{"damage":26,"enemies":"Giant Head","floor":41,"turns":8},{"damage":31,"enemies":"Nemesis","floor":45,"turns":7},{"damage":17,"enemies":"Sphere and 2 Shapes","floor":47,"turns":4},{"damage":9,"enemies":"Writhing Mass","floor":48,"turns":6},{"damage":14,"enemies":"Donu and Deca","floor":50,"turns":6},{"damage":81,"enemies":"Shield and Spear","floor":54,"turns":3}],"seed_played":"-7270005030194332730","potions_obtained":[{"floor":8.0,"key":"Ancient Potion"},{"floor":10.0,"key":"SkillPotion"},{"floor":11.0,"key":"Regen Potion"},{"floor":12.0,"key":"Explosive Potion"},{"floor":16.0,"key":"Energy Potion"},{"floor":20.0,"key":"Ancient Potion"},{"floor":22.0,"key":"Fire Potion"},{"floor":25.0,"key":"GamblersBrew"},{"floor":27.0,"key":"EssenceOfSteel"},{"floor":33,"key":"Dexterity Potion"},{"floor":35,"key":"Block Potion"},{"floor":39,"key":"Ancient Potion"},{"floor":41,"key":"Fire Potion"}],"is_trial":false,"path_per_floor":["M","?","?","$","M","R","M","M","T","E","M","E","R","M","R","B",null,"M","?","M","$","M","?","R","M","T","M","R","E","?","M","R","B",null,"M","M","?","$","M","?","E","?","T","R","E","$","M","M","R","B",null,"R","$","E"],"character_chosen":"DEFECT","items_purchased":["Defragment","Secret Technique","Defragment","BootSequence","OrangePellets","Fire Potion"],"campfire_rested":1,"item_purchase_floors":[4,21,21,21,38,46],"current_hp_per_floor":[74,74,67,67,64,64,64,50,60,56,63,48,48,48,48,35,85,77,77,79,79,64,85,85,52,52,57,57,35,35,31,31,43,59,51,54,54,54,59,59,44,44,44,44,28,28,33,38,55,45,59,59,59,0],"gold":44,"neow_bonus":"THREE_CARDS","is_prod":false,"is_daily":false,"chose_seed":false,"campfire_upgraded":7,"win_rate":0,"timestamp":1550375604,"path_taken":["M","?","?","$","M","R","M","M","T","E","M","E","R","M","R","BOSS","M","?","M","$","M","?","R","?","T","?","R","E","?","M","R","BOSS","M","M","?","$","M","?","E","?","T","R","E","?","?","M","R","BOSS","R","$","E"],"build_version":"2019-01-23","purchased_purges":3,"victory":false,"max_hp_per_floor":[75,75,75,75,75,75,75,75,85,85,85,85,85,85,85,85,85,85,85,85,85,85,85,85,85,85,85,85,85,59,59,59,59,59,59,59,59,59,59,59,59,59,59,59,59,59,59,59,59,59,59,59,59,59],"card_choices":[{"not_picked":["Barrage","Stack"],"picked":"Reinforced Body","floor":0.0},{"not_picked":["Gash","Turbo"],"picked":"Compile Driver","floor":1.0},{"not_picked":["Gash","Go for the Eyes"],"picked":"Cold Snap","floor":5.0},{"not_picked":["Go for the Eyes","Conserve Battery"],"picked":"Cold Snap","floor":7.0},{"not_picked":["Lockon","Consume"],"picked":"Self Repair","floor":8.0},{"not_picked":["Fusion","Cold Snap"],"picked":"Biased Cognition","floor":10.0},{"not_picked":["Melter","Streamline"],"picked":"Static Discharge","floor":11.0},{"not_picked":["Turbo","Coolheaded"],"picked":"White Noise","floor":12.0},{"not_picked":["Redo","Barrage"],"picked":"White Noise","floor":14.0},{"not_picked":["Blizzard","Conserve Battery+1"],"picked":"Heatsinks+1","floor":18.0},{"not_picked":["Barrage","Steam","Fusion+1"],"picked":"SKIP","floor":20.0},{"not_picked":["Redo","Turbo"],"picked":"Defragment+1","floor":22.0},{"not_picked":["Ball Lightning","Conserve Battery"],"picked":"Echo Form","floor":25.0},{"not_picked":["Barrage","Rebound+1","Redo"],"picked":"SKIP","floor":27.0},{"not_picked":["Ball Lightning","Gash"],"picked":"Buffer","floor":29},{"not_picked":["Cold Snap","Undo"],"picked":"Hologram+1","floor":31},{"not_picked":["Meteor Strike","Thunder Strike"],"picked":"Electrodynamics","floor":33},{"not_picked":["Redo","Sweeping Beam"],"picked":"Tempest","floor":34},{"not_picked":["Hologram+1","Redo","Rip and Tear+1"],"picked":"SKIP","floor":35},{"not_picked":["Double Energy+1","White Noise","Sweeping Beam"],"picked":"SKIP","floor":36},{"not_picked":["Coolheaded+1","Streamline+1"],"picked":"Loop","floor":39},{"not_picked":["Compile Driver","Turbo"],"picked":"Seek","floor":41},{"not_picked":["Secret Technique","Secret Weapon"],"picked":"Metamorphosis","floor":42},{"not_picked":["Barrage+1","Defragment"],"picked":"Capacitor+1","floor":45},{"not_picked":["Turbo","Conserve Battery"],"picked":"Go for the Eyes+1","floor":47},{"not_picked":["Stack","Melter+1"],"picked":"Leap+1","floor":48}],"player_experience":383897,"relics_obtained":[{"floor":9.0,"key":"Pear"},{"floor":10.0,"key":"Smiling Mask"},{"floor":12.0,"key":"Potion Belt"},{"floor":29,"key":"PreservedInsect"},{"floor":41,"key":"Sundial"},{"floor":43,"key":"Bag of Preparation"},{"floor":45,"key":"Meat on the Bone"}],"event_choices":[{"damage_healed":0.0,"max_hp_gain":0.0,"max_hp_loss":0.0,"gold_gain":175.0,"event_name":"Liars Game","player_choice":"AGREE","floor":2.0,"gold_loss":0.0,"damage_taken":0.0,"cards_obtained":["Doubt"]},{"damage_healed":0.0,"max_hp_gain":0.0,"max_hp_loss":0.0,"gold_gain":0.0,"event_name":"Scrap Ooze","player_choice":"Success","floor":3.0,"gold_loss":0.0,"damage_taken":7.0,"relics_obtained":["Oddly Smooth Stone"]},{"damage_healed":0.0,"max_hp_gain":0.0,"max_hp_loss":0.0,"gold_gain":0.0,"event_name":"Addict","player_choice":"Obtained Relic","floor":19.0,"gold_loss":85.0,"damage_taken":0.0,"relics_obtained":["Omamori"]},{"damage_healed":21.0,"max_hp_gain":0.0,"max_hp_loss":0.0,"gold_gain":0.0,"event_name":"Wheel of Change","player_choice":"Full Heal","floor":23.0,"gold_loss":0.0,"damage_taken":0.0},{"damage_healed":0,"gold_gain":0,"player_choice":"Became a vampire","damage_taken":0,"max_hp_gain":0,"max_hp_loss":26,"event_name":"Vampires","floor":30,"gold_loss":0,"cards_obtained":["Bite","Bite","Bite","Bite","Bite"]},{"damage_healed":0,"gold_gain":0,"player_choice":"Ignored","damage_taken":0,"max_hp_gain":0,"max_hp_loss":0,"event_name":"Tomb of Lord Red Mask","floor":37,"gold_loss":0},{"cards_removed":["Compile Driver"],"damage_healed":0,"gold_gain":0,"player_choice":"Removed Attack","damage_taken":0,"max_hp_gain":0,"max_hp_loss":0,"event_name":"Falling","floor":40,"gold_loss":0},{"damage_healed":0,"gold_gain":0,"player_choice":"Memory 1","damage_taken":0,"max_hp_gain":0,"max_hp_loss":0,"event_name":"SensoryStone","floor":42,"gold_loss":0}],"is_beta":false,"boss_relics":[{"not_picked":["Astrolabe","Ectoplasm"],"picked":"Cursed Key"},{"not_picked":["Runic Pyramid","Empty Cage"],"picked":"Orrery"}],"items_purged_floors":[4,38,46],"is_endless":false,"potions_floor_spawned":[8,10,11,12,16,20,22,25,27,33,35,39,41],"killed_by":"Shield and Spear","ascension_level":0}