{"gold_per_floor":[118,133,308,8,8,8,21,21,21,31,131,131,31,47,47,143,143,154,164,39,56,56,56,68,83,83,83,182,134,144,144],"floor_reached":31,"playtime":2492,"items_purged":["Doubt","Strike_G","Strike_G"],"score":320,"play_id":"a8285137-5a41-4f08-87b3-d73a2c25fa6b","local_time":"20180820220217","is_ascension_mode":true,"campfire_choices":[{"data":"Catalyst","floor":6,"key":"SMITH"},{"data":"Noxious Fumes","floor":8,"key":"SMITH"},{"floor":12,"key":"REST"},{"floor":15,"key":"REST"},{"floor":23,"key":"REST"},{"floor":27,"key":"REST"}],"neow_cost":"NONE","seed_source_timestamp":407147748804444,"circlet_count":0,"master_deck":["Defend_G","Defend_G","Defend_G","Defend_G","Defend_G","Survivor","Neutralize","Deadly Poison","Catalyst+1","Noxious Fumes+1","Burst","Storm of Steel","Bite","Bite","Bite","Bite","Bite","Deadly Poison","Cloak And Dagger"],"relics":["Ring of the Snake","Happy Flower","Shuriken","Empty Cage","Nunchaku"],"potions_floor_usage":[16,16,31,31,31],"damage_taken":[{"damage":1,"enemies":"2 Louse","floor":1,"turns":3},{"damage":5,"enemies":"Small Slimes","floor":2,"turns":4},{"damage":0,"enemies":"Cultist","floor":7,"turns":4},{"damage":17,"enemies":"3 Louse","floor":10,"turns":3},{"damage":30,"enemies":"Lots of Slimes","floor":14,"turns":4},{"damage":47,"enemies":"Slime Boss","floor":16,"turns":12},{"damage":0,"enemies":"Shell Parasite","floor":18,"turns":4},{"damage":14,"enemies":"Spheric Guardian","floor":19,"turns":5},{"damage":7,"enemies":"Centurion and Healer","floor":21,"turns":7},{"damage":20,"enemies":"Snecko","floor":24,"turns":5},{"damage":23,"enemies":"Cultist and Chosen","floor":25,"turns":7},{"damage":31,"enemies":"Snake Plant","floor":30,"turns":3},{"damage":28,"enemies":"3 Cultists","floor":31,"turns":3}],"seed_played":"-6293233006759035372","potions_obtained":[{"floor":2,"key":"AttackPotion"},{"floor":14,"key":"SkillPotion"},{"floor":24,"key":"Fire Potion"},{"floor":25,"key":"Strength Potion"},{"floor":30,"key":"SteroidPotion"}],"is_trial":false,"path_per_floor":["M","M","?","$","?","R","M","R","T","M","?","R","$","M","R","B",null,"M","M","$","M","?","R","M","M","T","R","?","$","M"],"character_chosen":"THE_SILENT","items_purchased":["Noxious Fumes","Happy Flower","Cloak And Dagger"],"campfire_rested":4,"item_purchase_floors":[4,4,29],"current_hp_per_floor":[62,57,57,57,57,57,57,57,57,40,40,61,61,31,52,5,54,54,40,40,33,33,47,35,28,28,42,42,42,15,0],"gold":144,"neow_bonus":"REMOVE_CARD","is_prod":false,"is_daily":false,"chose_seed":false,"campfire_upgraded":2,"win_rate":0,"timestamp":1534820537,"path_taken":["M","M","?","$","?","R","?","R","T","M","?","R","$","M","R","BOSS","M","M","$","M","?","R","M","M","T","R","?","$","?","M"],"build_version":"2018-08-16","purchased_purges":3,"victory":false,"max_hp_per_floor":[70,70,70,70,70,70,70,70,70,70,70,70,70,70,70,70,70,70,70,70,70,49,49,49,49,49,49,49,49,49,49],"card_choices":[{"not_picked":["Slice","Cloak And Dagger"],"picked":"Deadly Poison","floor":1},{"not_picked":["Prepared","Blade Dance"],"picked":"Catalyst","floor":2},{"not_picked":["PiercingWail","Endless Agony","Backflip"],"picked":"SKIP","floor":7},{"not_picked":["Setup","Bane","All Out Attack"],"picked":"SKIP","floor":10},{"not_picked":["Deflect","Glass Knife","Blade Dance"],"picked":"SKIP","floor":14},{"not_picked":["Glass Knife","Malaise"],"picked":"Storm of Steel","floor":16},{"not_picked":["Bane+1","Finisher","Choke"],"picked":"SKIP","floor":18},{"not_picked":["Dodge and Roll","Crippling Poison+1","Calculated Gamble"],"picked":"SKIP","floor":19},{"not_picked":["Choke+1","Concentrate","Deadly Poison"],"picked":"SKIP","floor":21},{"not_picked":["Dagger Throw","Terror"],"picked":"Deadly Poison","floor":24},{"not_picked":["Expertise+1","Slice","Outmaneuver+1"],"picked":"SKIP","floor":25},{"not_picked":["Slice+1","Finisher","Quick Slash"],"picked":"SKIP","floor":30}],"player_experience":332787,"relics_obtained":[{"floor":9,"key":"Shuriken"},{"floor":26,"key":"Nunchaku"}],"event_choices":[{"event_name":"Liars Game","player_choice":"agreed","floor":3,"damage_taken":0},{"event_name":"Match and Keep!","player_choice":"1 cards matched","floor":5,"damage_taken":0},{"event_name":"Golden Shrine","player_choice":"Pray","floor":11,"damage_taken":0},{"event_name":"Vampires","player_choice":"Became a vampire","floor":22,"damage_taken":0},{"event_name":"Nest","player_choice":"Stole From Cult","floor":28,"damage_taken":0}],"is_beta":false,"boss_relics":[{"not_picked":["Snecko Eye","Orrery"],"picked":"Empty Cage"}],"items_purged_floors":[4,13,20],"is_endless":false,"potions_floor_spawned":[2,14,24,25,30],"killed_by":"3 Cultists","ascension_level":6}