{"gold_per_floor":[119,119,119,66,82,116,138,325,418,430,452,491,520,298,298,298],"floor_reached":16,"playtime":843,"items_purged":["Doubt"],"score":100,"play_id":"fa08af01-1afb-4f09-b9d5-37688a6fdf10","local_time":"20181113092026","is_ascension_mode":false,"campfire_choices":[{"floor":10.0,"key":"REST"},{"floor":15.0,"key":"REST"}],"neow_cost":"NONE","seed_source_timestamp":316867813422648,"circlet_count":0,"master_deck":["Strike_R","Strike_R","Strike_R","Strike_R","Strike_R","Defend_R","Defend_R","Defend_R+1","Defend_R","Bash+1","Infernal Blade","Dual Wield","Wild Strike","Headbutt","Rampage","Rupture","Wild Strike","Infernal Blade"],"special_seed":0,"relics":["Burning Blood","MawBank","Singing Bowl","Pen Nib","Tiny Chest"],"potions_floor_usage":[16],"damage_taken":[{"damage":1.0,"enemies":"Small Slimes","floor":1.0,"turns":4.0},{"damage":6.0,"enemies":"2 Louse","floor":5.0,"turns":2.0},{"damage":28.0,"enemies":"3 Sentries","floor":6.0,"turns":9.0},{"damage":1.0,"enemies":"Cultist","floor":7.0,"turns":3.0},{"damage":7.0,"enemies":"2 Fungi Beasts","floor":11.0,"turns":4.0},{"damage":15.0,"enemies":"Looter","floor":13.0,"turns":4.0},{"damage":35,"enemies":"The Guardian","floor":16,"turns":6}],"seed_played":"7704326193008622594","potions_obtained":[{"floor":5.0,"key":"Weak Potion"},{"floor":7.0,"key":"GamblersBrew"},{"floor":13.0,"key":"Energy Potion"}],"is_trial":false,"path_per_floor":["M","?","?","$","M","E","M","?","T","R","M","T","M","$","R","B"],"character_chosen":"IRONCLAD","items_purchased":["Wild Strike","Tiny Chest","Infernal Blade"],"campfire_rested":2,"item_purchase_floors":[4,14,14],"current_hp_per_floor":[80,80,64,64,64,42,47,47,47,71,70,70,63,63,82,47],"gold":298,"neow_bonus":"THREE_CARDS","is_prod":false,"is_daily":false,"chose_seed":false,"campfire_upgraded":0,"win_rate":0.0,"timestamp":1542090026,"path_taken":["M","?","?","$","M","E","M","?","T","R","M","?","M","$","R","BOSS"],"build_version":"2018-11-08","purchased_purges":1,"victory":false,"max_hp_per_floor":[80,80,80,80,80,80,80,80,80,80,80,80,82,82,82,82],"card_choices":[{"not_picked":["Iron Wave","True Grit"],"picked":"Infernal Blade","floor":0.0},{"not_picked":["Warcry","Twin Strike"],"picked":"Dual Wield","floor":1.0},{"not_picked":["Flex","Sword Boomerang"],"picked":"Headbutt","floor":5.0},{"not_picked":["Power Through","Rupture"],"picked":"Rampage","floor":6.0},{"not_picked":["Whirlwind","Intimidate"],"picked":"Rupture","floor":7.0},{"not_picked":["Anger","Shockwave"],"picked":"Wild Strike","floor":11.0},{"not_picked":["Headbutt","Heavy Blade","True Grit"],"picked":"Singing Bowl","floor":13.0}],"player_experience":134056,"relics_obtained":[{"floor":6.0,"key":"MawBank"},{"floor":9.0,"key":"Singing Bowl"},{"floor":12.0,"key":"Pen Nib"}],"event_choices":[{"damage_healed":0.0,"max_hp_gain":0.0,"max_hp_loss":0.0,"gold_gain":0.0,"event_name":"The Cleric","player_choice":"Leave","floor":2.0,"gold_loss":0.0,"damage_taken":0.0},{"damage_healed":0.0,"max_hp_gain":0.0,"max_hp_loss":0.0,"gold_gain":0.0,"event_name":"Shining Light","player_choice":"Entered Light","floor":3.0,"gold_loss":0.0,"damage_taken":16.0,"cards_upgraded":["Defend_R","Bash"]},{"damage_healed":0.0,"max_hp_gain":0.0,"max_hp_loss":0.0,"gold_gain":175.0,"event_name":"Liars Game","player_choice":"AGREE","floor":8.0,"gold_loss":0.0,"damage_taken":0.0,"cards_obtained":["Doubt"]}],"is_beta":false,"boss_relics":[],"items_purged_floors":[14],"is_endless":false,"potions_floor_spawned":[5,7,13],"killed_by":"The Guardian","ascension_level":0}