{"gold_per_floor":[11,26,101,119,133,133,163,163,163,193,55,55,66,80,80,180,180,192,552,273,288,301,328,428,428,428,428,456,473,473,484,484,589,589,604,363,363,381,381,381,395,427,499,533,533,547,224,256,256,256],"floor_reached":51,"playtime":2130,"items_purged":["Strike_B","Strike_B","Defend_B"],"score":1626,"play_id":"7d0ef6fe-f5ab-436b-842f-a384cb21cb49","local_time":"20190203143846","is_ascension_mode":true,"campfire_choices":[{"data":"Zap","floor":6.0,"key":"SMITH"},{"data":"Barrage","floor":8.0,"key":"SMITH"},{"data":"Biased Cognition","floor":12,"key":"SMITH"},{"data":"Defragment","floor":15,"key":"SMITH"},{"data":"Blizzard","floor":25,"key":"SMITH"},{"data":"Defend_B","floor":30,"key":"PURGE"},{"data":"Coolheaded","floor":32,"key":"SMITH"},{"data":"Decay","floor":40,"key":"PURGE"},{"data":"Strike_B","floor":45,"key":"PURGE"},{"data":"Strike_B","floor":49,"key":"PURGE"}],"neow_cost":"NO_GOLD","seed_source_timestamp":96417204341705,"circlet_count":0,"master_deck":["Defend_B","Zap+1","Coolheaded","Barrage+1","Go for the Eyes","Biased Cognition+1","Core Surge","Defragment+1","Blizzard+1","FTL","Coolheaded+1","Electrodynamics","Leap+1","Glacier","Leap+1","Hologram+1","Turbo+1","Redo+1","Discovery+1","Madness+1","Madness+1","Coolheaded+1","Self Repair+1","Chill+1","Coolheaded+1","White Noise+1"],"special_seed":0,"relics":["Cracked Core","FossilizedHelix","Gremlin Horn","Meat on the Bone","Sozu","ClockworkSouvenir","Bottled Tornado","Mango","Toxic Egg 2","Question Card","Peace Pipe","Nunchaku","Runic Pyramid","Bottled Flame","Gambling Chip","Lee\u0027s Waffle","StoneCalendar"],"potions_floor_usage":[21,50,50],"damage_taken":[{"damage":1.0,"enemies":"Cultist","floor":1.0,"turns":3.0},{"damage":8.0,"enemies":"Small Slimes","floor":2.0,"turns":4.0},{"damage":2.0,"enemies":"Jaw Worm","floor":4.0,"turns":4.0},{"damage":12.0,"enemies":"Large Slime","floor":5.0,"turns":5.0},{"damage":22.0,"enemies":"Gremlin Nob","floor":7.0,"turns":4.0},{"damage":2.0,"enemies":"Lagavulin","floor":10.0,"turns":6.0},{"damage":0,"enemies":"2 Fungi Beasts","floor":13,"turns":3},{"damage":0,"enemies":"Red Slaver","floor":14,"turns":3},{"damage":0,"enemies":"Slime Boss","floor":16,"turns":6},{"damage":0,"enemies":"Spheric Guardian","floor":18,"turns":3},{"damage":2,"enemies":"3 Byrds","floor":21,"turns":3},{"damage":0,"enemies":"Cultist and Chosen","floor":22,"turns":4},{"damage":21,"enemies":"Slavers","floor":23,"turns":4},{"damage":0,"enemies":"Colosseum Slavers","floor":24,"turns":4},{"damage":16,"enemies":"Colosseum Nobs","floor":24,"turns":4},{"damage":0,"enemies":"Book of Stabbing","floor":28,"turns":5},{"damage":0,"enemies":"Shelled Parasite and Fungi","floor":29,"turns":5},{"damage":0,"enemies":"Snecko","floor":31,"turns":3},{"damage":0,"enemies":"Collector","floor":33,"turns":8},{"damage":0,"enemies":"Orb Walker","floor":35,"turns":2},{"damage":8,"enemies":"3 Shapes","floor":38,"turns":4},{"damage":13,"enemies":"Sphere and 2 Shapes","floor":41,"turns":4},{"damage":0,"enemies":"Giant Head","floor":42,"turns":9},{"damage":0,"enemies":"Reptomancer","floor":44,"turns":5},{"damage":0,"enemies":"Jaw Worm Horde","floor":46,"turns":3},{"damage":0,"enemies":"Nemesis","floor":48,"turns":7},{"damage":0,"enemies":"Time Eater","floor":50,"turns":8}],"seed_played":"-464430367145210227","potions_obtained":[{"floor":2.0,"key":"EssenceOfSteel"},{"floor":4.0,"key":"Swift Potion"},{"floor":14,"key":"Block Potion"},{"floor":16,"key":"FocusPotion"}],"is_trial":false,"path_per_floor":["M","M","?","M","M","R","E","R","T","E","$","R","M","M","R","B",null,"M","?","$","M","M","E","?","R","T","T","E","M","R","M","R","B",null,"M","$","?","M","?","R","M","E","T","E","R","M","$","E","R","B",null],"character_chosen":"DEFECT","items_purchased":["Defragment","Blizzard","ClockworkSouvenir","Redo+1","Discovery+1","Lee\u0027s Waffle"],"campfire_rested":0,"item_purchase_floors":[11,11,20,36,36,47],"current_hp_per_floor":[67,59,52,50,38,38,16,16,16,14,14,14,26,38,38,38,66,66,31,31,41,41,32,54,54,54,54,54,54,54,54,54,54,80,80,80,69,61,61,61,48,48,48,58,58,68,96,96,96,96],"gold":256,"neow_bonus":"REMOVE_TWO","is_prod":false,"is_daily":false,"chose_seed":false,"campfire_upgraded":6,"win_rate":0,"timestamp":1549215526,"path_taken":["M","M","?","M","?","R","E","R","T","E","?","R","M","M","R","BOSS","M","?","$","M","?","E","?","R","T","?","E","M","R","M","R","BOSS","M","$","?","M","?","R","M","E","T","E","R","?","$","E","R","BOSS"],"build_version":"2018-11-15","purchased_purges":3,"victory":true,"max_hp_per_floor":[75,75,75,75,75,75,75,75,75,75,75,75,75,75,75,75,75,75,75,75,75,75,75,89,89,89,89,89,89,89,89,89,89,89,89,89,89,89,89,89,89,89,89,89,89,89,96,96,96,96],"card_choices":[{"not_picked":["Conserve Battery","Stack"],"picked":"Coolheaded","floor":1.0},{"not_picked":["Coolheaded","Beam Cell"],"picked":"Barrage","floor":2.0},{"not_picked":["Steam","Consume"],"picked":"Go for the Eyes","floor":4.0},{"not_picked":["Rebound","Hologram"],"picked":"Biased Cognition","floor":5.0},{"not_picked":["Conserve Battery","Reinforced Body","Coolheaded"],"picked":"SKIP","floor":7.0},{"not_picked":["Compile Driver","Barrage"],"picked":"Core Surge","floor":10.0},{"not_picked":["Hello World","Gash"],"picked":"FTL","floor":13},{"not_picked":["Redo","Skim"],"picked":"Coolheaded","floor":14},{"not_picked":["Rainbow","Hyperbeam"],"picked":"Electrodynamics","floor":16},{"not_picked":["Streamline+1","Self Repair"],"picked":"Leap+1","floor":18},{"not_picked":["Leap","Barrage","Gash"],"picked":"SKIP","floor":21},{"not_picked":["Leap","Conserve Battery"],"picked":"Glacier","floor":22},{"not_picked":["Gash+1","Storm"],"picked":"Leap+1","floor":23},{"not_picked":["Hyperbeam","Rebound+1"],"picked":"Hologram+1","floor":24},{"not_picked":["Gash","Compile Driver","Amplify+1","Hologram+1"],"picked":"SKIP","floor":28},{"not_picked":["Go for the Eyes","Compile Driver","Ball Lightning","Rip and Tear"],"picked":"SKIP","floor":29},{"not_picked":["Auto Shields+1","Skim+1","Steam+1","Static Discharge"],"picked":"SKIP","floor":31},{"not_picked":["Stack+1","Ball Lightning+1","Leap+1"],"picked":"Turbo+1","floor":35},{"not_picked":["Amplify+1","Redo+1","Sweeping Beam+1"],"picked":"Coolheaded+1","floor":38},{"not_picked":["Conserve Battery+1","Double Energy+1","Compile Driver+1","Streamline"],"picked":"SKIP","floor":41},{"not_picked":["Ball Lightning","Cold Snap+1","Sweeping Beam"],"picked":"Self Repair+1","floor":42},{"not_picked":["Hyperbeam","Auto Shields+1","Gash"],"picked":"Chill+1","floor":44},{"not_picked":["Ball Lightning","Turbo+1","Self Repair+1"],"picked":"Coolheaded+1","floor":46},{"not_picked":["Cold Snap","Beam Cell","Skim+1"],"picked":"White Noise+1","floor":48}],"player_experience":74732,"relics_obtained":[{"floor":7.0,"key":"FossilizedHelix"},{"floor":9.0,"key":"Gremlin Horn"},{"floor":10.0,"key":"Meat on the Bone"},{"floor":23,"key":"Bottled Tornado"},{"floor":24,"key":"Mango"},{"floor":24,"key":"Toxic Egg 2"},{"floor":26,"key":"Question Card"},{"floor":27,"key":"Peace Pipe"},{"floor":28,"key":"Nunchaku"},{"floor":43,"key":"Bottled Flame"},{"floor":44,"key":"Gambling Chip"},{"floor":48,"key":"StoneCalendar"}],"event_choices":[{"damage_healed":0.0,"max_hp_gain":0.0,"max_hp_loss":0.0,"gold_gain":75.0,"event_name":"FaceTrader","player_choice":"Touch","floor":3.0,"gold_loss":0.0,"damage_taken":7.0},{"damage_healed":0,"gold_gain":360,"player_choice":"GOLD GOLD GOLD GOLD ","damage_taken":35,"max_hp_gain":0,"max_hp_loss":0,"event_name":"Knowing Skull","floor":19,"potions_obtained":[],"gold_loss":0,"cards_obtained":[]},{"damage_healed":0,"gold_gain":0,"player_choice":"Fight","damage_taken":0,"max_hp_gain":0,"max_hp_loss":0,"event_name":"Colosseum","floor":24,"gold_loss":0},{"damage_healed":0,"gold_gain":0,"player_choice":"Fought Nobs","damage_taken":0,"max_hp_gain":0,"max_hp_loss":0,"event_name":"Colosseum","floor":24,"gold_loss":0},{"damage_healed":0,"gold_gain":0,"player_choice":"Embrace Madness","damage_taken":11,"max_hp_gain":0,"max_hp_loss":0,"event_name":"Winding Halls","floor":37,"gold_loss":0,"cards_obtained":["Madness","Madness"]},{"damage_healed":0,"gold_gain":0,"player_choice":"Cursed","damage_taken":0,"max_hp_gain":0,"max_hp_loss":0,"event_name":"Wheel of Change","floor":39,"gold_loss":0,"cards_obtained":["Decay"]}],"is_beta":false,"boss_relics":[{"not_picked":["Ectoplasm","Cursed Key"],"picked":"Sozu"},{"not_picked":["Eternal Feather","Black Star"],"picked":"Runic Pyramid"}],"items_purged_floors":[20,36,47],"is_endless":false,"potions_floor_spawned":[2,4,14,16,21,23,24,29,31,41,42,44,46],"ascension_level":9}