{"gold_per_floor":[217,217,229,229,154,154,167,167,167,228,228,246,97,97,97,216,216,241,116,141,62,62,396,396,396,396,410,429,447,447,461,461,584,584,584,607,620,470,470,470,490,490,490,490,506,524,545,525,525,525],"floor_reached":50,"playtime":1896,"items_purged":["Defend_R","Defend_R","Defend_R","Defend_R"],"score":514,"play_id":"abfe55e8-86d3-434a-988a-4b7c2df6f266","local_time":"20190211133104","is_ascension_mode":false,"campfire_choices":[{"data":"Shrug It Off","floor":6.0,"key":"SMITH"},{"data":"Bash","floor":11.0,"key":"SMITH"},{"floor":15.0,"key":"REST"},{"floor":25.0,"key":"REST"},{"floor":32.0,"key":"REST"},{"floor":40,"key":"REST"},{"floor":42,"key":"REST"},{"floor":49,"key":"REST"}],"neow_cost":"NONE","seed_source_timestamp":60872380741738,"circlet_count":0,"master_deck":["Strike_R","Strike_R","Strike_R","Strike_R","Bash+1","Shrug It Off+1","Clash+1","Dropkick"],"special_seed":0,"relics":["Black Blood","Golden Idol","Matryoshka","Bag of Marbles","Meat on the Bone","Tiny Chest","Lizard Tail","PreservedInsect","Calipers","Old Coin","Singing Bowl","MutagenicStrength","Kunai"],"potions_floor_usage":[35,45,50,50],"damage_taken":[{"damage":4.0,"enemies":"2 Louse","floor":1.0,"turns":4.0},{"damage":5.0,"enemies":"Jaw Worm","floor":3.0,"turns":5.0},{"damage":0.0,"enemies":"Small Slimes","floor":7.0,"turns":3.0},{"damage":28.0,"enemies":"Gremlin Nob","floor":10.0,"turns":5.0},{"damage":2.0,"enemies":"3 Louse","floor":12.0,"turns":4.0},{"damage":49.0,"enemies":"The Guardian","floor":16.0,"turns":11.0},{"damage":20.0,"enemies":"3 Byrds","floor":18.0,"turns":8.0},{"damage":15.0,"enemies":"2 Thieves","floor":20.0,"turns":4.0},{"damage":30.0,"enemies":"Book of Stabbing","floor":23.0,"turns":4.0},{"damage":19.0,"enemies":"3 Cultists","floor":27.0,"turns":5.0},{"damage":31.0,"enemies":"Snake Plant","floor":28.0,"turns":4.0},{"damage":11.0,"enemies":"Cultist and Chosen","floor":29.0,"turns":6.0},{"damage":20.0,"enemies":"Chosen and Byrds","floor":31.0,"turns":5.0},{"damage":97.0,"enemies":"Champ","floor":33.0,"turns":10.0},{"damage":0,"enemies":"3 Darklings","floor":35,"turns":1},{"damage":32,"enemies":"3 Shapes","floor":36,"turns":7},{"damage":42,"enemies":"Spire Growth","floor":37,"turns":4},{"damage":30,"enemies":"Maw","floor":41,"turns":8},{"damage":18,"enemies":"4 Shapes","floor":45,"turns":9},{"damage":30,"enemies":"Jaw Worm Horde","floor":46,"turns":5},{"damage":41,"enemies":"Sphere and 2 Shapes","floor":47,"turns":6},{"damage":91,"enemies":"Donu and Deca","floor":50,"turns":5}],"seed_played":"8729390059994288806","potions_obtained":[{"floor":1.0,"key":"Weak Potion"},{"floor":7.0,"key":"SmokeBomb"},{"floor":20.0,"key":"Energy Potion"},{"floor":24.0,"key":"Energy Potion"},{"floor":31.0,"key":"Strength Potion"},{"floor":41,"key":"Explosive Potion"},{"floor":45,"key":"LiquidBronze"},{"floor":47,"key":"Swift Potion"},{"floor":48,"key":"SpeedPotion"}],"is_trial":false,"path_per_floor":["M","?","M","?","$","R","M","?","T","E","R","M","$","?","R","B",null,"M","$","M","$","T","E","?","R","T","M","M","M","?","M","R","B",null,"M","M","M","$","?","R","M","R","T","?","M","M","M","?","R","B"],"character_chosen":"IRONCLAD","items_purchased":["Clash","Dropkick"],"campfire_rested":6,"item_purchase_floors":[13,21],"current_hp_per_floor":[80,80,80,74,74,74,74,71,71,49,49,53,53,53,74,43,74,60,60,51,51,51,39,39,61,61,50,39,48,48,48,72,61,84,84,64,46,46,46,72,66,90,90,90,84,66,49,49,77,0],"gold":525,"neow_bonus":"HUNDRED_GOLD","is_prod":false,"is_daily":false,"chose_seed":false,"campfire_upgraded":2,"win_rate":0,"timestamp":1549881064,"path_taken":["M","?","M","?","$","R","M","?","T","E","R","M","$","?","R","BOSS","M","$","M","$","?","E","?","R","T","M","?","M","?","M","R","BOSS","M","M","M","$","?","R","M","R","T","?","?","M","M","?","R","BOSS"],"build_version":"2019-01-23","purchased_purges":4,"victory":false,"max_hp_per_floor":[80,80,80,74,74,74,74,74,74,74,74,74,74,74,74,74,74,74,74,74,74,74,74,74,74,74,76,78,80,80,82,82,84,84,84,86,88,88,88,88,90,90,90,90,92,94,96,96,96,96],"card_choices":[{"not_picked":["Inflame","Uppercut","Clothesline"],"picked":"SKIP","floor":1.0},{"not_picked":["Havoc","Clash"],"picked":"Shrug It Off","floor":3.0},{"not_picked":["Clothesline","Rampage","Anger"],"picked":"SKIP","floor":7.0},{"not_picked":["Anger","Spot Weakness","True Grit"],"picked":"SKIP","floor":10.0},{"not_picked":["Twin Strike","Fire Breathing","True Grit"],"picked":"SKIP","floor":12.0},{"not_picked":["Warcry","Cleave","Shockwave"],"picked":"SKIP","floor":18.0},{"not_picked":["Evolve","Whirlwind","Cleave"],"picked":"SKIP","floor":20.0},{"not_picked":["Power Through","Wild Strike","True Grit"],"picked":"SKIP","floor":23.0},{"not_picked":["Iron Wave","Spot Weakness","True Grit"],"picked":"Singing Bowl","floor":27.0},{"not_picked":["Spot Weakness","Thunderclap","Rage"],"picked":"Singing Bowl","floor":28.0},{"not_picked":["Shockwave+1","Battle Trance+1","Clash+1"],"picked":"Singing Bowl","floor":29.0},{"not_picked":["Rage","Havoc+1","Headbutt"],"picked":"Singing Bowl","floor":31.0},{"not_picked":["Bludgeon","Feed","Berserk"],"picked":"Singing Bowl","floor":33.0},{"not_picked":["Iron Wave+1","Combust","Metallicize+1"],"picked":"Singing Bowl","floor":36},{"not_picked":["Body Slam","Iron Wave+1","Wild Strike"],"picked":"Singing Bowl","floor":37},{"not_picked":["Shrug It Off+1","Cleave","Warcry+1"],"picked":"Singing Bowl","floor":41},{"not_picked":["Bludgeon","Cleave+1","Whirlwind"],"picked":"Singing Bowl","floor":45},{"not_picked":["Iron Wave+1","Perfected Strike+1","Evolve"],"picked":"Singing Bowl","floor":46},{"not_picked":["Burning Pact","Armaments","Feel No Pain+1"],"picked":"Singing Bowl","floor":47}],"player_experience":307946,"relics_obtained":[{"floor":9.0,"key":"Bag of Marbles"},{"floor":9.0,"key":"Meat on the Bone"},{"floor":10.0,"key":"Tiny Chest"},{"floor":22.0,"key":"PreservedInsect"},{"floor":22.0,"key":"Calipers"},{"floor":23.0,"key":"Old Coin"},{"floor":26.0,"key":"Singing Bowl"},{"floor":43,"key":"Kunai"}],"event_choices":[{"damage_healed":0.0,"max_hp_gain":0.0,"max_hp_loss":0.0,"gold_gain":0.0,"event_name":"Liars Game","player_choice":"Ignored","floor":2.0,"gold_loss":0.0,"damage_taken":0.0},{"damage_healed":0.0,"max_hp_gain":0.0,"max_hp_loss":6.0,"gold_gain":0.0,"event_name":"Golden Idol","player_choice":"Lose Max HP","floor":4.0,"gold_loss":0.0,"damage_taken":0.0,"relics_obtained":["Golden Idol"]},{"damage_healed":0.0,"max_hp_gain":0.0,"max_hp_loss":0.0,"gold_gain":0.0,"event_name":"Scrap Ooze","player_choice":"Success","floor":8.0,"gold_loss":0.0,"damage_taken":3.0,"relics_obtained":["Matryoshka"]},{"damage_healed":0.0,"max_hp_gain":0.0,"max_hp_loss":0.0,"gold_gain":0.0,"event_name":"Upgrade Shrine","player_choice":"Upgraded","floor":14.0,"gold_loss":0.0,"damage_taken":0.0,"cards_upgraded":["Clash"]},{"damage_healed":0.0,"max_hp_gain":0.0,"max_hp_loss":0.0,"gold_gain":0.0,"event_name":"Lab","player_choice":"Got Potions","floor":24.0,"gold_loss":0.0,"damage_taken":0.0},{"damage_healed":0.0,"max_hp_gain":0.0,"max_hp_loss":0.0,"gold_gain":0.0,"event_name":"Drug Dealer","player_choice":"Inject Mutagens","floor":30.0,"gold_loss":0.0,"damage_taken":0.0,"relics_obtained":["MutagenicStrength"]},{"damage_healed":0,"gold_gain":0,"player_choice":"Ignored","damage_taken":0,"max_hp_gain":0,"max_hp_loss":0,"event_name":"Tomb of Lord Red Mask","floor":39,"gold_loss":0},{"cards_removed":["Strike_R"],"damage_healed":0,"gold_gain":0,"player_choice":"Purged","damage_taken":0,"max_hp_gain":0,"max_hp_loss":0,"event_name":"Purifier","floor":44,"gold_loss":0},{"damage_healed":0,"gold_gain":0,"player_choice":"Bought 1 Potion","damage_taken":0,"max_hp_gain":0,"max_hp_loss":0,"event_name":"The Woman in Blue","floor":48,"gold_loss":0}],"is_beta":false,"boss_relics":[{"not_picked":["Snecko Eye","Tiny House"],"picked":"Lizard Tail"},{"not_picked":["Eternal Feather","Pandora\u0027s Box"],"picked":"Black Blood"}],"items_purged_floors":[5,13,19,38],"is_endless":false,"potions_floor_spawned":[1,7,20,29,31,41,45,47],"killed_by":"Donu and Deca","ascension_level":0}