{"gold_per_floor":[20,20,37,89,89,89,122,122,171,201,220,238,248,283,283,379,379,393,318,318,334,105,105,119,135,203,203,216,242,242,306,306,408,408,425,325,339,38,54,54,88,88,113,131,6,41,41,69,69,69],"floor_reached":51,"playtime":3339,"items_purged":["Strike_R","Strike_R","Strike_R+1"],"score":1141,"play_id":"27baa9d0-2e33-4355-9f60-8c2931edf6cf","local_time":"20180721213050","is_ascension_mode":true,"campfire_choices":[{"data":"Barricade","floor":6,"key":"SMITH"},{"floor":8,"key":"REST"},{"floor":15,"key":"REST"},{"data":"Body Slam","floor":23,"key":"SMITH"},{"data":"Body Slam","floor":27,"key":"SMITH"},{"data":"Body Slam","floor":30,"key":"SMITH"},{"data":"Impervious","floor":32,"key":"SMITH"},{"data":"Armaments","floor":40,"key":"SMITH"},{"data":"Shrug It Off","floor":42,"key":"SMITH"},{"data":"Juggernaut","floor":47,"key":"SMITH"},{"data":"Shrug It Off","floor":49,"key":"SMITH"}],"neow_cost":"NO_GOLD","seed_source_timestamp":869114018297650,"circlet_count":0,"master_deck":["Defend_R","Defend_R","Defend_R","Defend_R","Bash+1","Barricade+1","Body Slam+1","Shrug It Off+1","Shrug It Off+1","Body Slam+1","Body Slam+1","Impervious+1","Shrug It Off+1","Rage+1","Metallicize+1","Armaments+1","Juggernaut+1"],"relics":["Burning Blood","Ancient Tea Set","Strawberry","Regal Pillow","Meat on the Bone","Centennial Puzzle","Eternal Feather","Anchor","Paper Frog","Blood Vial","Tiny Chest","Runic Cube","Thread and Needle","Kunai","Whetstone","Toxic Egg 2","Pantograph"],"potions_floor_usage":[10,13,13,29,33,33,33,50],"damage_taken":[{"damage":2,"enemies":"Jaw Worm","floor":1,"turns":3},{"damage":7,"enemies":"2 Louse","floor":3,"turns":2},{"damage":70,"enemies":"Gremlin Nob","floor":7,"turns":6},{"damage":23,"enemies":"3 Sentries","floor":10,"turns":13},{"damage":0,"enemies":"Cultist","floor":11,"turns":5},{"damage":3,"enemies":"Looter","floor":12,"turns":5},{"damage":2,"enemies":"Exordium Wildlife","floor":13,"turns":6},{"damage":0,"enemies":"Lagavulin","floor":14,"turns":6},{"damage":73,"enemies":"Hexaghost","floor":16,"turns":12},{"damage":4,"enemies":"Shell Parasite","floor":18,"turns":7},{"damage":8,"enemies":"3 Byrds","floor":21,"turns":7},{"damage":5,"enemies":"3 Cultists","floor":24,"turns":5},{"damage":0,"enemies":"Snake Plant","floor":25,"turns":4},{"damage":3,"enemies":"Centurion and Healer","floor":28,"turns":5},{"damage":11,"enemies":"Slavers","floor":29,"turns":5},{"damage":6,"enemies":"Book of Stabbing","floor":31,"turns":4},{"damage":46,"enemies":"Collector","floor":33,"turns":6},{"damage":2,"enemies":"3 Darklings","floor":35,"turns":3},{"damage":0,"enemies":"3 Shapes","floor":37,"turns":5},{"damage":21,"enemies":"Maw","floor":39,"turns":6},{"damage":4,"enemies":"2 Orb Walkers","floor":41,"turns":5},{"damage":0,"enemies":"Sphere and 2 Shapes","floor":44,"turns":5},{"damage":0,"enemies":"Giant Head","floor":46,"turns":6},{"damage":0,"enemies":"Nemesis","floor":48,"turns":7},{"damage":0,"enemies":"Time Eater","floor":50,"turns":6}],"seed_played":"676069471075708105","potions_obtained":[{"floor":1,"key":"GamblersBrew"},{"floor":10,"key":"SpeedPotion"},{"floor":11,"key":"Energy Potion"},{"floor":16,"key":"SteroidPotion"},{"floor":18,"key":"BloodPotion"},{"floor":24,"key":"Poison Potion"},{"floor":31,"key":"SpeedPotion"},{"floor":44,"key":"Regen Potion"},{"floor":46,"key":"SneckoOil"},{"floor":48,"key":"Poison Potion"}],"is_trial":false,"path_per_floor":["M","?","M","T","?","R","E","R","T","E","M","M","M","E","R","B",null,"M","?","?","M","$","R","M","M","T","R","M","E","R","E","R","B",null,"M","$","M","$","M","R","E","R","T","M","$","E","R","E","R","B"],"character_chosen":"IRONCLAD","items_purchased":["Anchor","Thread and Needle"],"campfire_rested":2,"item_purchase_floors":[22,38],"current_hp_per_floor":[80,80,79,79,72,72,15,41,41,24,42,57,61,67,87,32,73,75,75,58,56,56,65,66,72,72,81,84,79,88,90,92,61,84,90,90,92,92,77,86,90,92,92,92,92,92,92,92,92,92],"gold":69,"neow_bonus":"THREE_RARE_CARDS","is_prod":false,"is_daily":false,"chose_seed":false,"campfire_upgraded":9,"win_rate":0,"timestamp":1532226650,"path_taken":["M","?","M","?","?","R","E","R","T","E","?","M","M","E","R","BOSS","M","?","?","M","?","R","?","M","T","R","?","E","R","E","R","BOSS","M","$","M","$","M","R","E","R","T","M","$","E","R","E","R","BOSS"],"build_version":"2018-07-19v2","purchased_purges":3,"victory":true,"max_hp_per_floor":[80,80,80,80,80,80,87,87,87,87,87,87,87,87,87,87,87,87,87,92,92,92,92,92,92,92,92,92,92,92,92,92,92,92,92,92,92,92,92,92,92,92,92,92,92,92,92,92,92,92],"card_choices":[{"not_picked":["Double Tap","Impervious"],"picked":"Barricade","floor":0},{"not_picked":["Rampage","Clothesline"],"picked":"Body Slam","floor":1},{"not_picked":["Flex","Warcry","Perfected Strike"],"picked":"SKIP","floor":3},{"not_picked":["Entrench","Carnage"],"picked":"Shrug It Off","floor":7},{"not_picked":["Wild Strike","Sentinel"],"picked":"Shrug It Off","floor":10},{"not_picked":["Reckless Charge","Sword Boomerang","Heavy Blade"],"picked":"SKIP","floor":11},{"not_picked":["Searing Blow","Whirlwind"],"picked":"Body Slam","floor":12},{"not_picked":["Rupture","Sentinel"],"picked":"Body Slam","floor":13},{"not_picked":["Thunderclap","True Grit","Havoc"],"picked":"SKIP","floor":14},{"not_picked":["Demon Form","Reaper"],"picked":"Impervious","floor":16},{"not_picked":["Havoc","Seeing Red"],"picked":"Shrug It Off+1","floor":18},{"not_picked":["Wild Strike","Pommel Strike","Second Wind+1"],"picked":"SKIP","floor":21},{"not_picked":["Heavy Blade","Pommel Strike","Headbutt+1"],"picked":"SKIP","floor":24},{"not_picked":["Headbutt","Twin Strike","Body Slam"],"picked":"SKIP","floor":25},{"not_picked":["Rampage","Infernal Blade"],"picked":"Rage+1","floor":28},{"not_picked":["Whirlwind","Reaper","Seeing Red+1"],"picked":"SKIP","floor":29},{"not_picked":["Combust","Disarm+1","Bloodletting"],"picked":"SKIP","floor":31},{"not_picked":["Iron Wave+1","Clash+1"],"picked":"Metallicize+1","floor":35},{"not_picked":["Perfected Strike+1","Pommel Strike"],"picked":"Armaments","floor":37},{"not_picked":["Clothesline","Clash+1","Warcry+1"],"picked":"SKIP","floor":39},{"not_picked":["Heavy Blade+1","Anger","Second Wind+1"],"picked":"SKIP","floor":41},{"not_picked":["Twin Strike+1","Warcry+1","Seeing Red+1"],"picked":"SKIP","floor":44},{"not_picked":["Warcry+1","Disarm+1"],"picked":"Juggernaut","floor":46},{"not_picked":["Heavy Blade","Cleave+1","Flex+1"],"picked":"SKIP","floor":48}],"player_experience":303039,"relics_obtained":[{"floor":4,"key":"Ancient Tea Set"},{"floor":7,"key":"Strawberry"},{"floor":9,"key":"Regal Pillow"},{"floor":10,"key":"Meat on the Bone"},{"floor":14,"key":"Centennial Puzzle"},{"floor":26,"key":"Paper Frog"},{"floor":29,"key":"Blood Vial"},{"floor":31,"key":"Tiny Chest"},{"floor":41,"key":"Kunai"},{"floor":43,"key":"Whetstone"},{"floor":46,"key":"Toxic Egg 2"},{"floor":48,"key":"Pantograph"}],"event_choices":[{"event_name":"The Cleric","player_choice":"Leave","floor":2,"damage_taken":0},{"event_name":"Golden Wing","player_choice":"Card Removal","floor":5,"damage_taken":0},{"event_name":"Beggar","player_choice":"Gave Gold","floor":19,"damage_taken":0},{"event_name":"Forgotten Altar","player_choice":"Shed Blood","floor":20,"damage_taken":0}],"is_beta":false,"boss_relics":[{"not_picked":["Fusion Hammer","Mark of Pain"],"picked":"Eternal Feather"},{"not_picked":["White Beast Statue","Runic Pyramid"],"picked":"Runic Cube"}],"items_purged_floors":[22,36,45],"is_endless":false,"potions_floor_spawned":[1,10,11,16,18,24,31,44,46,48],"ascension_level":5}