{"path_per_floor":["M","?","?","M","?","R","T","M","T","M","M","?","M","M","R","B",null,"M","?","M","$","M","R","?","R","T","E","$","R","M","$","R","B",null,"M","?","?","M","M","R"],"character_chosen":"DEFECT","items_purchased":["Biased Cognition","Frozen Egg 2","Self Repair"],"gold_per_floor":[11,11,11,21,21,21,36,49,49,67,83,83,98,109,109,212,212,232,232,247,14,28,28,28,28,101,426,2,2,19,19,19,118,118,131,131,131,144,160,160,160],"floor_reached":41,"campfire_rested":2,"playtime":3221,"item_purchase_floors":[21,28,28],"current_hp_per_floor":[67,67,49,43,43,43,43,42,42,32,31,31,23,22,44,41,75,65,65,57,57,57,57,57,57,57,36,36,58,64,64,64,42,75,65,65,65,74,56,56,0],"items_purged":["Strike_B","Strike_B"],"gold":160,"score":405,"play_id":"e0ae0213-f15d-414b-bba8-afd6205b1e9d","local_time":"20180604000054","is_prod":false,"is_daily":false,"chose_seed":false,"is_ascension_mode":false,"campfire_upgraded":5,"win_rate":0,"timestamp":1528088454,"campfire_choices":[{"data":"Tempest","floor":6.0,"key":"SMITH"},{"floor":15,"key":"REST"},{"data":"Double Energy","floor":23,"key":"SMITH"},{"data":"Biased Cognition","floor":25,"key":"SMITH"},{"floor":29,"key":"REST"},{"data":"Amplify","floor":32,"key":"SMITH"},{"data":"Coolheaded","floor":40,"key":"SMITH"}],"path_taken":["M","?","?","?","?","R","?","M","T","M","?","?","M","?","R","BOSS","M","?","?","$","M","R","?","R","T","E","$","R","M","?","R","BOSS","M","?","?","M","M","R","M"],"build_version":"2018-05-31","seed_source_timestamp":0,"purchased_purges":2,"victory":false,"master_deck":["Defend_B","Defend_B","Defend_B","Defend_B","Zap","Dualcast","White Noise","Tempest+1","Zap","Cold Snap","Coolheaded+1","Amplify+1","BootSequence","Double Energy+1","Electrodynamics","Biased Cognition+1","Double Energy+1","Self Repair+1","Fission","Coolheaded+1"],"max_hp_per_floor":[75,75,75,75,75,75,75,75,75,75,75,75,75,75,75,75,75,75,75,75,75,75,75,75,75,75,75,75,75,75,75,75,75,75,75,75,75,75,75,75,75],"relics":["Cracked Core","Torii","Potion Belt","Lantern","Dead Branch","Darkstone Periapt","Runic Pyramid","Blue Candle","Old Coin","Frozen Egg 2","Nuclear Battery"],"card_choices":[{"not_picked":["Cold Snap","Redo"],"picked":"White Noise","floor":1.0},{"not_picked":["Gash","Compile Driver"],"picked":"Cold Snap","floor":4.0},{"not_picked":["Stack","Sunder"],"picked":"Coolheaded","floor":8},{"not_picked":["Steam","White Noise"],"picked":"Amplify","floor":10},{"not_picked":["Gash","Turbo"],"picked":"BootSequence","floor":11},{"not_picked":["BootSequence","Steam Power"],"picked":"Double Energy","floor":13},{"not_picked":["Compile Driver","Hologram","Stack"],"picked":"SKIP","floor":14},{"not_picked":["Echo Form","Fission"],"picked":"Electrodynamics","floor":16},{"not_picked":["Go for the Eyes","Gash","Beam Cell"],"picked":"SKIP","floor":18},{"not_picked":["Hologram","Coolheaded+1","Gash"],"picked":"SKIP","floor":20},{"not_picked":["Ball Lightning","Stack"],"picked":"Double Energy+1","floor":22},{"not_picked":["Stack+1","Compile Driver","Capacitor+1"],"picked":"SKIP","floor":27},{"not_picked":["Turbo","Rebound","BootSequence"],"picked":"SKIP","floor":30},{"not_picked":["Buffer+1","Meteor Strike"],"picked":"Fission","floor":33},{"not_picked":["Streamline","Cold Snap","Barrage"],"picked":"SKIP","floor":35},{"not_picked":["Stack+1","Barrage","Streamline"],"picked":"SKIP","floor":38},{"not_picked":["Self Repair+1","Cold Snap+1"],"picked":"Coolheaded+1","floor":39}],"player_experience":93737,"potions_floor_usage":[16,16,16],"damage_taken":[{"damage":8.0,"enemies":"2 Louse","floor":1.0,"turns":3.0},{"damage":6.0,"enemies":"Cultist","floor":4.0,"turns":3.0},{"damage":0.0,"enemies":"Small Slimes","floor":7.0,"turns":2.0},{"damage":1,"enemies":"Small Slimes","floor":8,"turns":2},{"damage":10,"enemies":"Exordium Wildlife","floor":10,"turns":4},{"damage":1,"enemies":"3 Louse","floor":11,"turns":4},{"damage":8,"enemies":"Gremlin Gang","floor":13,"turns":3},{"damage":1,"enemies":"Exordium Wildlife","floor":14,"turns":3},{"damage":3,"enemies":"Hexaghost","floor":16,"turns":9},{"damage":10,"enemies":"2 Thieves","floor":18,"turns":2},{"damage":8,"enemies":"Shell Parasite","floor":20,"turns":6},{"damage":0,"enemies":"Centurion and Healer","floor":22,"turns":4},{"damage":21,"enemies":"Slavers","floor":27,"turns":3},{"damage":1,"enemies":"Cultist and Chosen","floor":30,"turns":4},{"damage":22,"enemies":"Collector","floor":33,"turns":4},{"damage":10,"enemies":"3 Darklings","floor":35,"turns":2},{"damage":1,"enemies":"Orb Walker","floor":38,"turns":2},{"damage":18,"enemies":"Sphere and 2 Shapes","floor":39,"turns":3},{"damage":61,"enemies":"Maw","floor":41,"turns":9}],"relics_obtained":[{"floor":7,"key":"Lantern"},{"floor":9,"key":"Dead Branch"},{"floor":26,"key":"Blue Candle"},{"floor":27,"key":"Old Coin"}],"event_choices":[{"event_name":"Match and Keep!","player_choice":"2 cards matched","floor":2.0,"damage_taken":0.0},{"event_name":"Scrap Ooze","player_choice":"success","floor":3.0,"damage_taken":18.0},{"event_name":"Bonfire Elementals","player_choice":"BASIC","floor":5.0,"damage_taken":0.0},{"event_name":"Accursed Blacksmith","player_choice":"Rummage","floor":12,"damage_taken":0},{"event_name":"Ghosts","player_choice":"Ignored","floor":19,"damage_taken":0},{"event_name":"Addict","player_choice":"Ignored","floor":24,"damage_taken":0},{"event_name":"SensoryStone","player_choice":"Memory 1","floor":37,"damage_taken":0}],"boss_relics":[{"not_picked":["Black Star","Philosopher\u0027s Stone"],"picked":"Runic Pyramid"},{"not_picked":["Astrolabe","Snecko Eye"],"picked":"Nuclear Battery"}],"items_purged_floors":[21,28],"potions_floor_spawned":[4,11,14,18,27,33,35,38],"seed_played":"-4957520208336648168","killed_by":"Maw","ascension_level":0,"potions_obtained":[{"floor":4.0,"key":"Dexterity Potion"},{"floor":11,"key":"LiquidBronze"},{"floor":14,"key":"EssenceOfSteel"},{"floor":18,"key":"SneckoOil"},{"floor":27,"key":"PowerPotion"},{"floor":33,"key":"FearPotion"},{"floor":35,"key":"AttackPotion"},{"floor":38,"key":"Poison Potion"}],"is_trial":false}