{"gold_per_floor":[116,116,19,19,19,63,84,84,133,147,185,185,229,250,250,369,369,385,399,3,22,45,88,88,127,176,176,194,293,312,312,312,312],"floor_reached":33,"playtime":1784,"items_purged":[],"score":320,"play_id":"3972a331-c1fe-44a6-a03e-8afae73123de","local_time":"20190203110832","is_ascension_mode":true,"campfire_choices":[{"floor":8.0,"key":"REST"},{"floor":12.0,"key":"RECALL"},{"data":"Infinite Blades","floor":15,"key":"SMITH"},{"floor":24,"key":"REST"},{"floor":27,"key":"REST"},{"data":"Noxious Fumes","floor":32,"key":"SMITH"}],"neow_cost":"NONE","seed_source_timestamp":6094389524077,"circlet_count":0,"master_deck":["Defend_G","Defend_G","Defend_G","Defend_G","Defend_G","Strike_G+1","Strike_G","Strike_G","Strike_G+1","Strike_G","Survivor","Neutralize","Noxious Fumes+1","Poisoned Stab","Bane","Cloak And Dagger","Infinite Blades+1","Catalyst","Caltrops","Accuracy","Corpse Explosion","Catalyst","Quick Slash+1","Well Laid Plans","Adrenaline","Dagger Throw","Cloak And Dagger+1","Accuracy","Acrobatics","Flying Knee+1"],"special_seed":0,"relics":["Ring of the Snake","Whetstone","Golden Idol","Anchor","Orichalcum","Pantograph","Black Star","Mummified Hand","Snake Skull","Bottled Flame","Potion Belt","Bottled Tornado","PreservedInsect"],"potions_floor_usage":[19,21,22,25,33],"damage_taken":[{"damage":1.0,"enemies":"2 Louse","floor":1.0,"turns":3.0},{"damage":24.0,"enemies":"Lagavulin","floor":6.0,"turns":8.0},{"damage":0.0,"enemies":"Small Slimes","floor":7.0,"turns":2.0},{"damage":1.0,"enemies":"Jaw Worm","floor":10.0,"turns":3.0},{"damage":4.0,"enemies":"3 Sentries","floor":11.0,"turns":7.0},{"damage":19.0,"enemies":"Lagavulin","floor":13.0,"turns":6.0},{"damage":0.0,"enemies":"Blue Slaver","floor":14.0,"turns":3.0},{"damage":23,"enemies":"Hexaghost","floor":16,"turns":9},{"damage":19,"enemies":"Spheric Guardian","floor":18,"turns":5},{"damage":1,"enemies":"Chosen","floor":19,"turns":5},{"damage":15,"enemies":"Snake Plant","floor":21,"turns":5},{"damage":12,"enemies":"Centurion and Healer","floor":22,"turns":3},{"damage":13,"enemies":"Gremlin Leader","floor":23,"turns":6},{"damage":19,"enemies":"Slavers","floor":25,"turns":4},{"damage":6,"enemies":"Snecko","floor":28,"turns":4},{"damage":0,"enemies":"Sentry and Sphere","floor":30,"turns":3},{"damage":61,"enemies":"Automaton","floor":33,"turns":6}],"seed_played":"9052411505227377513","potions_obtained":[{"floor":1.0,"key":"Explosive Potion"},{"floor":10.0,"key":"Regen Potion"},{"floor":11.0,"key":"FearPotion"},{"floor":13.0,"key":"SpeedPotion"},{"floor":18,"key":"AttackPotion"},{"floor":21,"key":"Fire Potion"},{"floor":23,"key":"SteroidPotion"},{"floor":25,"key":"Explosive Potion"},{"floor":28,"key":"Block Potion"}],"is_trial":false,"path_per_floor":["M","?","$","?","?","E","M","R","T","M","E","R","E","M","R","B",null,"M","M","$","M","M","E","R","E","T","R","M","?","M","?","R","B"],"character_chosen":"THE_SILENT","items_purchased":["Noxious Fumes","Poisoned Stab","Mummified Hand","Well Laid Plans","Adrenaline"],"campfire_rested":3,"item_purchase_floors":[3,3,20,20,20],"current_hp_per_floor":[69,74,74,56,56,32,32,54,54,53,64,64,45,45,45,47,75,56,55,55,40,28,15,37,18,18,40,34,34,34,34,34,0],"gold":312,"neow_bonus":"RANDOM_COMMON_RELIC","is_prod":false,"is_daily":false,"chose_seed":false,"campfire_upgraded":2,"win_rate":0,"timestamp":1549213712,"path_taken":["M","?","$","?","?","E","M","R","T","M","E","R","E","M","R","BOSS","M","M","$","M","M","E","R","E","T","R","M","?","M","?","R","BOSS"],"build_version":"2019-01-23","purchased_purges":0,"victory":false,"max_hp_per_floor":[70,75,75,75,75,75,75,75,75,75,75,75,75,75,75,75,75,75,75,75,75,75,75,75,75,75,75,75,75,75,75,75,75],"card_choices":[{"not_picked":["Eviscerate","Endless Agony","Catalyst"],"picked":"SKIP","floor":1.0},{"not_picked":["Backflip","Acrobatics"],"picked":"Bane","floor":6.0},{"not_picked":["Poisoned Stab","Deadly Poison"],"picked":"Cloak And Dagger","floor":7.0},{"not_picked":["Acrobatics","Choke"],"picked":"Infinite Blades","floor":10.0},{"not_picked":["Cloak And Dagger","Dagger Spray"],"picked":"Catalyst","floor":11.0},{"not_picked":["Eviscerate","Dodge and Roll"],"picked":"Caltrops","floor":13.0},{"not_picked":["Bane","Eviscerate"],"picked":"Accuracy","floor":14.0},{"not_picked":["Unload","Die Die Die"],"picked":"Corpse Explosion","floor":16},{"not_picked":["Deflect+1","Deadly Poison+1"],"picked":"Catalyst","floor":18},{"not_picked":["Flying Knee","Bane"],"picked":"Quick Slash+1","floor":19},{"not_picked":["Choke","Underhanded Strike"],"picked":"Dagger Throw","floor":21},{"not_picked":["Blur","Outmaneuver"],"picked":"Cloak And Dagger+1","floor":22},{"not_picked":["Phantasmal Killer","Catalyst","Backflip"],"picked":"SKIP","floor":23},{"not_picked":["Deflect","Predator"],"picked":"Accuracy","floor":25},{"not_picked":["Poisoned Stab","Sucker Punch"],"picked":"Acrobatics","floor":28},{"not_picked":["Terror","Blur"],"picked":"Flying Knee+1","floor":30}],"player_experience":377662,"relics_obtained":[{"floor":6.0,"key":"Anchor"},{"floor":11.0,"key":"Orichalcum"},{"floor":13.0,"key":"Pantograph"},{"floor":23,"key":"Snake Skull"},{"floor":23,"key":"Bottled Flame"},{"floor":25,"key":"Potion Belt"},{"floor":25,"key":"Bottled Tornado"},{"floor":26,"key":"PreservedInsect"}],"event_choices":[{"damage_healed":0.0,"max_hp_gain":5.0,"max_hp_loss":0.0,"gold_gain":0.0,"event_name":"Big Fish","player_choice":"Donut","floor":2.0,"gold_loss":0.0,"damage_taken":0.0},{"damage_healed":0.0,"max_hp_gain":0.0,"max_hp_loss":0.0,"gold_gain":0.0,"event_name":"Golden Idol","player_choice":"Take Damage","floor":4.0,"gold_loss":0.0,"damage_taken":18.0,"relics_obtained":["Golden Idol"]},{"damage_healed":0.0,"max_hp_gain":0.0,"max_hp_loss":0.0,"gold_gain":0.0,"event_name":"The Cleric","player_choice":"Leave","floor":5.0,"gold_loss":0.0,"damage_taken":0.0},{"damage_healed":0,"gold_gain":99,"player_choice":"Stole From Cult","damage_taken":0,"max_hp_gain":0,"max_hp_loss":0,"event_name":"Nest","floor":29,"gold_loss":0},{"damage_healed":0,"gold_gain":0,"player_choice":"Ignored","damage_taken":0,"max_hp_gain":0,"max_hp_loss":0,"event_name":"Cursed Tome","floor":31,"gold_loss":0}],"is_beta":false,"boss_relics":[{"not_picked":["Orrery","Runic Dome"],"picked":"Black Star"}],"items_purged_floors":[],"is_endless":false,"potions_floor_spawned":[1,6,10,11,13,18,21,23,25,28],"killed_by":"Automaton","ascension_level":1}