{"gold_per_floor":[109,109,109,123,173,200,200,175,200,8,341,360,389,458,458,560,560,580,630,680,645,713,713,725,725,748,798,824,579,6,22,22,123,123,140,190,240,258,71,71,50,78,147,197,210,260,310,186,186,186],"floor_reached":51,"playtime":3140,"items_purged":["Regret","Doubt"],"score":857,"play_id":"a696706e-65c7-49f0-b942-10474b40c37f","local_time":"20180716225241","is_ascension_mode":false,"campfire_choices":[{"data":"Defragment","floor":7.0,"key":"SMITH"},{"data":"Apotheosis","floor":15.0,"key":"SMITH"},{"data":"Doom and Gloom","floor":23,"key":"SMITH"},{"data":"Streamline","floor":25,"key":"SMITH"},{"data":"Machine Learning","floor":32,"key":"SMITH"},{"data":"Zap","floor":40,"key":"SMITH"},{"data":"Storm","floor":49,"key":"SMITH"}],"neow_cost":"NONE","seed_source_timestamp":790982064034042,"circlet_count":0,"master_deck":["Strike_B","Strike_B","Strike_B","Defend_B","Defend_B","Defend_B","Defend_B","Zap+1","Dualcast+1","Turbo","Sunder","Defragment+1","Apotheosis+1","Rebound","White Noise","Aggregate+1","White Noise+1","Fission+1","Coolheaded+1","Doom and Gloom+1","Streamline+1","Machine Learning+1","Rainbow+1","Consume+1","Madness+1","Madness+1","Loop+1","Darkness+1","Hello World","Undo+1","Tempest+1","Storm+1"],"special_seed":17728,"relics":["Cracked Core","NeowsBlessing","Mummified Hand","SsserpentHead","Anchor","Centennial Puzzle","Bag of Preparation","Toxic Egg 2","Black Star","Nloth\u0027s Gift","Oddly Smooth Stone","Bag of Marbles","Ancient Tea Set","Boot","Juzu Bracelet","Lantern","Incense Burner","Pantograph","Lizard Tail","Happy Flower","Meat on the Bone","Dodecahedron","Darkstone Periapt","Mango"],"potions_floor_usage":[33,33,33,50],"damage_taken":[{"damage":0.0,"enemies":"Jaw Worm","floor":1.0,"turns":1.0},{"damage":0.0,"enemies":"2 Louse","floor":4.0,"turns":1.0},{"damage":0.0,"enemies":"Lagavulin","floor":6.0,"turns":1.0},{"damage":1.0,"enemies":"Gremlin Nob","floor":11.0,"turns":4.0},{"damage":0.0,"enemies":"Cultist","floor":12.0,"turns":2.0},{"damage":10.0,"enemies":"Lagavulin","floor":13.0,"turns":5.0},{"damage":0.0,"enemies":"Blue Slaver","floor":14.0,"turns":1.0},{"damage":38.0,"enemies":"Hexaghost","floor":16.0,"turns":5.0},{"damage":9.0,"enemies":"Shell Parasite","floor":18.0,"turns":5.0},{"damage":6,"enemies":"3 Byrds","floor":22,"turns":3},{"damage":0,"enemies":"Centurion and Healer","floor":24,"turns":5},{"damage":11,"enemies":"Slavers","floor":28,"turns":3},{"damage":11,"enemies":"Snake Plant","floor":31,"turns":3},{"damage":0,"enemies":"Collector","floor":33,"turns":5},{"damage":1,"enemies":"Orb Walker","floor":35,"turns":2},{"damage":0,"enemies":"Flame Bruiser 1 Orb","floor":38,"turns":3},{"damage":24,"enemies":"2 Orb Walkers","floor":42,"turns":4},{"damage":51,"enemies":"Maw","floor":45,"turns":6},{"damage":79,"enemies":"Awakened One","floor":50,"turns":10}],"seed_played":"-2205032152784244808","potions_obtained":[{"floor":4.0,"key":"Block Potion"},{"floor":11.0,"key":"FearPotion"},{"floor":12.0,"key":"Energy Potion"},{"floor":13.0,"key":"FocusPotion"},{"floor":24,"key":"FocusPotion"},{"floor":31,"key":"Swift Potion"},{"floor":33,"key":"GamblersBrew"},{"floor":42,"key":"Fire Potion"},{"floor":45,"key":"EssenceOfSteel"}],"is_trial":false,"path_per_floor":["M","?","?","M","?","E","R","$","T","$","E","M","E","M","R","B",null,"M","?","?","?","M","R","M","R","T","?","E","$","$","M","R","B",null,"M","?","?","M","$","R","$","E","T","T","M","?","?","$","R","B"],"character_chosen":"DEFECT","items_purchased":["Apotheosis","Juzu Bracelet","Lantern","Incense Burner","Pantograph","Happy Flower","Darkness+1","Hello World","Storm"],"campfire_rested":0,"item_purchase_floors":[10,29,29,30,30,39,39,41,48],"current_hp_per_floor":[75,72,72,72,72,72,72,72,72,72,71,71,61,61,61,23,75,73,73,73,73,67,67,67,67,67,67,56,56,56,45,45,70,75,74,74,65,65,65,65,65,41,41,55,16,95,95,95,95,35],"gold":186,"neow_bonus":"THREE_ENEMY_KILL","is_prod":false,"is_daily":false,"chose_seed":false,"campfire_upgraded":7,"win_rate":0,"timestamp":1531770761,"path_taken":["M","?","?","M","?","E","R","?","T","$","E","M","E","?","R","BOSS","M","?","?","?","?","R","M","R","T","?","E","?","$","M","R","BOSS","M","?","?","M","$","R","?","E","T","?","M","?","?","?","R","BOSS"],"build_version":"2018-07-12","purchased_purges":2,"victory":true,"max_hp_per_floor":[75,75,75,75,75,75,75,75,75,75,75,75,75,75,75,75,75,75,75,75,75,75,75,75,75,75,75,75,75,75,75,75,75,75,75,75,75,75,75,75,75,75,75,89,89,95,95,95,95,95],"card_choices":[{"not_picked":["Steam","BootSequence"],"picked":"Turbo","floor":1.0},{"not_picked":["Coolheaded","Self Repair"],"picked":"Sunder","floor":4.0},{"not_picked":["Heatsinks","Reinforced Body"],"picked":"Defragment","floor":6.0},{"not_picked":["Rip and Tear","Reprogram"],"picked":"Rebound","floor":11.0},{"not_picked":["Compile Driver","Hologram"],"picked":"White Noise","floor":12.0},{"not_picked":["Doom and Gloom","Rip and Tear"],"picked":"Aggregate","floor":13.0},{"not_picked":["Steam+1","Conserve Battery+1"],"picked":"White Noise+1","floor":14.0},{"not_picked":["Rainbow+1","Thunder Strike"],"picked":"Fission+1","floor":16.0},{"not_picked":["Hello World","FTL"],"picked":"Coolheaded+1","floor":18.0},{"not_picked":["Beam Cell","Barrage"],"picked":"Doom and Gloom","floor":22},{"not_picked":["Aggregate+1","Steam+1"],"picked":"Streamline","floor":24},{"not_picked":["Aggregate+1","Thunder Strike"],"picked":"Machine Learning","floor":28},{"not_picked":["Heatsinks","Compile Driver+1","Streamline"],"picked":"SKIP","floor":31},{"not_picked":["Electrodynamics","Biased Cognition"],"picked":"Rainbow+1","floor":33},{"not_picked":["Ball Lightning","Redo+1"],"picked":"Consume+1","floor":35},{"not_picked":["Hello World+1","Double Energy+1"],"picked":"Loop+1","floor":38},{"not_picked":["Sunder","Rip and Tear"],"picked":"Undo+1","floor":42},{"not_picked":["Conserve Battery+1","Hologram+1"],"picked":"Tempest+1","floor":45}],"player_experience":97978,"relics_obtained":[{"floor":6.0,"key":"Centennial Puzzle"},{"floor":9.0,"key":"Bag of Preparation"},{"floor":11.0,"key":"Old Coin"},{"floor":13.0,"key":"Toxic Egg 2"},{"floor":26,"key":"Bag of Marbles"},{"floor":28,"key":"Ancient Tea Set"},{"floor":28,"key":"Boot"},{"floor":42,"key":"Meat on the Bone"},{"floor":42,"key":"Dodecahedron"},{"floor":43,"key":"Darkstone Periapt"},{"floor":44,"key":"Mango"}],"event_choices":[{"event_name":"Scrap Ooze","player_choice":"success","floor":2.0,"damage_taken":3.0},{"event_name":"FaceTrader","player_choice":"Trade","floor":3.0,"damage_taken":0.0},{"event_name":"Big Fish","player_choice":"Box","floor":5.0,"damage_taken":0.0},{"event_name":"Upgrade Shrine","player_choice":"Upgraded","floor":19.0,"damage_taken":0.0},{"event_name":"N\u0027loth","player_choice":"Traded a Old Coin","floor":20.0,"damage_taken":0.0},{"event_name":"Addict","player_choice":"Obtained Relic","floor":21.0,"damage_taken":0.0},{"event_name":"Drug Dealer","player_choice":"Ignored","floor":27,"damage_taken":0},{"event_name":"Mysterious Sphere","player_choice":"Ignore","floor":36,"damage_taken":0},{"event_name":"Winding Halls","player_choice":"Embrace Madness","floor":37,"damage_taken":0},{"event_name":"MindBloom","player_choice":"Heal","floor":46,"damage_taken":0},{"event_name":"Falling","player_choice":"Removed Attack","floor":47,"damage_taken":0}],"boss_relics":[{"not_picked":["Tiny House","Snecko Eye"],"picked":"Black Star"},{"not_picked":["Sozu","Velvet Choker"],"picked":"Lizard Tail"}],"items_purged_floors":[8,48],"is_endless":false,"potions_floor_spawned":[4,11,12,13,24,31,33,42,45],"ascension_level":0}