{"gold_per_floor":[114,214,239,254,254,254,254,292,367,4,42,42,80,99,99,224,224,243,262,281,143,162,162,162,162,237,336,355,355,355,393,393,518,518,537,537,537,537,112,112,150,150,150,150,169,169,19,19,19,19],"floor_reached":51,"playtime":3671,"items_purged":["Normality","Pain","Writhe","Doubt"],"score":1030,"play_id":"36186ef3-6253-42b6-a9f7-3cd81d799c8c","local_time":"20180720154213","daily_mods":["Diverse","Cursed Run","Night Terrors"],"is_ascension_mode":false,"campfire_choices":[{"data":"Dualcast","floor":6,"key":"SMITH"},{"data":"Infinite Blades","floor":12,"key":"SMITH"},{"floor":15,"key":"REST"},{"data":"Loop","floor":23,"key":"SMITH"},{"data":"Streamline","floor":25,"key":"SMITH"},{"floor":32,"key":"REST"},{"data":"Redo","floor":40,"key":"SMITH"},{"data":"Choke","floor":42,"key":"SMITH"},{"data":"Barricade","floor":44,"key":"SMITH"},{"floor":49,"key":"REST"}],"neow_cost":"","seed_source_timestamp":0,"circlet_count":0,"master_deck":["Zap","Dualcast+1","Self Repair","Clumsy","Shockwave","Rainbow","Loop+1","Infinite Blades+1","Crippling Poison","Reboot","Ball Lightning","Pommel Strike","Coolheaded","Auto Shields","Deflect","PiercingWail","Cleave","Underhanded Strike","Scrape+1","Heel Hook+1","Dropkick","Streamline","Streamline+1","Clumsy","Seeing Red+1","Injury","Barricade+1","Skim+1","Self Repair+1","Choke+1","Redo+1","Melter+1","Die Die Die","Loop+1","Heavy Blade+1","Injury"],"special_seed":17732,"relics":["Cursed Key","Darkstone Periapt","Du-Vu Doll","Anchor","Golden Idol","Gremlin Horn","DataDisk","Mummified Hand","War Paint","Emotion Chip","Orichalcum","Pandora\u0027s Box","Matryoshka","Enchiridion","Dodecahedron","Empty Cage","Bird Faced Urn","Pear","Dream Catcher","Pen Nib","Mercury Hourglass"],"potions_floor_usage":[41,50,50,50],"damage_taken":[{"damage":2,"enemies":"Small Slimes","floor":1,"turns":3},{"damage":0,"enemies":"Cultist","floor":4,"turns":3},{"damage":40,"enemies":"Gremlin Nob","floor":8,"turns":5},{"damage":12,"enemies":"3 Sentries","floor":11,"turns":6},{"damage":12,"enemies":"Lagavulin","floor":13,"turns":5},{"damage":0,"enemies":"Jaw Worm","floor":14,"turns":2},{"damage":40,"enemies":"The Guardian","floor":16,"turns":8},{"damage":10,"enemies":"Spheric Guardian","floor":18,"turns":3},{"damage":6,"enemies":"2 Thieves","floor":19,"turns":4},{"damage":12,"enemies":"3 Cultists","floor":20,"turns":4},{"damage":7,"enemies":"Snake Plant","floor":22,"turns":4},{"damage":1,"enemies":"Slaver and Parasite","floor":28,"turns":4},{"damage":8,"enemies":"Book of Stabbing","floor":31,"turns":4},{"damage":2,"enemies":"Champ","floor":33,"turns":7},{"damage":15,"enemies":"3 Darklings","floor":35,"turns":3},{"damage":39,"floor":36,"turns":7},{"damage":33,"enemies":"Nemesis","floor":41,"turns":5},{"damage":12,"enemies":"3 Shapes","floor":45,"turns":3},{"damage":82,"enemies":"Awakened One","floor":50,"turns":9}],"seed_played":"-1497029972376068251","potions_obtained":[{"floor":1,"key":"Block Potion"},{"floor":16,"key":"Fire Potion"},{"floor":18,"key":"EssenceOfSteel"},{"floor":28,"key":"Fire Potion"},{"floor":41,"key":"Poison Potion"}],"is_trial":false,"path_per_floor":["M","?","T","M","?","R","T","E","T","$","E","R","E","M","R","B",null,"M","M","M","$","M","R","?","R","T","?","M","?","?","E","R","B",null,"M","?","?","?","$","R","E","R","T","R","M","?","$","$","R","B"],"character_chosen":"DEFECT","items_purchased":["Rainbow","Loop","War Paint","Dropkick","Pear","Redo"],"campfire_rested":3,"item_purchase_floors":[10,10,10,21,39,39],"current_hp_per_floor":[73,73,79,81,87,87,93,60,66,66,61,61,56,56,94,67,100,97,98,93,93,93,93,93,93,99,99,98,98,82,81,101,107,107,99,67,100,100,110,110,95,95,101,101,107,107,107,107,124,75],"gold":19,"neow_bonus":"","is_prod":false,"is_daily":true,"chose_seed":false,"campfire_upgraded":7,"win_rate":0,"timestamp":1532090533,"path_taken":["M","?","?","?","?","R","?","E","T","$","E","R","E","M","R","BOSS","M","M","?","$","M","R","?","R","T","?","?","?","?","E","R","BOSS","M","?","?","?","?","R","E","R","T","R","?","?","?","$","R","BOSS"],"build_version":"2018-07-19v2","purchased_purges":4,"victory":true,"max_hp_per_floor":[75,75,81,81,87,87,93,93,99,99,99,99,99,99,94,100,100,100,100,100,100,100,100,100,100,106,106,106,106,106,106,101,107,107,107,107,113,113,123,123,123,123,129,129,129,129,129,129,124,130],"card_choices":[{"not_picked":["Spot Weakness","Pommel Strike"],"picked":"Self Repair","floor":1},{"not_picked":["Prepared","Clash","Deadly Poison"],"picked":"SKIP","floor":4},{"not_picked":["Thunderclap","Bludgeon"],"picked":"Shockwave","floor":8},{"not_picked":["Second Wind","Burning Pact"],"picked":"Infinite Blades","floor":11},{"not_picked":["Clothesline","Second Wind"],"picked":"Crippling Poison","floor":13},{"not_picked":["Steam","Seeing Red","True Grit"],"picked":"SKIP","floor":14},{"not_picked":["Exhume","Corpse Explosion"],"picked":"Reboot","floor":16},{"not_picked":["Recycle+1","Reprogram"],"picked":"Scrape+1","floor":18},{"not_picked":["Infinite Blades","Eviscerate+1"],"picked":"Heel Hook+1","floor":19},{"not_picked":["Slice","Dagger Spray"],"picked":"Stack","floor":20},{"not_picked":["Dropkick+1","Undo"],"picked":"Streamline","floor":22},{"not_picked":["Iron Wave","Power Through"],"picked":"Seeing Red+1","floor":28},{"not_picked":["Cold Snap","Poisoned Stab","Leap+1"],"picked":"SKIP","floor":31},{"not_picked":["Meteor Strike","After Image"],"picked":"Barricade","floor":33},{"not_picked":["PiercingWail","Shrug It Off+1"],"picked":"Skim+1","floor":35},{"not_picked":["Sweeping Beam+1","Burning Pact"],"picked":"Self Repair+1","floor":36},{"not_picked":["Dagger Spray","Heatsinks"],"picked":"Melter+1","floor":41},{"not_picked":["Shrug It Off+1","Blood for Blood+1"],"picked":"Die Die Die","floor":45},{"not_picked":["Quick Slash","Dropkick"],"picked":"Heavy Blade+1","floor":49}],"player_experience":138254,"relics_obtained":[{"floor":3,"key":"Anchor"},{"floor":7,"key":"Gremlin Horn"},{"floor":8,"key":"DataDisk"},{"floor":9,"key":"Mummified Hand"},{"floor":11,"key":"Emotion Chip"},{"floor":13,"key":"Orichalcum"},{"floor":26,"key":"Matryoshka"},{"floor":30,"key":"Enchiridion"},{"floor":31,"key":"Dodecahedron"},{"floor":36,"key":"Bird Faced Urn"},{"floor":41,"key":"Dream Catcher"},{"floor":43,"key":"Pen Nib"},{"floor":43,"key":"Mercury Hourglass"}],"event_choices":[{"event_name":"Wheel of Change","player_choice":"Gold","floor":2,"damage_taken":0},{"event_name":"Golden Idol","player_choice":"Take Wound","floor":5,"damage_taken":0},{"event_name":"The Library","player_choice":"Read","floor":24,"damage_taken":0},{"event_name":"Nest","player_choice":"Stole From Cult","floor":27,"damage_taken":0},{"event_name":"Drug Dealer","player_choice":"Ignored","floor":29,"damage_taken":0},{"event_name":"Cursed Tome","player_choice":"Obtained Book","floor":30,"damage_taken":0},{"event_name":"MindBloom","player_choice":"Fight","floor":36,"damage_taken":0},{"event_name":"Winding Halls","player_choice":"Writhe","floor":37,"damage_taken":0},{"event_name":"Transmorgrifier","player_choice":"Transform","floor":38,"damage_taken":0},{"event_name":"Duplicator","player_choice":"One dupe","floor":46,"damage_taken":0}],"is_beta":false,"boss_relics":[{"not_picked":["Orrery","Coffee Dripper"],"picked":"Pandora\u0027s Box"},{"not_picked":["Velvet Choker","Sozu"],"picked":"Empty Cage"}],"items_purged_floors":[10,21,39,47],"is_endless":false,"potions_floor_spawned":[1,16,18,20,22,28,33,41],"ascension_level":0}