{"gold_per_floor":[116,116,130,148,164,195,195,213,240,240,240,252,263,282,282,378,378,362,462,462,475,7,7,42,42,42,42,62,62,73,85,85,188,188,204,53,70,70,81,113,113,130,130,130,149,164,164,181,181,181,181,181,130,160,160],"floor_reached":55,"playtime":3931,"items_purged":["Decay"],"score":725,"play_id":"ce46b6bc-0ff6-4db1-b7f5-898e72adb7f3","local_time":"20190216235951","is_ascension_mode":false,"campfire_choices":[{"data":"Flame Barrier","floor":7,"key":"SMITH"},{"floor":10,"key":"REST"},{"data":"Body Slam","floor":15,"key":"SMITH"},{"floor":23,"key":"REST"},{"data":"Strike_R","floor":25,"key":"PURGE"},{"floor":32,"key":"REST"},{"floor":47,"key":"RECALL"},{"data":"Writhe","floor":49,"key":"PURGE"},{"data":"Strike_R","floor":52,"key":"PURGE"}],"neow_cost":"NONE","seed_source_timestamp":42285683378340,"circlet_count":0,"master_deck":["Strike_R+1","Strike_R+1","Defend_R+1","Defend_R","Defend_R","Defend_R","Bash","Flame Barrier+1","Heavy Blade","Clothesline","Warcry","Dropkick","Feed","Impatience","Body Slam+1","Disarm","Reaper","Searing Blow+1","Shrug It Off+1","Limit Break+1","Deep Breath","Iron Wave","Headbutt+1","Limit Break","Shrug It Off+1","Ghostly Armor","Headbutt+1","Iron Wave+1","Inflame+1","Thunderclap","Pommel Strike+1","Seeing Red+1","Body Slam+1"],"relics":["Black Blood","Bag of Marbles","PreservedInsect","Fusion Hammer","Peace Pipe","Mercury Hourglass","Whetstone","Vajra","Pantograph","War Paint","Bronze Scales","Lantern"],"potions_floor_usage":[6,16,16,16,24,50,55,55,55],"damage_taken":[{"damage":2,"enemies":"Small Slimes","floor":1,"turns":4},{"damage":4,"enemies":"Cultist","floor":3,"turns":4},{"damage":3,"enemies":"2 Louse","floor":4,"turns":3},{"damage":3,"enemies":"Red Slaver","floor":5,"turns":6},{"damage":24,"enemies":"Gremlin Nob","floor":6,"turns":5},{"damage":19,"enemies":"Exordium Wildlife","floor":8,"turns":8},{"damage":5,"enemies":"3 Louse","floor":12,"turns":3},{"damage":8,"enemies":"2 Fungi Beasts","floor":13,"turns":4},{"damage":24,"enemies":"Lots of Slimes","floor":14,"turns":5},{"damage":75,"enemies":"Slime Boss","floor":16,"turns":18},{"damage":20,"enemies":"2 Thieves","floor":18,"turns":4},{"damage":28,"enemies":"Colosseum Slavers","floor":19,"turns":5},{"damage":37,"enemies":"Colosseum Nobs","floor":19,"turns":4},{"damage":14,"enemies":"Shell Parasite","floor":21,"turns":6},{"damage":16,"enemies":"Slavers","floor":24,"turns":4},{"damage":28,"enemies":"Shelled Parasite and Fungi","floor":28,"turns":7},{"damage":25,"enemies":"Centurion and Healer","floor":30,"turns":6},{"damage":18,"enemies":"3 Cultists","floor":31,"turns":6},{"damage":69,"enemies":"Collector","floor":33,"turns":11},{"damage":23,"enemies":"Orb Walker","floor":35,"turns":4},{"damage":14,"enemies":"3 Shapes","floor":37,"turns":5},{"damage":73,"enemies":"Sphere and 2 Shapes","floor":39,"turns":8},{"damage":46,"enemies":"Giant Head","floor":40,"turns":8},{"damage":70,"enemies":"Spire Growth","floor":42,"turns":6},{"damage":11,"enemies":"Jaw Worm Horde","floor":45,"turns":4},{"damage":16,"enemies":"Transient","floor":46,"turns":5},{"damage":13,"enemies":"3 Darklings","floor":48,"turns":6},{"damage":53,"enemies":"Awakened One","floor":50,"turns":10},{"damage":48,"enemies":"Shield and Spear","floor":54,"turns":5},{"damage":111,"enemies":"The Heart","floor":55,"turns":6}],"seed_played":"6535191312458540484","potions_obtained":[{"floor":1,"key":"Swift Potion"},{"floor":5,"key":"Poison Potion"},{"floor":8,"key":"SteroidPotion"},{"floor":12,"key":"Strength Potion"},{"floor":13,"key":"EssenceOfSteel"},{"floor":16,"key":"FearPotion"},{"floor":18,"key":"BloodPotion"},{"floor":24,"key":"Fruit Juice"},{"floor":31,"key":"Dexterity Potion"},{"floor":33,"key":"Strength Potion"}],"is_trial":false,"path_per_floor":["M","?","M","M","M","E","R","M","T","R","?","M","M","M","R","B",null,"M","?","?","M","$","R","E","R","T","$","M","?","M","M","R","B",null,"M","$","M","$","M","E","?","M","T","?","M","M","R","M","R","B",null,"R","$","E","B"],"character_chosen":"IRONCLAD","items_purchased":["Limit Break","Whetstone","Deep Breath","War Paint","Energy Potion"],"campfire_rested":3,"item_purchase_floors":[22,22,22,36,53],"current_hp_per_floor":[80,90,90,90,90,72,72,59,59,86,86,90,91,76,76,10,102,88,57,57,49,49,80,78,78,78,78,61,61,52,45,78,60,113,108,108,107,107,44,12,101,48,48,73,99,93,93,101,101,78,101,101,101,63,0],"gold":160,"neow_bonus":"TRANSFORM_CARD","is_prod":false,"is_daily":false,"chose_seed":false,"campfire_upgraded":2,"win_rate":0,"timestamp":1550379591,"path_taken":["M","?","M","?","M","E","R","M","T","R","?","M","?","M","R","BOSS","M","?","?","M","$","R","E","R","T","$","M","?","M","M","R","BOSS","M","$","M","?","M","E","?","M","T","?","M","M","R","M","R","BOSS","R","$","E","BOSS"],"build_version":"2019-01-23","purchased_purges":1,"victory":false,"max_hp_per_floor":[80,90,90,90,90,90,90,90,90,90,90,93,96,99,99,102,102,102,105,105,105,105,105,113,113,113,113,113,113,113,113,113,113,113,113,113,116,116,116,116,101,101,101,101,101,101,101,101,101,101,101,101,101,101,101],"card_choices":[{"not_picked":["Sword Boomerang","True Grit"],"picked":"Flame Barrier","floor":1},{"not_picked":["Clash","Rampage"],"picked":"Heavy Blade","floor":3},{"not_picked":["Reckless Charge","Corruption","Flex"],"picked":"SKIP","floor":4},{"not_picked":["Evolve","Cleave"],"picked":"Clothesline","floor":5},{"not_picked":["Sword Boomerang","Flex"],"picked":"Warcry","floor":6},{"not_picked":["Shrug It Off","True Grit"],"picked":"Dropkick","floor":8},{"not_picked":["Twin Strike","Rampage"],"picked":"Body Slam","floor":12},{"not_picked":["Rage","Evolve","Sword Boomerang"],"picked":"SKIP","floor":13},{"not_picked":["Searing Blow","Clash"],"picked":"Disarm","floor":14},{"not_picked":["Brutality","Feed"],"picked":"Reaper","floor":16},{"not_picked":["Anger","Twin Strike"],"picked":"Searing Blow+1","floor":18},{"not_picked":["Iron Wave","Anger"],"picked":"Shrug It Off","floor":21},{"not_picked":["Carnage","Flex"],"picked":"Iron Wave","floor":24},{"not_picked":["Fire Breathing","Warcry","Iron Wave"],"picked":"SKIP","floor":28},{"not_picked":["Perfected Strike","Dropkick"],"picked":"Headbutt+1","floor":30},{"not_picked":["Sword Boomerang","Headbutt","Warcry"],"picked":"SKIP","floor":31},{"not_picked":["Barricade","Juggernaut"],"picked":"Limit Break","floor":33},{"not_picked":["True Grit","Wild Strike"],"picked":"Shrug It Off+1","floor":35},{"not_picked":["Clash+1","Carnage"],"picked":"Ghostly Armor","floor":37},{"not_picked":["Heavy Blade+1","Entrench"],"picked":"Headbutt+1","floor":39},{"not_picked":["Shrug It Off","Hemokinesis"],"picked":"Iron Wave+1","floor":40},{"not_picked":["Sever Soul+1","Hemokinesis"],"picked":"Inflame+1","floor":42},{"not_picked":["Whirlwind","Fiend Fire"],"picked":"Thunderclap","floor":45},{"not_picked":["Sword Boomerang","Pummel"],"picked":"Pommel Strike+1","floor":46},{"not_picked":["Clash+1","Wild Strike+1"],"picked":"Seeing Red+1","floor":48},{"not_picked":["Fiend Fire","Feel No Pain+1"],"picked":"Body Slam+1","floor":54}],"player_experience":83482,"relics_obtained":[{"floor":6,"key":"Bag of Marbles"},{"floor":9,"key":"PreservedInsect"},{"floor":19,"key":"Peace Pipe"},{"floor":19,"key":"Mercury Hourglass"},{"floor":24,"key":"Vajra"},{"floor":26,"key":"Pantograph"},{"floor":40,"key":"Bronze Scales"},{"floor":54,"key":"Lantern"}],"event_choices":[{"cards_removed":["Berserk"],"damage_healed":0,"gold_gain":0,"player_choice":"Offered Rare","damage_taken":0,"max_hp_gain":10,"max_hp_loss":0,"event_name":"Bonfire Elementals","floor":2,"gold_loss":0},{"damage_healed":0,"gold_gain":0,"player_choice":"2 cards matched","damage_taken":0,"max_hp_gain":0,"max_hp_loss":0,"event_name":"Match and Keep!","floor":11,"gold_loss":0,"cards_obtained":["Feed","Impatience"]},{"damage_healed":0,"gold_gain":0,"player_choice":"Fight","damage_taken":0,"max_hp_gain":0,"max_hp_loss":0,"event_name":"Colosseum","floor":19,"gold_loss":0},{"damage_healed":0,"gold_gain":0,"player_choice":"Fought Nobs","damage_taken":0,"max_hp_gain":0,"max_hp_loss":0,"event_name":"Colosseum","floor":19,"gold_loss":0},{"damage_healed":0,"gold_gain":0,"player_choice":"Smashed Altar","damage_taken":0,"max_hp_gain":0,"max_hp_loss":0,"event_name":"Forgotten Altar","floor":20,"gold_loss":0,"cards_obtained":["Decay"]},{"damage_healed":0,"gold_gain":0,"player_choice":"Forge","damage_taken":0,"max_hp_gain":0,"max_hp_loss":0,"event_name":"Accursed Blacksmith","floor":29,"gold_loss":0,"cards_upgraded":["Limit Break"]},{"damage_healed":101,"gold_gain":0,"player_choice":"Heal","damage_taken":0,"max_hp_gain":0,"max_hp_loss":15,"event_name":"The Moai Head","floor":41,"gold_loss":0},{"damage_healed":25,"gold_gain":0,"player_choice":"Writhe","damage_taken":0,"max_hp_gain":0,"max_hp_loss":0,"event_name":"Winding Halls","floor":44,"gold_loss":0,"cards_obtained":["Writhe"]}],"is_beta":false,"boss_relics":[{"not_picked":["Orrery","Busted Crown"],"picked":"Fusion Hammer"},{"not_picked":["Black Star","White Beast Statue"],"picked":"Black Blood"}],"items_purged_floors":[22],"is_endless":false,"potions_floor_spawned":[1,5,8,12,13,16,18,24,31,33,39,40,42,46],"killed_by":"The Heart","ascension_level":0}