{"gold_per_floor":[119,119,119,133,152,152,152,183,183,196,213,244,244,260,260,365,365,377,300,300,78,97,126,145,177,177,32,32,63,75,87,99,211,223,248,260,272,15,15,15,46,46,127,127,145,25,35,35,35,35],"floor_reached":51,"playtime":3854,"items_purged":[],"score":1103,"play_id":"84696a94-cdf7-4340-a0ed-5692c03f7374","local_time":"20180720215049","is_ascension_mode":true,"campfire_choices":[{"floor":6.0,"key":"REST"},{"data":"Pummel","floor":15.0,"key":"SMITH"},{"floor":30.0,"key":"REST"},{"data":"Armaments","floor":32.0,"key":"SMITH"},{"floor":40.0,"key":"REST"},{"data":"Demon Form","floor":42,"key":"SMITH"},{"data":"Offering","floor":44,"key":"SMITH"},{"data":"Seeing Red","floor":49,"key":"SMITH"}],"neow_cost":"TEN_PERCENT_HP_LOSS","seed_source_timestamp":73274487662140,"circlet_count":0,"master_deck":["Strike_R","Strike_R","Strike_R","Strike_R","Strike_R","Defend_R","Defend_R","Defend_R","Bash","Headbutt","Pummel+1","Spot Weakness","Iron Wave","Offering+1","Shockwave","Disarm+1","Twin Strike","Clothesline","Reckless Charge","Good Instincts+1","Whirlwind","Reaper","Metallicize","Rampage","Flex+1","Whirlwind+1","Armaments+1","Uppercut","Seeing Red+1","Infernal Blade","Demon Form+1","Heavy Blade+1","Flex+1","Battle Trance+1","Rage+1","Flame Barrier+1","Exhume+1"],"special_seed":0,"relics":["Burning Blood","Champion Belt","Gremlin Horn","Orichalcum","Boot","Meat on the Bone","Velvet Choker","Lantern","The Courier","Potion Belt","Blood Vial","Bag of Marbles","MawBank","Black Star","Bird Faced Urn","Toxic Egg 2","War Paint","Pen Nib","Paper Frog"],"potions_floor_usage":[48,50,50],"damage_taken":[{"damage":11.0,"enemies":"Small Slimes","floor":1.0,"turns":5.0},{"damage":0.0,"enemies":"2 Louse","floor":4.0,"turns":2.0},{"damage":9.0,"enemies":"Jaw Worm","floor":5.0,"turns":2.0},{"damage":12.0,"enemies":"Gremlin Nob","floor":8.0,"turns":4.0},{"damage":0.0,"enemies":"Looter","floor":10.0,"turns":2.0},{"damage":0.0,"enemies":"Large Slime","floor":11.0,"turns":3.0},{"damage":6.0,"enemies":"3 Sentries","floor":12.0,"turns":5.0},{"damage":5.0,"enemies":"Exordium Thugs","floor":14.0,"turns":2.0},{"damage":28.0,"enemies":"Slime Boss","floor":16.0,"turns":9.0},{"damage":2.0,"enemies":"Chosen","floor":18.0,"turns":4.0},{"damage":22.0,"enemies":"Spheric Guardian","floor":22.0,"turns":4.0},{"damage":10.0,"enemies":"Book of Stabbing","floor":23.0,"turns":5.0},{"damage":7.0,"enemies":"Centurion and Healer","floor":24.0,"turns":4.0},{"damage":21.0,"enemies":"Gremlin Leader","floor":25.0,"turns":5.0},{"damage":35.0,"enemies":"Book of Stabbing","floor":29.0,"turns":4.0},{"damage":80.0,"enemies":"Champ","floor":33.0,"turns":13.0},{"damage":41.0,"enemies":"3 Shapes","floor":35.0,"turns":19.0},{"damage":24.0,"floor":36.0,"turns":12.0},{"damage":5,"enemies":"2 Orb Walkers","floor":41,"turns":1},{"damage":0,"enemies":"Orb Walker","floor":45,"turns":1},{"damage":0,"enemies":"3 Darklings","floor":47,"turns":1},{"damage":0,"enemies":"Spire Growth","floor":48,"turns":2},{"damage":48,"enemies":"Time Eater","floor":50,"turns":8}],"seed_played":"4803583938794627346","potions_obtained":[{"floor":4.0,"key":"EntropicBrew"},{"floor":5.0,"key":"SkillPotion"},{"floor":8.0,"key":"SkillPotion"},{"floor":11.0,"key":"Poison Potion"},{"floor":14.0,"key":"Energy Potion"},{"floor":18.0,"key":"BloodPotion"},{"floor":20.0,"key":"SmokeBomb"},{"floor":20.0,"key":"Weak Potion"},{"floor":22.0,"key":"LiquidBronze"},{"floor":29.0,"key":"BloodPotion"},{"floor":41,"key":"Block Potion"},{"floor":45,"key":"BloodPotion"}],"is_trial":false,"path_per_floor":["M","?","?","M","M","R","?","E","T","M","M","E","?","M","R","B",null,"M","?","?","$","M","E","M","E","T","$","?","E","R","$","R","B",null,"M","?","?","$","$","R","E","R","T","R","M","$","M","M","R","B"],"character_chosen":"IRONCLAD","items_purchased":["Lantern","Rampage","Uppercut","Seeing Red","Ancient Potion","Toxic Egg 2","Battle Trance+1","Rage+1","Flame Barrier+1"],"campfire_rested":3,"item_purchase_floors":[21,21,27,27,27,38,38,46,46],"current_hp_per_floor":[67,49,49,55,52,72,72,66,66,72,72,72,72,72,72,50,72,72,72,72,72,56,52,72,57,57,57,57,42,63,63,63,20,72,54,50,50,50,50,71,72,72,72,72,72,72,72,72,72,53],"gold":35,"neow_bonus":"ONE_RARE_RELIC","is_prod":false,"is_daily":false,"chose_seed":false,"campfire_upgraded":5,"win_rate":0,"timestamp":1532112649,"path_taken":["M","?","?","?","M","R","?","E","T","?","M","E","?","M","R","BOSS","M","?","?","$","?","E","M","E","T","$","?","E","R","?","R","BOSS","M","?","?","?","$","R","E","R","T","R","M","$","?","M","R","BOSS"],"build_version":"2018-07-19v2","purchased_purges":0,"victory":true,"max_hp_per_floor":[72,72,72,72,72,72,72,72,72,72,72,72,72,72,72,72,72,72,72,72,72,72,72,72,72,72,72,72,72,72,72,72,72,72,72,72,72,72,72,72,72,72,72,72,72,72,72,72,72,72],"card_choices":[{"not_picked":["True Grit","Sever Soul"],"picked":"Headbutt","floor":1.0},{"not_picked":["Headbutt","Anger"],"picked":"Pummel","floor":4.0},{"not_picked":["Reckless Charge","Body Slam"],"picked":"Spot Weakness","floor":5.0},{"not_picked":["Cleave","Clothesline"],"picked":"Offering","floor":8.0},{"not_picked":["Headbutt","Body Slam"],"picked":"Shockwave","floor":10.0},{"not_picked":["Body Slam","Rupture"],"picked":"Disarm","floor":11.0},{"not_picked":["True Grit","Searing Blow"],"picked":"Twin Strike","floor":12.0},{"not_picked":["Dropkick","Perfected Strike"],"picked":"Whirlwind","floor":14.0},{"not_picked":["Fiend Fire","Dark Embrace"],"picked":"Reaper","floor":16.0},{"not_picked":["Dropkick","Warcry+1"],"picked":"Metallicize","floor":18.0},{"not_picked":["Iron Wave","Cleave","Body Slam"],"picked":"SKIP","floor":22.0},{"not_picked":["Intimidate+1","Pommel Strike"],"picked":"Flex+1","floor":23.0},{"not_picked":["Reckless Charge","Body Slam"],"picked":"Whirlwind+1","floor":24.0},{"not_picked":["Power Through","Warcry+1"],"picked":"Armaments","floor":25.0},{"not_picked":["Armaments","Warcry"],"picked":"Infernal Blade","floor":29.0},{"not_picked":["Double Tap","Bludgeon"],"picked":"Demon Form","floor":33.0},{"not_picked":["Carnage+1","Clothesline+1"],"picked":"Heavy Blade+1","floor":35.0},{"not_picked":["Warcry+1","Corruption"],"picked":"Flex+1","floor":36.0},{"not_picked":["Havoc+1","Sword Boomerang+1","Pommel Strike+1"],"picked":"SKIP","floor":41},{"not_picked":["Thunderclap+1","Heavy Blade","Warcry+1"],"picked":"SKIP","floor":45},{"not_picked":["Exhume+1","Anger","True Grit+1"],"picked":"SKIP","floor":47},{"not_picked":["Anger","True Grit+1"],"picked":"Exhume+1","floor":47}],"player_experience":144748,"relics_obtained":[{"floor":8.0,"key":"Orichalcum"},{"floor":9.0,"key":"Boot"},{"floor":12.0,"key":"Meat on the Bone"},{"floor":23.0,"key":"The Courier"},{"floor":25.0,"key":"Potion Belt"},{"floor":26.0,"key":"Blood Vial"},{"floor":29.0,"key":"MawBank"},{"floor":36.0,"key":"Bird Faced Urn"},{"floor":41,"key":"War Paint"},{"floor":41,"key":"Pen Nib"},{"floor":43,"key":"Paper Frog"}],"event_choices":[{"event_name":"Scrap Ooze","player_choice":"success","floor":2.0,"damage_taken":18.0},{"event_name":"Golden Wing","player_choice":"Ignored","floor":3.0,"damage_taken":0.0},{"event_name":"Transmorgrifier","player_choice":"Transform","floor":7.0,"damage_taken":0.0},{"event_name":"Match and Keep!","player_choice":"3 cards matched","floor":13.0,"damage_taken":0.0},{"event_name":"Match and Keep!","player_choice":"3 cards matched","floor":13.0,"damage_taken":0.0},{"event_name":"Drug Dealer","player_choice":"Got JAXXED","floor":19.0,"damage_taken":0.0},{"event_name":"The Lab","player_choice":"Got Potions","floor":20.0,"damage_taken":0.0},{"event_name":"Addict","player_choice":"Gave JAX","floor":28.0,"damage_taken":0.0},{"event_name":"MindBloom","player_choice":"Fight","floor":36.0,"damage_taken":0.0},{"event_name":"Tomb of Lord Red Mask","player_choice":"Ignored","floor":37.0,"damage_taken":0.0}],"is_beta":false,"boss_relics":[{"not_picked":["Orrery","Black Blood"],"picked":"Velvet Choker"},{"not_picked":["Tiny House","Pandora\u0027s Box"],"picked":"Black Star"}],"items_purged_floors":[],"is_endless":false,"potions_floor_spawned":[4,5,8,11,14,18,22,29,41,45],"ascension_level":3}