{"gold_per_floor":[219,238,44,8,8,52,66,82,105,121,161,161,196,217,217,217],"floor_reached":16,"playtime":2930,"items_purged":[],"score":195,"play_id":"f32d9c0f-e39a-4b4d-81af-f4e5b9cfe8a7","local_time":"20190217010020","is_ascension_mode":true,"campfire_choices":[{"floor":12.0,"key":"REST"},{"floor":15.0,"key":"REST"}],"neow_cost":"NONE","seed_source_timestamp":130054106205274,"circlet_count":0,"master_deck":["AscendersBane","Defend_G","Defend_G","Defend_G","Defend_G","Defend_G","Strike_G","Strike_G","Strike_G","Strike_G","Strike_G","Survivor","Neutralize","Dagger Spray","Apotheosis","Footwork","After Image","Caltrops","Crippling Poison","Dash"],"special_seed":0,"relics":["Ring of the Snake","Golden Idol","Blood Vial","Snake Skull","Pen Nib","Matryoshka"],"potions_floor_usage":[16],"damage_taken":[{"damage":1.0,"enemies":"Cultist","floor":1.0,"turns":4.0},{"damage":3.0,"enemies":"Jaw Worm","floor":2.0,"turns":5.0},{"damage":13.0,"enemies":"Lagavulin","floor":6.0,"turns":10.0},{"damage":1.0,"enemies":"Small Slimes","floor":7.0,"turns":3.0},{"damage":16.0,"enemies":"Gremlin Gang","floor":8.0,"turns":5.0},{"damage":0.0,"enemies":"2 Fungi Beasts","floor":10.0,"turns":4.0},{"damage":10.0,"enemies":"Gremlin Nob","floor":11.0,"turns":4.0},{"damage":26.0,"enemies":"3 Sentries","floor":13.0,"turns":8.0},{"damage":6.0,"enemies":"Looter","floor":14.0,"turns":5.0},{"damage":28,"enemies":"Slime Boss","floor":16,"turns":9}],"seed_played":"5973251396361226928","potions_obtained":[{"floor":7.0,"key":"EssenceOfSteel"},{"floor":8.0,"key":"SteroidPotion"},{"floor":14.0,"key":"Strength Potion"}],"is_trial":false,"path_per_floor":["M","M","$","$","?","E","M","M","T","M","E","R","E","M","R","B"],"character_chosen":"THE_SILENT","items_purchased":["Apotheosis","Footwork"],"campfire_rested":2,"item_purchase_floors":[3,4],"current_hp_per_floor":[62,59,59,59,42,29,30,16,16,18,10,31,7,3,24,0],"gold":217,"neow_bonus":"HUNDRED_GOLD","is_prod":false,"is_daily":false,"chose_seed":false,"campfire_upgraded":0,"win_rate":0,"timestamp":1550386820,"path_taken":["M","M","?","$","?","E","M","M","T","?","E","R","E","M","R","BOSS"],"build_version":"2019-01-23","purchased_purges":0,"victory":false,"max_hp_per_floor":[70,70,70,70,70,70,70,70,70,70,70,70,70,70,70,70],"card_choices":[{"not_picked":["Sucker Punch","Dagger Throw"],"picked":"Dagger Spray","floor":1.0},{"not_picked":["Underhanded Strike","Flying Knee","Blade Dance"],"picked":"SKIP","floor":2.0},{"not_picked":["Flechettes","Dagger Throw","Bane"],"picked":"SKIP","floor":6.0},{"not_picked":["Sucker Punch","Bane"],"picked":"After Image","floor":7.0},{"not_picked":["Choke","Slice"],"picked":"Caltrops","floor":8.0},{"not_picked":["Acrobatics","Calculated Gamble","Dagger Spray"],"picked":"SKIP","floor":10.0},{"not_picked":["Dash","Predator"],"picked":"Crippling Poison","floor":11.0},{"not_picked":["Poisoned Stab","Prepared"],"picked":"Dash","floor":13.0},{"not_picked":["Prepared","Blade Dance","Night Terror"],"picked":"SKIP","floor":14.0}],"player_experience":392806,"relics_obtained":[{"floor":6.0,"key":"Blood Vial"},{"floor":9.0,"key":"Snake Skull"},{"floor":11.0,"key":"Pen Nib"},{"floor":13.0,"key":"Matryoshka"}],"event_choices":[{"damage_healed":0.0,"max_hp_gain":0.0,"max_hp_loss":0.0,"gold_gain":0.0,"event_name":"Golden Idol","player_choice":"Take Damage","floor":5.0,"gold_loss":0.0,"damage_taken":17.0,"relics_obtained":["Golden Idol"]}],"is_beta":false,"boss_relics":[],"items_purged_floors":[],"is_endless":false,"potions_floor_spawned":[7,8,14],"killed_by":"Slime Boss","ascension_level":12}