{"gold_per_floor":[111,186,361,371,382,382,414,414,414,445,460,66,66,82,82,177,207,221,121,121,137,60,60,74,74,74,107,124,136,136,11,11,109,109,128,147,147,161,172,172,207,207,207,207,227,227,25,25,25,25],"floor_reached":51,"playtime":4162,"items_purged":["Strike_R","Doubt","Strike_R","Strike_R"],"score":773,"play_id":"8af66efd-194e-4c1c-b534-c4c817282d72","local_time":"20180705000933","is_ascension_mode":true,"campfire_choices":[{"data":"Metallicize","floor":6,"key":"SMITH"},{"data":"Dual Wield","floor":8,"key":"SMITH"},{"floor":15,"key":"REST"},{"data":"Demon Form","floor":23,"key":"SMITH"},{"data":"J.A.X.","floor":25,"key":"SMITH"},{"data":"Heavy Blade","floor":32,"key":"SMITH"},{"data":"Offering","floor":40,"key":"SMITH"},{"data":"Sword Boomerang","floor":42,"key":"SMITH"},{"data":"Armaments","floor":49,"key":"SMITH"}],"neow_cost":"NONE","seed_source_timestamp":1899744786529722,"circlet_count":0,"master_deck":["Strike_R","Strike_R+1","Defend_R","Defend_R","Defend_R","Defend_R","Bash","Metallicize+1","Cleave+1","Cleave","Sword Boomerang+1","Spot Weakness+1","Thunderclap","Demon Form+1","Heavy Blade+1","Sword Boomerang","Metallicize+1","J.A.X.+1","Reaper","Headbutt","Offering+1","True Grit+1","Madness","Madness","Pummel+1","Armaments+1"],"relics":["Burning Blood","Happy Flower","Whetstone","Bag of Marbles","Meat on the Bone","Dodecahedron","Tiny House","Pear","Kunai","Sozu","Dead Branch","Incense Burner","Ice Cream"],"potions_floor_usage":[10,16,18,24,27,29,29,29,33,33],"damage_taken":[{"damage":3,"enemies":"Jaw Worm","floor":1,"turns":4},{"damage":1,"enemies":"2 Louse","floor":4,"turns":5},{"damage":1,"enemies":"Small Slimes","floor":5,"turns":4},{"damage":6,"enemies":"3 Sentries","floor":7,"turns":10},{"damage":59,"enemies":"Gremlin Nob","floor":10,"turns":6},{"damage":0,"enemies":"Gremlin Gang","floor":11,"turns":1},{"damage":4,"enemies":"Red Slaver","floor":14,"turns":3},{"damage":39,"enemies":"Hexaghost","floor":16,"turns":8},{"damage":39,"enemies":"2 Thieves","floor":18,"turns":3},{"damage":12,"enemies":"Chosen","floor":21,"turns":5},{"damage":27,"enemies":"Snecko","floor":24,"turns":4},{"damage":30,"enemies":"Book of Stabbing","floor":27,"turns":6},{"damage":33,"enemies":"Sentry and Sphere","floor":28,"turns":5},{"damage":27,"enemies":"Centurion and Healer","floor":29,"turns":6},{"damage":61,"enemies":"Collector","floor":33,"turns":7},{"damage":39,"enemies":"3 Darklings","floor":35,"turns":4},{"damage":15,"enemies":"Orb Walker","floor":36,"turns":3},{"damage":41,"enemies":"3 Darklings","floor":38,"turns":3},{"damage":32,"enemies":"4 Shapes","floor":39,"turns":3},{"damage":20,"enemies":"Nemesis","floor":41,"turns":3},{"damage":42,"enemies":"Maw","floor":45,"turns":8},{"damage":56,"enemies":"Awakened One","floor":50,"turns":7}],"seed_played":"-2471611237278778423","potions_obtained":[{"floor":1,"key":"Ancient Potion"},{"floor":11,"key":"Weak Potion"},{"floor":14,"key":"FearPotion"},{"floor":17,"key":"BloodPotion"},{"floor":18,"key":"Energy Potion"},{"floor":24,"key":"Dexterity Potion"},{"floor":28,"key":"EntropicBrew"},{"floor":29,"key":"Strength Potion"}],"is_trial":false,"path_per_floor":["M","?","?","M","M","R","E","R","T","E","M","$","T","M","R","B",null,"M","$","?","M","?","R","M","R","T","E","M","M","?","$","R","B",null,"M","M","T","M","M","R","E","R","T","?","M","?","$","?","R","B"],"character_chosen":"IRONCLAD","items_purchased":["Meat on the Bone","Spot Weakness","Armaments"],"campfire_rested":1,"item_purchase_floors":[12,12,47],"current_hp_per_floor":[80,69,69,74,79,79,79,79,79,26,32,32,32,46,70,49,85,60,60,60,54,54,54,45,45,55,43,28,50,81,81,81,38,95,90,81,81,75,61,61,59,59,59,47,42,95,95,95,95,63],"gold":25,"neow_bonus":"RANDOM_COMMON_RELIC","is_prod":false,"is_daily":false,"chose_seed":false,"campfire_upgraded":8,"win_rate":0,"timestamp":1530767373,"path_taken":["M","?","?","?","M","R","E","R","T","E","M","$","?","M","R","BOSS","M","$","?","M","?","R","M","R","T","E","M","M","?","$","R","BOSS","M","M","?","?","M","R","E","R","T","?","M","?","$","?","R","BOSS"],"build_version":"2018-06-28","purchased_purges":4,"victory":true,"max_hp_per_floor":[80,80,80,80,80,80,80,80,80,80,80,80,80,80,80,80,85,85,85,85,85,85,85,85,85,95,95,95,95,95,95,95,95,95,95,95,95,95,95,95,95,95,95,95,95,95,95,95,95,95],"card_choices":[{"not_picked":["Combust","Clash"],"picked":"Metallicize","floor":1},{"not_picked":["Anger","Shrug It Off","Uppercut"],"picked":"SKIP","floor":4},{"not_picked":["Bloodletting","Wild Strike"],"picked":"Cleave","floor":5},{"not_picked":["Body Slam","Wild Strike"],"picked":"Dual Wield","floor":7},{"not_picked":["Iron Wave","Seeing Red"],"picked":"Cleave","floor":10},{"not_picked":["Warcry","Hemokinesis"],"picked":"Sword Boomerang","floor":11},{"not_picked":["Havoc","Bloodletting"],"picked":"Thunderclap","floor":14},{"not_picked":["Brutality","Reaper"],"picked":"Demon Form","floor":16},{"not_picked":["Pommel Strike","Burning Pact"],"picked":"Heavy Blade","floor":17},{"not_picked":["Power Through","Sentinel+1"],"picked":"Sword Boomerang","floor":18},{"not_picked":["True Grit","Headbutt"],"picked":"Metallicize+1","floor":21},{"not_picked":["Perfected Strike","Body Slam+1","Iron Wave"],"picked":"SKIP","floor":24},{"not_picked":["Thunderclap","Shrug It Off"],"picked":"Reaper","floor":27},{"not_picked":["Feel No Pain","Warcry+1","Cleave+1"],"picked":"SKIP","floor":28},{"not_picked":["Body Slam","Reckless Charge+1"],"picked":"Headbutt","floor":29},{"not_picked":["Reaper","Brutality"],"picked":"Offering","floor":33},{"not_picked":["Uppercut","Headbutt+1","Warcry+1"],"picked":"SKIP","floor":35},{"not_picked":["Body Slam","Clothesline+1"],"picked":"True Grit+1","floor":36},{"not_picked":["Searing Blow","Thunderclap","Warcry"],"picked":"SKIP","floor":38},{"not_picked":["Uppercut+1","Havoc+1","Fire Breathing"],"picked":"SKIP","floor":39},{"not_picked":["True Grit","Cleave","Warcry"],"picked":"SKIP","floor":41},{"not_picked":["Body Slam+1","Warcry+1"],"picked":"Pummel+1","floor":45}],"player_experience":247432,"relics_obtained":[{"floor":9,"key":"Whetstone"},{"floor":10,"key":"Bag of Marbles"},{"floor":13,"key":"Dodecahedron"},{"floor":26,"key":"Pear"},{"floor":27,"key":"Kunai"},{"floor":37,"key":"Dead Branch"},{"floor":41,"key":"Incense Burner"},{"floor":43,"key":"Ice Cream"}],"event_choices":[{"event_name":"World of Goop","player_choice":"Gather Gold","floor":2,"damage_taken":0},{"event_name":"Liars Game","player_choice":"agreed","floor":3,"damage_taken":0},{"event_name":"Accursed Blacksmith","player_choice":"Ignore","floor":20,"damage_taken":0},{"event_name":"Drug Dealer","player_choice":"Got JAXXED","floor":22,"damage_taken":0},{"event_name":"The Library","player_choice":"Heal","floor":30,"damage_taken":0},{"event_name":"Winding Halls","player_choice":"Embrace Madness","floor":44,"damage_taken":0},{"event_name":"Wheel of Change","player_choice":"Full Heal","floor":46,"damage_taken":0},{"event_name":"Falling","player_choice":"Removed Skill","floor":48,"damage_taken":0}],"boss_relics":[{"not_picked":["Fusion Hammer","Runic Dome"],"picked":"Tiny House"},{"not_picked":["Eternal Feather","Calling Bell"],"picked":"Sozu"}],"items_purged_floors":[12,19,31,47],"is_endless":false,"potions_floor_spawned":[1,11,14,18,24,28,29,35,38,41,45],"ascension_level":2}