{"gold_per_floor":[111,123,123,74,87,87,113,113,113,131,159,159,170,73,73,176,176,191,211,211,228,328,328,340,340,340,340,91,105,117,64,64,163,163,177,277,277,294,312,312,341,341,415,429,449,101,101,115,115,115],"floor_reached":51,"playtime":975,"items_purged":["Defend_R","Defend_R+1","Defend_R+1"],"score":789,"play_id":"6dfa9fb5-db3b-4d40-9ced-185626e038dd","local_time":"20181201221435","is_ascension_mode":false,"campfire_choices":[{"data":"Perfected Strike","floor":6,"key":"SMITH"},{"data":"Feed","floor":8,"key":"SMITH"},{"data":"Perfected Strike","floor":12,"key":"SMITH"},{"data":"Cleave","floor":15,"key":"SMITH"},{"data":"Carnage","floor":23,"key":"SMITH"},{"data":"Perfected Strike","floor":25,"key":"SMITH"},{"floor":27,"key":"REST"},{"data":"Pommel Strike","floor":32,"key":"SMITH"},{"data":"Perfected Strike","floor":40,"key":"SMITH"},{"data":"1","floor":42,"key":"LIFT"},{"data":"2","floor":49,"key":"LIFT"}],"neow_cost":"","seed_source_timestamp":386185004299583,"circlet_count":0,"master_deck":["Strike_R+1","Strike_R+1","Strike_R+1","Strike_R+1","Strike_R+1","Defend_R+1","Bash","Cleave+1","Perfected Strike+1","Feed+1","Pommel Strike","Perfected Strike+1","Armaments+1","Double Tap+1","Pommel Strike","Perfected Strike+1","Pommel Strike","Rage+1","Infernal Blade+1","Pommel Strike+1","Impervious+1","Perfected Strike+1","Pommel Strike","Iron Wave","Battle Trance+1"],"relics":["Burning Blood","Toxic Egg 2","Happy Flower","Torii","Sozu","Magic Flower","Shuriken","Dream Catcher","Pen Nib","Eternal Feather","Girya","Incense Burner","Matryoshka","Red Skull"],"potions_floor_usage":[11,16,50],"damage_taken":[{"damage":11,"enemies":"2 Louse","floor":1,"turns":3},{"damage":11,"enemies":"Jaw Worm","floor":2,"turns":2},{"damage":0,"enemies":"Cultist","floor":5,"turns":3},{"damage":28,"enemies":"Gremlin Nob","floor":7,"turns":5},{"damage":10,"enemies":"Exordium Wildlife","floor":10,"turns":3},{"damage":17,"enemies":"3 Sentries","floor":11,"turns":6},{"damage":0,"enemies":"3 Louse","floor":13,"turns":3},{"damage":42,"enemies":"The Guardian","floor":16,"turns":7},{"damage":0,"enemies":"Spheric Guardian","floor":18,"turns":2},{"damage":10,"enemies":"2 Thieves","floor":19,"turns":3},{"damage":0,"enemies":"Snake Plant","floor":21,"turns":2},{"damage":1,"enemies":"Colosseum Slavers","floor":22,"turns":2},{"damage":30,"enemies":"Colosseum Nobs","floor":22,"turns":4},{"damage":12,"enemies":"Centurion and Healer","floor":24,"turns":2},{"damage":2,"enemies":"Cultist and Chosen","floor":29,"turns":2},{"damage":0,"enemies":"Snake Plant","floor":30,"turns":2},{"damage":50,"enemies":"Champ","floor":33,"turns":6},{"damage":0,"enemies":"Orb Walker","floor":35,"turns":1},{"damage":13,"enemies":"Mind Bloom Boss Battle","floor":36,"turns":3},{"damage":0,"enemies":"3 Darklings","floor":38,"turns":3},{"damage":8,"enemies":"Jaw Worm Horde","floor":39,"turns":3},{"damage":51,"enemies":"Nemesis","floor":41,"turns":5},{"damage":0,"enemies":"Transient","floor":44,"turns":5},{"damage":1,"enemies":"Writhing Mass","floor":45,"turns":2},{"damage":10,"enemies":"Jaw Worm Horde","floor":48,"turns":2},{"damage":104,"enemies":"Awakened One","floor":50,"turns":6}],"seed_played":"3812926384934909155","potions_obtained":[{"floor":7,"key":"Regen Potion"},{"floor":11,"key":"AttackPotion"},{"floor":16,"key":"LiquidBronze"}],"is_trial":false,"path_per_floor":["M","M","?","$","M","R","E","R","T","M","E","R","M","$","R","B",null,"M","M","?","M","?","R","M","R","T","R","$","M","M","$","R","B",null,"M","?","?","M","M","R","E","R","T","M","M","$","?","M","R","B",null],"character_chosen":"IRONCLAD","items_purchased":["Perfected Strike","Armaments+1","Pen Nib","Pommel Strike","Battle Trance+1","Red Skull"],"campfire_rested":1,"item_purchase_floors":[4,14,28,31,46,46],"current_hp_per_floor":[75,70,54,54,60,60,38,38,38,38,42,42,52,52,52,16,88,88,88,88,96,76,76,73,73,73,100,100,100,100,100,100,59,100,100,96,96,100,100,100,64,79,79,88,96,96,96,95,104,15],"gold":115,"neow_bonus":"","is_prod":false,"is_daily":false,"chose_seed":false,"campfire_upgraded":8,"win_rate":0.0,"timestamp":1543713275,"path_taken":["M","M","?","$","M","R","E","R","T","M","E","R","M","$","R","BOSS","M","M","?","M","?","R","M","R","T","R","$","M","M","?","R","BOSS","M","?","?","M","M","R","E","R","T","?","M","$","?","M","R","BOSS"],"build_version":"2018-11-15","purchased_purges":3,"victory":true,"max_hp_per_floor":[80,80,80,80,80,80,80,80,80,84,84,84,88,88,88,88,88,88,92,92,96,100,100,100,100,100,100,100,100,100,100,100,100,100,100,100,100,100,100,100,104,104,104,104,104,104,104,104,104,108],"card_choices":[{"not_picked":["Headbutt","Reckless Charge"],"picked":"Cleave","floor":1},{"not_picked":["Anger","Iron Wave","Warcry"],"picked":"SKIP","floor":2},{"not_picked":["Demon Form","Iron Wave","Headbutt"],"picked":"SKIP","floor":5},{"not_picked":["Dropkick","Sword Boomerang"],"picked":"Feed","floor":7},{"not_picked":["Cleave","Blood for Blood"],"picked":"Pommel Strike","floor":10},{"not_picked":["Warcry+1","Shrug It Off+1"],"picked":"Perfected Strike","floor":11},{"not_picked":["Iron Wave","Sword Boomerang","Fire Breathing"],"picked":"SKIP","floor":13},{"not_picked":["Bludgeon","Impervious+1"],"picked":"Double Tap+1","floor":16},{"not_picked":["Body Slam","Anger","Seeing Red+1"],"picked":"SKIP","floor":18},{"not_picked":["Second Wind+1","Twin Strike"],"picked":"Pommel Strike","floor":19},{"not_picked":["Fire Breathing","Warcry+1","Cleave+1"],"picked":"SKIP","floor":21},{"not_picked":["Sword Boomerang","Iron Wave"],"picked":"Carnage","floor":22},{"not_picked":["Dual Wield+1","Burning Pact+1"],"picked":"Perfected Strike","floor":24},{"not_picked":["Armaments+1","Searing Blow"],"picked":"Pommel Strike","floor":27},{"not_picked":["Headbutt","Rampage+1"],"picked":"Rage+1","floor":29},{"not_picked":["Iron Wave","Clothesline+1"],"picked":"Infernal Blade+1","floor":30},{"not_picked":["Brutality","Barricade"],"picked":"Impervious+1","floor":33},{"not_picked":["Pummel+1","Flex+1"],"picked":"Perfected Strike","floor":35},{"not_picked":["True Grit+1","Rampage+1"],"picked":"Pommel Strike","floor":36},{"not_picked":["Seeing Red+1","Shrug It Off+1","Bludgeon"],"picked":"SKIP","floor":38},{"not_picked":["Rampage","Carnage+1","Thunderclap"],"picked":"SKIP","floor":39},{"not_picked":["Shrug It Off+1","Armaments+1","Headbutt+1"],"picked":"SKIP","floor":41},{"not_picked":["Sword Boomerang+1","Shrug It Off+1","Rupture+1"],"picked":"SKIP","floor":44},{"not_picked":["Rampage","True Grit+1","Armaments+1"],"picked":"SKIP","floor":45},{"not_picked":["Shrug It Off+1","Dual Wield+1","Flame Barrier+1"],"picked":"SKIP","floor":48}],"player_experience":6178,"relics_obtained":[{"floor":7,"key":"Toxic Egg 2"},{"floor":9,"key":"Happy Flower"},{"floor":11,"key":"Torii"},{"floor":22,"key":"Magic Flower"},{"floor":22,"key":"Shuriken"},{"floor":26,"key":"Dream Catcher"},{"floor":36,"key":"Girya"},{"floor":41,"key":"Incense Burner"},{"floor":43,"key":"Matryoshka"}],"event_choices":[{"damage_healed":0,"gold_gain":0,"player_choice":"Entered Light","damage_taken":16,"max_hp_gain":0,"max_hp_loss":0,"event_name":"Shining Light","floor":3,"gold_loss":0,"cards_upgraded":["Defend_R","Strike_R"]},{"damage_healed":0,"gold_gain":0,"player_choice":"Simplicity","damage_taken":0,"max_hp_gain":0,"max_hp_loss":0,"event_name":"Back to Basics","floor":20,"gold_loss":0,"cards_upgraded":["Strike_R","Strike_R","Strike_R","Strike_R","Defend_R","Defend_R"]},{"damage_healed":0,"gold_gain":0,"player_choice":"Fight","damage_taken":0,"max_hp_gain":0,"max_hp_loss":0,"event_name":"Colosseum","floor":22,"gold_loss":0},{"damage_healed":0,"gold_gain":0,"player_choice":"Fought Nobs","damage_taken":0,"max_hp_gain":0,"max_hp_loss":0,"event_name":"Colosseum","floor":22,"gold_loss":0},{"damage_healed":0,"gold_gain":0,"player_choice":"Fight","damage_taken":0,"max_hp_gain":0,"max_hp_loss":0,"event_name":"MindBloom","floor":36,"gold_loss":0},{"cards_removed":["Carnage"],"damage_healed":0,"gold_gain":0,"player_choice":"Took Card","damage_taken":0,"max_hp_gain":0,"max_hp_loss":0,"event_name":"NoteForYourself","floor":37,"gold_loss":0,"cards_obtained":["Iron Wave"]},{"damage_healed":0,"gold_gain":0,"player_choice":"Ignored","damage_taken":0,"max_hp_gain":0,"max_hp_loss":0,"event_name":"Mysterious Sphere","floor":47,"gold_loss":0}],"is_beta":false,"boss_relics":[{"not_picked":["Philosopher\u0027s Stone","Astrolabe"],"picked":"Sozu"},{"not_picked":["White Beast Statue","Fusion Hammer"],"picked":"Eternal Feather"}],"items_purged_floors":[14,28,46],"is_endless":false,"potions_floor_spawned":[7,11,16,18,19,21,24,33,35,36,38,44],"ascension_level":0}