{"gold_per_floor":[215,226,226,226,246,282,282,11,11,11,24,24,58,78,78,206,206,221,239,252,275,275,275],"floor_reached":23,"playtime":1598,"items_purged":[],"score":203,"play_id":"4aef9b6f-c535-4810-91b3-76d830dc93e9","local_time":"20190204080924","is_ascension_mode":false,"campfire_choices":[{"floor":7.0,"key":"REST"},{"floor":10.0,"key":"REST"},{"floor":15.0,"key":"REST"}],"neow_cost":"NONE","seed_source_timestamp":32634138167801,"circlet_count":0,"master_deck":["Strike_R","Strike_R","Strike_R","Strike_R","Strike_R","Defend_R","Defend_R","Defend_R","Defend_R","Bash","Perfected Strike+1","Bloodletting","Armaments","Apotheosis","Bandage Up","Pommel Strike+1","Brutality","Searing Blow+1","Feed+1","Twin Strike+1","Necronomicurse"],"special_seed":0,"relics":["Burning Blood","Golden Idol","Shuriken","Molten Egg 2","Ornamental Fan","Busted Crown","Necronomicon"],"potions_floor_usage":[],"damage_taken":[{"damage":3.0,"enemies":"2 Louse","floor":1.0,"turns":3.0},{"damage":12.0,"enemies":"Small Slimes","floor":2.0,"turns":5.0},{"damage":1.0,"enemies":"Jaw Worm","floor":5.0,"turns":3.0},{"damage":55.0,"enemies":"Lagavulin","floor":6.0,"turns":9.0},{"damage":2.0,"enemies":"Blue Slaver","floor":11.0,"turns":5.0},{"damage":20.0,"enemies":"3 Sentries","floor":13.0,"turns":12.0},{"damage":12.0,"enemies":"Looter","floor":14.0,"turns":3.0},{"damage":19.0,"enemies":"Slime Boss","floor":16.0,"turns":6.0},{"damage":0.0,"enemies":"Chosen","floor":18.0,"turns":4.0},{"damage":17.0,"enemies":"2 Thieves","floor":19.0,"turns":4.0},{"damage":53.0,"enemies":"Snake Plant","floor":20.0,"turns":6.0},{"damage":32.0,"enemies":"Shelled Parasite and Fungi","floor":21.0,"turns":5.0},{"damage":16,"enemies":"Gremlin Leader","floor":23,"turns":2}],"seed_played":"-6495858490351139695","potions_obtained":[{"floor":5.0,"key":"Ancient Potion"},{"floor":14.0,"key":"Regen Potion"},{"floor":16.0,"key":"Ancient Potion"},{"floor":20.0,"key":"EssenceOfSteel"}],"is_trial":false,"path_per_floor":["M","M","?","?","M","E","R","$","T","R","M","?","E","M","R","B",null,"M","M","M","M","?","E"],"character_chosen":"IRONCLAD","items_purchased":["Apotheosis","Bandage Up"],"campfire_rested":3,"item_purchase_floors":[8,8],"current_hp_per_floor":[80,74,74,54,59,10,34,34,34,58,66,66,56,54,78,71,80,80,73,39,21,5,0],"gold":275,"neow_bonus":"HUNDRED_GOLD","is_prod":false,"is_daily":false,"chose_seed":false,"campfire_upgraded":0,"win_rate":0.0,"timestamp":1549256964,"path_taken":["M","M","?","?","M","E","R","$","T","R","M","?","E","M","R","BOSS","M","M","M","M","?","E"],"build_version":"2019-01-23","purchased_purges":0,"victory":false,"max_hp_per_floor":[80,80,80,80,80,80,80,80,80,80,80,80,80,80,80,80,80,80,84,88,92,92,92],"card_choices":[{"not_picked":["Thunderclap","True Grit","Sword Boomerang"],"picked":"SKIP","floor":1.0},{"not_picked":["Corruption","Anger"],"picked":"Perfected Strike","floor":2.0},{"not_picked":["Reckless Charge","Armaments"],"picked":"Bloodletting","floor":5.0},{"not_picked":["Thunderclap","Intimidate"],"picked":"Armaments","floor":6.0},{"not_picked":["True Grit","Hemokinesis+1"],"picked":"Pommel Strike+1","floor":11.0},{"not_picked":["Battle Trance","Reckless Charge+1"],"picked":"Brutality","floor":13.0},{"not_picked":["Flex","True Grit"],"picked":"Searing Blow+1","floor":14.0},{"not_picked":["Exhume","Impervious"],"picked":"Feed+1","floor":16.0},{"not_picked":[],"picked":"Twin Strike+1","floor":18.0},{"not_picked":["Iron Wave+1"],"picked":"SKIP","floor":19.0},{"not_picked":["Body Slam+1"],"picked":"SKIP","floor":20.0},{"not_picked":["Headbutt+1"],"picked":"SKIP","floor":21.0}],"player_experience":156127,"relics_obtained":[{"floor":6.0,"key":"Shuriken"},{"floor":9.0,"key":"Molten Egg 2"},{"floor":13.0,"key":"Ornamental Fan"},{"floor":22.0,"key":"Necronomicon"}],"event_choices":[{"damage_healed":0.0,"max_hp_gain":0.0,"max_hp_loss":0.0,"gold_gain":0.0,"event_name":"Living Wall","player_choice":"Grow","floor":3.0,"gold_loss":0.0,"damage_taken":0.0,"cards_upgraded":["Perfected Strike"]},{"damage_healed":0.0,"max_hp_gain":0.0,"max_hp_loss":0.0,"gold_gain":0.0,"event_name":"Golden Idol","player_choice":"Take Damage","floor":4.0,"gold_loss":0.0,"damage_taken":20.0,"relics_obtained":["Golden Idol"]},{"damage_healed":0.0,"max_hp_gain":0.0,"max_hp_loss":0.0,"gold_gain":0.0,"event_name":"Shining Light","player_choice":"Ignored","floor":12.0,"gold_loss":0.0,"damage_taken":0.0},{"damage_healed":0.0,"max_hp_gain":0.0,"max_hp_loss":0.0,"gold_gain":0.0,"event_name":"Cursed Tome","player_choice":"Obtained Book","floor":22.0,"gold_loss":0.0,"damage_taken":16.0}],"is_beta":false,"boss_relics":[{"not_picked":["Mark of Pain","Empty Cage"],"picked":"Busted Crown"}],"items_purged_floors":[],"is_endless":false,"potions_floor_spawned":[5,14,16,20],"killed_by":"Gremlin Leader","ascension_level":0}