{"path_per_floor":["M","$","?","?","M","E","?","$","T","R","$","M","M","M","R","B",null,"M","M","T","$","?","R","M","E","T","?"],"character_chosen":"DEFECT","items_purchased":["Defragment"],"gold_per_floor":[110,35,110,110,126,160,160,60,85,85,6,17,27,44,44,148,148,122,135,161,36,36,36,55,84,107,107,107],"floor_reached":28,"campfire_rested":2,"playtime":1525,"item_purchase_floors":[11],"current_hp_per_floor":[75,75,64,49,46,38,35,35,35,57,57,57,56,51,51,18,75,40,22,22,22,22,44,43,13,13,13,0],"items_purged":["Strike_B","Strike_B","Strike_B"],"gold":107,"score":236,"play_id":"fffbc0bc-bd5e-4e11-8e5a-64cafe295c41","local_time":"20180605060745","is_prod":false,"is_daily":false,"chose_seed":false,"is_ascension_mode":false,"campfire_upgraded":1,"win_rate":0,"timestamp":1528196865,"campfire_choices":[{"floor":10,"key":"REST"},{"data":"Darkness","floor":15,"key":"SMITH"},{"floor":23,"key":"REST"}],"path_taken":["M","$","?","?","?","E","?","?","T","R","$","M","M","M","R","BOSS","M","M","?","?","?","R","M","E","T","?","M"],"build_version":"2018-05-31","seed_source_timestamp":150640733445925,"purchased_purges":3,"victory":false,"master_deck":["Defend_B+1","Defend_B","Defend_B","Defend_B+1","Zap","Dualcast+1","Darkness+1","FTL+1","Streamline","Defragment","Hologram","Defragment","Creative AI","Melter+1","Aggregate","Defragment+1","Tempest+1"],"max_hp_per_floor":[75,75,75,75,75,75,75,75,75,75,75,75,75,75,75,75,75,75,75,75,75,75,75,75,85,85,85,85],"relics":["Cracked Core","War Paint","Du-Vu Doll","Pen Nib","Inserter","Whetstone","Pear","Bronze Scales"],"card_choices":[{"not_picked":["Go for the Eyes","Compile Driver"],"picked":"Darkness","floor":1},{"not_picked":["Steam Power","Compile Driver"],"picked":"FTL","floor":5},{"not_picked":["Steam","Auto Shields"],"picked":"Streamline","floor":6},{"not_picked":["Steam Power","Stack"],"picked":"Hologram","floor":12},{"not_picked":["Barrage","Beam Cell","Sweeping Beam"],"picked":"SKIP","floor":13},{"not_picked":["FTL","Streamline"],"picked":"Defragment","floor":14},{"not_picked":["Multi-Cast","Amplify"],"picked":"Creative AI","floor":16},{"not_picked":["Redo+1","Gash"],"picked":"Melter","floor":18},{"not_picked":["Skim+1","Doom and Gloom"],"picked":"Aggregate","floor":19},{"not_picked":["Reinforced Body","Turbo+1"],"picked":"Defragment+1","floor":24},{"not_picked":["Rebound+1","Force Field"],"picked":"Tempest+1","floor":25}],"player_experience":108597,"potions_floor_usage":[16,24,24,25],"damage_taken":[{"damage":0,"enemies":"Small Slimes","floor":1,"turns":3},{"damage":3,"enemies":"Jaw Worm","floor":5,"turns":3},{"damage":8,"enemies":"Gremlin Nob","floor":6,"turns":3},{"damage":0,"enemies":"2 Louse","floor":12,"turns":2},{"damage":1,"enemies":"Blue Slaver","floor":13,"turns":3},{"damage":5,"enemies":"Red Slaver","floor":14,"turns":2},{"damage":33,"enemies":"Hexaghost","floor":16,"turns":6},{"damage":35,"enemies":"2 Thieves","floor":18,"turns":5},{"damage":18,"enemies":"Shell Parasite","floor":19,"turns":4},{"damage":1,"enemies":"Sentry and Sphere","floor":24,"turns":3},{"damage":40,"enemies":"Gremlin Leader","floor":25,"turns":6},{"damage":17,"enemies":"Centurion and Healer","floor":28,"turns":3}],"relics_obtained":[{"floor":6,"key":"War Paint"},{"floor":9,"key":"Pen Nib"},{"floor":20,"key":"Whetstone"},{"floor":25,"key":"Pear"},{"floor":26,"key":"Bronze Scales"}],"event_choices":[{"event_name":"World of Goop","player_choice":"Gather Gold","floor":3,"damage_taken":0},{"event_name":"Shining Light","player_choice":"Entered Light","floor":4,"damage_taken":0},{"event_name":"Scrap Ooze","player_choice":"success","floor":7,"damage_taken":3},{"event_name":"Purifier","player_choice":"One Purge","floor":22,"damage_taken":0},{"event_name":"Cursed Tome","player_choice":"Ignored","floor":27,"damage_taken":0}],"boss_relics":[{"not_picked":["Nuclear Battery","Astrolabe"],"picked":"Inserter"}],"items_purged_floors":[2,8,21],"potions_floor_spawned":[6,14,16,18,24],"seed_played":"7791003182039734661","killed_by":"Centurion and Healer","ascension_level":0,"potions_obtained":[{"floor":6,"key":"Explosive Potion"},{"floor":14,"key":"FocusPotion"},{"floor":16,"key":"SteroidPotion"},{"floor":18,"key":"EssenceOfSteel"},{"floor":24,"key":"AttackPotion"}],"is_trial":false}