{"path_per_floor":["M","?","M","T","M","R","E","R","T","?","M","$","M","E","R","B",null,"M","?","?","?","M","E","M","E","T","$","M","E","R","E","R","B",null,"M","M","M","?","?","R","?","E","T","E","?","R","$","M","R","B"],"character_chosen":"THE_SILENT","items_purchased":["Noxious Fumes","The Specimen","Regal Pillow"],"gold_per_floor":[117,117,130,130,141,141,176,176,176,176,197,84,102,138,138,263,263,276,276,276,276,296,330,343,384,437,337,358,397,397,433,433,559,559,578,592,616,616,616,616,949,983,1037,1062,1115,1115,534,553,553,553],"floor_reached":51,"campfire_rested":1,"playtime":4012,"item_purchase_floors":[12,47,47],"current_hp_per_floor":[70,67,67,67,67,67,54,54,54,37,37,37,37,37,58,58,70,70,70,70,70,67,65,61,61,61,61,65,64,64,66,66,68,70,70,70,60,50,56,56,56,58,65,59,63,63,63,69,69,75],"items_purged":["Strike_G","Strike_G","Strike_G"],"gold":553,"score":1328,"play_id":"52b4a80a-a0c6-40e1-8a60-04f73b24f9a8","local_time":"20180610211549","is_prod":false,"is_daily":false,"chose_seed":false,"is_ascension_mode":true,"campfire_upgraded":7,"win_rate":0,"timestamp":1528683349,"campfire_choices":[{"data":"Catalyst","floor":6,"key":"SMITH"},{"data":"Venomology","floor":8,"key":"SMITH"},{"floor":15,"key":"REST"},{"data":"Burst","floor":30,"key":"SMITH"},{"data":"Noxious Fumes","floor":32,"key":"SMITH"},{"data":"Apotheosis","floor":40,"key":"SMITH"},{"data":"Crippling Poison","floor":46,"key":"SMITH"},{"data":"Deadly Poison","floor":49,"key":"SMITH"}],"path_taken":["M","?","M","?","M","R","E","R","T","?","M","$","M","E","R","BOSS","M","?","?","?","M","E","M","E","T","$","M","E","R","E","R","BOSS","M","M","M","?","?","R","?","E","T","E","?","R","$","M","R","BOSS"],"build_version":"2018-06-07v3","seed_source_timestamp":634637718000987,"purchased_purges":3,"victory":true,"master_deck":["Defend_G","Defend_G","Defend_G","Defend_G","Defend_G","Survivor","Neutralize","Escape Plan","Deadly Poison","Catalyst+1","Venomology+1","Noxious Fumes+1","Caltrops","Burst+1","Crippling Poison+1","Calculated Gamble","Deadly Poison+1","Noxious Fumes+1","Blur","Apotheosis+1"],"max_hp_per_floor":[70,70,70,70,70,70,70,70,70,70,70,70,70,70,70,70,70,70,70,70,70,70,70,70,70,70,70,70,70,70,70,70,70,70,70,70,70,70,70,70,70,70,77,77,77,77,77,77,77,77],"relics":["Ring of the Snake","Anchor","Oddly Smooth Stone","Thread and Needle","Darkstone Periapt","Paper Crane","Black Star","Lantern","Art of War","Du-Vu Doll","Bird Faced Urn","Bag of Preparation","Juzu Bracelet","Vajra","Frozen Egg 2","Busted Crown","Gambling Chip","Kunai","Question Card","Strawberry","Tough Bandages","Letter Opener","The Specimen","Regal Pillow"],"card_choices":[{"not_picked":["Cloak And Dagger","Backstab"],"picked":"Escape Plan","floor":1},{"not_picked":["Quick Slash","Bane"],"picked":"Deadly Poison","floor":3},{"not_picked":["Leg Sweep","Deadly Poison"],"picked":"Catalyst","floor":5},{"not_picked":["Masterful Stab","Slice"],"picked":"Venomology","floor":7},{"not_picked":["Acrobatics","Bane","Prepared"],"picked":"SKIP","floor":11},{"not_picked":["Dagger Spray","Dash","After Image"],"picked":"SKIP","floor":13},{"not_picked":["Outmaneuver","Backstab"],"picked":"Caltrops","floor":14},{"not_picked":["Doppelganger","Die Die Die"],"picked":"Burst","floor":16},{"not_picked":["Endless Agony","Acrobatics+1","Underhanded Strike"],"picked":"SKIP","floor":18},{"not_picked":["Endless Agony","Heel Hook+1","Reflex+1"],"picked":"SKIP","floor":22},{"not_picked":["Quick Slash+1","Poisoned Stab"],"picked":"Calculated Gamble","floor":23},{"not_picked":["Outmaneuver","Finisher"],"picked":"Deadly Poison","floor":24},{"not_picked":["Quick Slash","Sucker Punch+1","Backflip"],"picked":"SKIP","floor":25},{"not_picked":["Poisoned Stab","Deadly Poison+1"],"picked":"Noxious Fumes+1","floor":28},{"not_picked":["Flechettes","Slice+1","Underhanded Strike"],"picked":"SKIP","floor":29},{"not_picked":["Envenom","Backflip","Dash"],"picked":"SKIP","floor":31},{"not_picked":[],"picked":"Blur","floor":35},{"not_picked":["Reflex+1"],"picked":"SKIP","floor":36},{"not_picked":["Predator+1"],"picked":"SKIP","floor":37},{"not_picked":[],"picked":"Apotheosis","floor":38},{"not_picked":["Slice"],"picked":"SKIP","floor":42},{"not_picked":["Blade Dance+1","Reflex+1"],"picked":"SKIP","floor":44},{"not_picked":["Underhanded Strike","Deadly Poison"],"picked":"SKIP","floor":48}],"player_experience":152828,"potions_floor_usage":[7,13,14,14,16,18,18,22,22,22,23,25,25,28,29,29,33,35,36,37,42,50,50,50,50,50,50],"damage_taken":[{"damage":0,"enemies":"Cultist","floor":1,"turns":5},{"damage":0,"enemies":"Jaw Worm","floor":3,"turns":6},{"damage":0,"enemies":"2 Louse","floor":5,"turns":3},{"damage":13,"enemies":"Gremlin Nob","floor":7,"turns":3},{"damage":0,"enemies":"Exordium Wildlife","floor":11,"turns":6},{"damage":0,"enemies":"Looter","floor":13,"turns":3},{"damage":0,"enemies":"Lagavulin","floor":14,"turns":5},{"damage":0,"enemies":"The Guardian","floor":16,"turns":9},{"damage":0,"enemies":"Spheric Guardian","floor":18,"turns":3},{"damage":3,"enemies":"Chosen","floor":22,"turns":6},{"damage":2,"enemies":"Book of Stabbing","floor":23,"turns":4},{"damage":4,"enemies":"Snecko","floor":24,"turns":6},{"damage":0,"enemies":"Gremlin Leader","floor":25,"turns":5},{"damage":0,"enemies":"Cultist and Chosen","floor":28,"turns":5},{"damage":7,"enemies":"Slavers","floor":29,"turns":5},{"damage":4,"enemies":"Book of Stabbing","floor":31,"turns":4},{"damage":0,"enemies":"Collector","floor":33,"turns":2},{"damage":0,"enemies":"3 Shapes","floor":35,"turns":4},{"damage":0,"enemies":"Orb Walker","floor":36,"turns":1},{"damage":10,"enemies":"Sphere and 2 Shapes","floor":37,"turns":3},{"damage":0,"floor":39,"turns":3},{"damage":0,"enemies":"Nemesis","floor":42,"turns":3},{"damage":12,"enemies":"2 Orb Walkers","floor":44,"turns":5},{"damage":0,"floor":45,"turns":4},{"damage":0,"enemies":"4 Shapes","floor":48,"turns":4},{"damage":0,"enemies":"Awakened One","floor":50,"turns":10}],"relics_obtained":[{"floor":4,"key":"Oddly Smooth Stone"},{"floor":7,"key":"Thread and Needle"},{"floor":9,"key":"Darkstone Periapt"},{"floor":14,"key":"Paper Crane"},{"floor":23,"key":"Lantern"},{"floor":23,"key":"Art of War"},{"floor":25,"key":"Du-Vu Doll"},{"floor":25,"key":"Bird Faced Urn"},{"floor":26,"key":"Bag of Preparation"},{"floor":29,"key":"Juzu Bracelet"},{"floor":29,"key":"Vajra"},{"floor":31,"key":"Frozen Egg 2"},{"floor":39,"key":"Gambling Chip"},{"floor":42,"key":"Kunai"},{"floor":42,"key":"Question Card"},{"floor":43,"key":"Strawberry"},{"floor":44,"key":"Tough Bandages"},{"floor":44,"key":"Letter Opener"}],"event_choices":[{"event_name":"Scrap Ooze","player_choice":"success","floor":2,"damage_taken":3},{"event_name":"Golden Idol","player_choice":"Take Damage","floor":10,"damage_taken":0},{"event_name":"Back to Basics","player_choice":"Elegance","floor":19,"damage_taken":0},{"event_name":"The Lab","player_choice":"Got Potions","floor":20,"damage_taken":0},{"event_name":"The Library","player_choice":"Read","floor":21,"damage_taken":0},{"event_name":"SensoryStone","player_choice":"Memory 3","floor":38,"damage_taken":0},{"event_name":"MindBloom","player_choice":"Fight","floor":39,"damage_taken":0},{"event_name":"The Moai Head","player_choice":"Gave Idol","floor":41,"damage_taken":0},{"event_name":"Mysterious Sphere","player_choice":"Fight","floor":45,"damage_taken":0}],"boss_relics":[{"not_picked":["Lizard Tail","White Beast Statue"],"picked":"Black Star"},{"not_picked":["Cursed Key","Sozu"],"picked":"Busted Crown"}],"items_purged_floors":[12,27,47],"potions_floor_spawned":[3,5,13,16,18,22,25,29,31,37,42,48],"seed_played":"-7995696265444070157","ascension_level":1,"potions_obtained":[{"floor":3,"key":"Fire Potion"},{"floor":5,"key":"Weak Potion"},{"floor":13,"key":"AttackPotion"},{"floor":16,"key":"SteroidPotion"},{"floor":18,"key":"EssenceOfSteel"},{"floor":20,"key":"Poison Potion"},{"floor":22,"key":"Strength Potion"},{"floor":25,"key":"EssenceOfSteel"},{"floor":29,"key":"GhostInAJar"}],"is_trial":false}