{"gold_per_floor":[113,113,113,125,145,145,220,111,193,193,193,212,212,212,212,310,310,326,346,246,246,246,246,278,278,278,303,100,110,124,143,143,240,240,254,272,272,272,287,287,312,330,330,346,361,361,9,40,40,40],"floor_reached":51,"playtime":5105,"items_purged":["Strike_G","Glass Knife","Dash"],"score":997,"play_id":"68b5cc77-935b-4efa-a511-1edb364acd75","local_time":"20180624160919","is_ascension_mode":true,"campfire_choices":[{"data":"Venomology","floor":6.0,"key":"SMITH"},{"data":"Deadly Poison","floor":11.0,"key":"SMITH"},{"floor":13.0,"key":"REST"},{"data":"Neutralize","floor":15.0,"key":"SMITH"},{"data":"Noxious Fumes","floor":23.0,"key":"SMITH"},{"data":"Prepared","floor":25.0,"key":"SMITH"},{"floor":32,"key":"REST"},{"data":"Ghostly","floor":40,"key":"SMITH"},{"data":"Ghostly","floor":46,"key":"SMITH"},{"floor":49,"key":"REST"}],"neow_cost":"","seed_source_timestamp":0,"circlet_count":0,"master_deck":["Defend_G","Defend_G","Defend_G","Defend_G","Survivor","Neutralize+1","Venomology+1","Prepared+1","Deadly Poison+1","Noxious Fumes+1","Venomology+1","A Thousand Cuts+1","Terror+1","Backflip","Noxious Fumes+1","Ghostly+1","Ghostly+1","Ghostly","Ghostly","Ghostly","Catalyst+1","Catalyst+1","Prepared+1","Deep Breath+1","Escape Plan+1"],"special_seed":0,"relics":["Ring of the Snake","Lantern","Question Card","Astrolabe","Dream Catcher","Toxic Egg 2","Dodecahedron","Busted Crown","Matryoshka","Boot","Bottled Lightning","Happy Flower"],"potions_floor_usage":[33,33,33,35,35,35,35,39,39,41,41,42,42,42,44,44,45,45,48,50,50,50],"damage_taken":[{"damage":7.0,"enemies":"2 Louse","floor":1.0,"turns":4.0},{"damage":0.0,"enemies":"Jaw Worm","floor":4.0,"turns":4.0},{"damage":0.0,"enemies":"Cultist","floor":5.0,"turns":3.0},{"damage":1.0,"enemies":"2 Fungi Beasts","floor":12.0,"turns":2.0},{"damage":20.0,"enemies":"Hexaghost","floor":16.0,"turns":8.0},{"damage":17.0,"enemies":"Spheric Guardian","floor":18.0,"turns":4.0},{"damage":15.0,"enemies":"3 Byrds","floor":19.0,"turns":3.0},{"damage":0.0,"enemies":"Slavers","floor":24.0,"turns":5.0},{"damage":2.0,"enemies":"Gremlin Leader","floor":27.0,"turns":8.0},{"damage":0.0,"enemies":"Centurion and Healer","floor":29.0,"turns":6.0},{"damage":3.0,"enemies":"Chosen and Byrds","floor":30.0,"turns":5.0},{"damage":3.0,"enemies":"Snake Plant","floor":31.0,"turns":4.0},{"damage":0,"enemies":"Automaton","floor":33,"turns":6},{"damage":1,"enemies":"3 Darklings","floor":35,"turns":4},{"damage":0,"enemies":"Orb Walker","floor":36,"turns":5},{"damage":0,"enemies":"4 Shapes","floor":39,"turns":4},{"damage":0,"enemies":"Giant Head","floor":41,"turns":6},{"damage":3,"enemies":"3 Darklings","floor":42,"turns":4},{"damage":0,"enemies":"Maw","floor":44,"turns":5},{"damage":1,"enemies":"4 Shapes","floor":45,"turns":4},{"damage":8,"enemies":"Nemesis","floor":48,"turns":5},{"damage":23,"enemies":"Donu and Deca","floor":50,"turns":11}],"seed_played":"1436848632139349591","potions_obtained":[{"floor":5.0,"key":"Explosive Potion"},{"floor":12.0,"key":"Weak Potion"},{"floor":14.0,"key":"Swift Potion"},{"floor":18.0,"key":"GhostInAJar"},{"floor":19.0,"key":"Explosive Potion"},{"floor":27.0,"key":"Fire Potion"},{"floor":33,"key":"PowerPotion"},{"floor":39,"key":"AttackPotion"},{"floor":42,"key":"SkillPotion"},{"floor":45,"key":"Energy Potion"}],"is_trial":false,"path_per_floor":["M","?","?","M","M","R","?","$","T","?","R","M","R","?","R","B",null,"M","M","$","?","?","R","E","R","T","E","$","M","M","M","R","B",null,"M","M","?","?","M","R","E","M","T","M","M","R","$","E","R","B"],"character_chosen":"THE_SILENT","items_purchased":["Noxious Fumes","Catalyst+1","Bottled Lightning","Deep Breath+1"],"campfire_rested":3,"item_purchase_floors":[],"current_hp_per_floor":[63,51,51,51,51,51,40,40,40,40,40,39,60,60,60,40,70,53,38,38,38,35,35,35,35,35,33,33,33,30,27,35,35,35,34,34,34,34,34,34,34,31,31,31,30,30,30,22,32,9],"gold":40,"neow_bonus":"","is_prod":false,"is_daily":false,"chose_seed":false,"campfire_upgraded":7,"win_rate":0,"timestamp":1529874559,"path_taken":["M","?","?","M","?","R","?","$","T","?","R","M","R","?","R","BOSS","M","M","$","?","?","R","E","R","T","E","$","?","?","M","R","BOSS","M","M","?","?","M","R","E","M","T","M","?","R","$","E","R","BOSS"],"build_version":"2018-06-21v2","purchased_purges":3,"victory":true,"max_hp_per_floor":[70,70,70,70,70,70,70,70,70,70,70,70,70,70,70,70,70,70,70,70,70,35,35,35,35,35,35,35,35,35,35,35,35,35,35,35,35,35,35,35,35,35,35,35,35,35,35,35,35,35],"card_choices":[{"not_picked":["Backflip","Poisoned Stab"],"picked":"Dash","floor":1.0},{"not_picked":["Predator","Distraction"],"picked":"Prepared","floor":4.0},{"not_picked":["Dagger Spray","Slice"],"picked":"Deadly Poison","floor":5.0},{"not_picked":["Underhanded Strike","Dagger Throw","Slice","Poisoned Stab"],"picked":"SKIP","floor":12.0},{"not_picked":["Tactician","Grand Finale","Venomology"],"picked":"Glass Knife","floor":16.0},{"not_picked":["Backflip","Underhanded Strike","Bouncing Flask","Riddle With Holes+1"],"picked":"SKIP","floor":18.0},{"not_picked":["Underhanded Strike","Bouncing Flask","Riddle With Holes+1"],"picked":"Backflip","floor":18.0},{"not_picked":["Flying Knee","Poisoned Stab+1","Dagger Throw"],"picked":"Noxious Fumes","floor":19.0},{"not_picked":["Slice+1","All Out Attack","Dagger Throw","Distraction+1"],"picked":"SKIP","floor":24.0},{"not_picked":["Unload","Acrobatics+1","Dagger Spray","Infinite Blades"],"picked":"SKIP","floor":27.0},{"not_picked":["Unload","Acrobatics+1","Dagger Spray","Infinite Blades"],"picked":"SKIP","floor":27.0},{"not_picked":["Distraction+1","All Out Attack","Reflex+1","Dodge and Roll+1"],"picked":"SKIP","floor":29.0},{"not_picked":["Malaise+1","Leg Sweep+1","Eviscerate"],"picked":"Catalyst+1","floor":30.0},{"not_picked":["Deflect+1","Poisoned Stab+1","Slice","Skewer"],"picked":"SKIP","floor":31.0},{"not_picked":["Endless Agony","Grand Finale","Underhanded Strike"],"picked":"Prepared+1","floor":32},{"not_picked":["All Out Attack","Leg Sweep+1"],"picked":"SKIP","floor":35},{"not_picked":["Dagger Throw+1","Cloak And Dagger+1"],"picked":"SKIP","floor":36},{"not_picked":["Backflip+1","Cloak And Dagger+1"],"picked":"SKIP","floor":39},{"not_picked":["Calculated Gamble+1","All Out Attack"],"picked":"SKIP","floor":41},{"not_picked":["Dodge and Roll+1","Deflect+1"],"picked":"SKIP","floor":42},{"not_picked":["Bane","Flying Knee"],"picked":"SKIP","floor":44},{"not_picked":["Expertise+1","Masterful Stab+1"],"picked":"SKIP","floor":45},{"not_picked":["Skewer"],"picked":"Escape Plan+1","floor":48}],"player_experience":216439,"relics_obtained":[{"floor":9.0,"key":"Question Card"},{"floor":24.0,"key":"Dream Catcher"},{"floor":26.0,"key":"Toxic Egg 2"},{"floor":27.0,"key":"Dodecahedron"},{"floor":41,"key":"Matryoshka"},{"floor":43,"key":"Boot"},{"floor":48,"key":"Happy Flower"}],"event_choices":[{"event_name":"Scrap Ooze","player_choice":"success","floor":2.0,"damage_taken":12.0},{"event_name":"Bonfire Elementals","player_choice":"BASIC","floor":3.0,"damage_taken":0.0},{"event_name":"World of Goop","player_choice":"Gather Gold","floor":7.0,"damage_taken":0.0},{"event_name":"Upgrade Shrine","player_choice":"Upgraded","floor":10.0,"damage_taken":0.0},{"event_name":"The Lab","player_choice":"Got Potions","floor":14.0,"damage_taken":0.0},{"event_name":"Cursed Tome","player_choice":"Ignored","floor":21.0,"damage_taken":0.0},{"event_name":"Ghosts","player_choice":"Became a Ghost","floor":22.0,"damage_taken":0.0},{"event_name":"Falling","player_choice":"Removed Skill","floor":37,"damage_taken":0},{"event_name":"SecretPortal","player_choice":"Rejected Portal.","floor":38,"damage_taken":0}],"boss_relics":[{"not_picked":["Calling Bell","Pandora\u0027s Box"],"picked":"Astrolabe"},{"not_picked":["Orrery","Tiny House"],"picked":"Busted Crown"}],"items_purged_floors":[],"is_endless":false,"potions_floor_spawned":[5,12,18,19,27,33,39,42,45],"ascension_level":4}