{"gold_per_floor":[117,117,130,130,140,175,190,190,240,240,258,323,338,357,357,459,459,475,492,42,92,103,135,135,164,164,164,175,185,196,209,209,209],"floor_reached":33,"playtime":2257,"items_purged":["Strike_G"],"score":310,"play_id":"d4947fb8-4e54-4e21-9e1a-2ac65ba5c0d6","local_time":"20190203182023","is_ascension_mode":true,"campfire_choices":[{"floor":8,"key":"REST"},{"floor":10,"key":"REST"},{"floor":15,"key":"RECALL"},{"data":"Envenom","floor":24,"key":"SMITH"},{"floor":27,"key":"REST"},{"data":"Dash","floor":32,"key":"SMITH"}],"neow_cost":"NONE","seed_source_timestamp":0,"circlet_count":0,"master_deck":["Defend_G+1","Defend_G+1","Defend_G+1","Defend_G+1","Defend_G+1","Strike_G+1","Strike_G+1","Strike_G+1","Strike_G+1","Survivor","Neutralize","Riddle With Holes","Acrobatics","Dash+1","Dagger Throw","PiercingWail","Sucker Punch","Well Laid Plans","Outmaneuver","PiercingWail","Die Die Die","Dagger Spray+1","Envenom+1","Cloak And Dagger","Infinite Blades+1","Dash","Bouncing Flask","Flying Knee+1","Bane","Leg Sweep"],"special_seed":0,"relics":["Ring of the Snake","SsserpentHead","Mercury Hourglass","Bronze Scales","Cursed Key","TwistedFunnel","Omamori","Regal Pillow"],"potions_floor_usage":[13,19,23,33,33],"damage_taken":[{"damage":0.0,"enemies":"Jaw Worm","floor":1.0,"turns":4.0},{"damage":0.0,"enemies":"Cultist","floor":3.0,"turns":4.0},{"damage":0,"enemies":"Small Slimes","floor":5,"turns":5},{"damage":51,"enemies":"3 Sentries","floor":6,"turns":18},{"damage":0,"enemies":"2 Fungi Beasts","floor":7,"turns":3},{"damage":0,"enemies":"Blue Slaver","floor":11,"turns":3},{"damage":0,"enemies":"Large Slime","floor":12,"turns":4},{"damage":2,"enemies":"Looter","floor":13,"turns":2},{"damage":0,"enemies":"Blue Slaver","floor":14,"turns":3},{"damage":8,"enemies":"Hexaghost","floor":16,"turns":11},{"damage":0,"enemies":"3 Byrds","floor":18,"turns":2},{"damage":3,"enemies":"2 Thieves","floor":19,"turns":3},{"damage":0,"enemies":"Cultist and Chosen","floor":22,"turns":4},{"damage":20,"enemies":"Slavers","floor":23,"turns":4},{"damage":7,"enemies":"Book of Stabbing","floor":25,"turns":4},{"damage":0,"enemies":"Snake Plant","floor":28,"turns":3},{"damage":0,"enemies":"Chosen and Byrds","floor":29,"turns":3},{"damage":0,"enemies":"Snecko","floor":30,"turns":4},{"damage":4,"enemies":"Centurion and Healer","floor":31,"turns":4},{"damage":81,"enemies":"Champ","floor":33,"turns":12}],"seed_played":"5884539921819186585","potions_obtained":[{"floor":1.0,"key":"Poison Potion"},{"floor":5,"key":"Ancient Potion"},{"floor":6,"key":"SteroidPotion"},{"floor":12,"key":"Dexterity Potion"},{"floor":18,"key":"AttackPotion"},{"floor":23,"key":"Block Potion"},{"floor":29,"key":"Poison Potion"}],"is_trial":false,"path_per_floor":["M","?","M","$","M","E","M","R","T","R","M","M","M","M","R","B",null,"M","M","$","?","M","E","R","E","T","R","M","M","M","M","R","B"],"character_chosen":"THE_SILENT","items_purchased":["Envenom","Cloak And Dagger","TwistedFunnel"],"campfire_rested":3,"item_purchase_floors":[20,20,20],"current_hp_per_floor":[77,77,77,77,77,26,26,49,49,72,72,72,70,70,70,62,77,77,74,74,74,74,54,54,47,47,77,77,77,77,73,73,0],"gold":209,"neow_bonus":"TEN_PERCENT_HP_BONUS","is_prod":false,"is_daily":false,"chose_seed":false,"campfire_upgraded":2,"win_rate":0,"timestamp":1549239623,"path_taken":["M","?","M","$","M","E","M","R","T","R","M","?","M","M","R","BOSS","M","M","$","?","M","E","R","E","T","R","M","M","M","M","R","BOSS"],"build_version":"2019-01-23","purchased_purges":1,"victory":false,"max_hp_per_floor":[77,77,77,77,77,77,77,77,77,77,77,77,77,77,77,77,77,77,77,77,77,77,77,77,77,77,77,77,77,77,77,77,77],"card_choices":[{"not_picked":["Concentrate","Expertise"],"picked":"Riddle With Holes","floor":1.0},{"not_picked":["Slice","Calculated Gamble"],"picked":"Acrobatics","floor":3.0},{"not_picked":["Setup","Dagger Throw"],"picked":"Dash","floor":5},{"not_picked":["Bane","Storm of Steel"],"picked":"Dagger Throw","floor":6},{"not_picked":["Heel Hook","Crippling Poison"],"picked":"PiercingWail","floor":7},{"not_picked":["Deadly Poison","Flechettes"],"picked":"Sucker Punch","floor":11},{"not_picked":["Dagger Spray","Poisoned Stab"],"picked":"Well Laid Plans","floor":12},{"not_picked":["Sucker Punch","Prepared"],"picked":"Outmaneuver","floor":13},{"not_picked":["Deadly Poison","Crippling Poison"],"picked":"PiercingWail","floor":14},{"not_picked":["Grand Finale","Glass Knife"],"picked":"Die Die Die","floor":16},{"not_picked":["Bane","Finisher","Dodge and Roll"],"picked":"SKIP","floor":18},{"not_picked":["Choke","Dodge and Roll"],"picked":"Dagger Spray+1","floor":19},{"not_picked":["Quick Slash","Poisoned Stab+1"],"picked":"Infinite Blades+1","floor":22},{"not_picked":["Calculated Gamble","Expertise"],"picked":"Dash","floor":23},{"not_picked":["Poisoned Stab","Dagger Throw"],"picked":"Bouncing Flask","floor":25},{"not_picked":["Calculated Gamble+1","Reflex","Blade Dance"],"picked":"SKIP","floor":28},{"not_picked":["Blade Dance","Bane"],"picked":"Flying Knee+1","floor":29},{"not_picked":["Dodge and Roll","Deadly Poison+1"],"picked":"Bane","floor":30},{"not_picked":["Cloak And Dagger","Sucker Punch+1"],"picked":"Leg Sweep","floor":31}],"player_experience":379877,"relics_obtained":[{"floor":6,"key":"Mercury Hourglass"},{"floor":9,"key":"Bronze Scales"},{"floor":23,"key":"Omamori"},{"floor":25,"key":"Regal Pillow"}],"event_choices":[{"damage_healed":0.0,"max_hp_gain":0.0,"max_hp_loss":0.0,"gold_gain":0.0,"event_name":"FaceTrader","player_choice":"Trade","floor":2.0,"gold_loss":0.0,"damage_taken":0.0,"relics_obtained":["SsserpentHead"]},{"damage_healed":0,"gold_gain":0,"player_choice":"Simplicity","damage_taken":0,"max_hp_gain":0,"max_hp_loss":0,"event_name":"Back to Basics","floor":21,"gold_loss":0,"cards_upgraded":["Defend_G","Defend_G","Defend_G","Defend_G","Defend_G","Strike_G","Strike_G","Strike_G","Strike_G"]}],"is_beta":false,"boss_relics":[{"not_picked":["Eternal Feather","Tiny House"],"picked":"Cursed Key"}],"items_purged_floors":[20],"is_endless":false,"potions_floor_spawned":[1,5,6,11,12,18,23,29],"killed_by":"Champ","ascension_level":1}