{"gold_per_floor":[111,111,111,127,144,144,200,200,227,254,33,44,44,60,60,131,131,144,155,172,26,26,26,59,75,102,115,115,134,134],"floor_reached":30,"playtime":1908,"items_purged":["Strike_G"],"score":474,"play_id":"99aeee4a-ef92-41d8-a69a-1ce23ec31e97","local_time":"20190210082350","is_ascension_mode":true,"campfire_choices":[{"floor":6,"key":"REST"},{"floor":8,"key":"REST"},{"floor":13,"key":"REST"},{"data":"Caltrops","floor":15,"key":"SMITH"},{"floor":23,"key":"REST"},{"floor":28,"key":"REST"}],"neow_cost":"NONE","seed_source_timestamp":814272642743600,"circlet_count":0,"master_deck":["AscendersBane","Defend_G","Defend_G+1","Defend_G","Defend_G","Strike_G+1","Strike_G","Strike_G","Strike_G","Survivor+1","Neutralize","Dagger Throw","Dagger Throw","Quick Slash+1","Burst","Deadly Poison","Dagger Spray","Caltrops+1","Catalyst","Well Laid Plans","Corpse Explosion","Deadly Poison+1","Backflip","PiercingWail","Deflect"],"relics":["Ring of the Snake","Tiny Chest","Potion Belt","Whetstone","Fusion Hammer","Snake Skull","Pear","Pen Nib"],"potions_floor_usage":[7,12,16,24,30,30,30],"damage_taken":[{"damage":0,"enemies":"Jaw Worm","floor":1,"turns":4},{"damage":0,"enemies":"Small Slimes","floor":4,"turns":3},{"damage":0,"enemies":"Cultist","floor":5,"turns":3},{"damage":20,"enemies":"Gremlin Nob","floor":7,"turns":4},{"damage":47,"enemies":"Lagavulin","floor":10,"turns":7},{"damage":11,"enemies":"Exordium Wildlife","floor":12,"turns":4},{"damage":2,"enemies":"Blue Slaver","floor":14,"turns":3},{"damage":16,"enemies":"Hexaghost","floor":16,"turns":10},{"damage":13,"enemies":"Spheric Guardian","floor":18,"turns":5},{"damage":1,"enemies":"3 Byrds","floor":19,"turns":2},{"damage":18,"enemies":"Centurion and Healer","floor":20,"turns":4},{"damage":20,"enemies":"Slavers","floor":24,"turns":2},{"damage":0,"enemies":"3 Cultists","floor":25,"turns":3},{"damage":18,"enemies":"Shelled Parasite and Fungi","floor":27,"turns":6},{"damage":23,"enemies":"Centurion and Healer","floor":29,"turns":3},{"damage":26,"enemies":"Sentry and Sphere","floor":30,"turns":3}],"seed_played":"7676820077847402446","potions_obtained":[{"floor":5,"key":"Strength Potion"},{"floor":7,"key":"Swift Potion"},{"floor":12,"key":"Dexterity Potion"},{"floor":16,"key":"Regen Potion"},{"floor":20,"key":"SteroidPotion"},{"floor":27,"key":"SpeedPotion"},{"floor":29,"key":"Weak Potion"}],"is_trial":false,"path_per_floor":["M","?","?","M","M","R","E","R","T","E","$","M","R","M","R","B",null,"M","M","M","$","?","R","E","M","T","M","R","M","M"],"character_chosen":"THE_SILENT","items_purchased":["Deadly Poison","Dagger Spray","Caltrops","Snake Skull"],"campfire_rested":5,"item_purchase_floors":[11,11,11,21],"current_hp_per_floor":[63,49,42,42,42,63,43,64,64,17,17,6,27,25,25,9,55,42,41,23,23,23,44,43,43,43,25,49,26,0],"gold":134,"neow_bonus":"REMOVE_CARD","is_prod":false,"is_daily":false,"chose_seed":false,"campfire_upgraded":1,"win_rate":0,"timestamp":1549812230,"path_taken":["M","?","?","M","M","R","E","R","T","E","$","M","R","M","R","BOSS","M","?","M","$","?","R","E","M","T","M","R","M","M"],"build_version":"2019-01-23","purchased_purges":1,"victory":false,"max_hp_per_floor":[70,70,70,70,70,70,70,70,70,70,70,70,70,70,70,70,70,70,70,70,70,70,70,80,80,80,80,80,80,80],"card_choices":[{"not_picked":["Prepared","Choke"],"picked":"Dagger Throw","floor":1},{"not_picked":["Flying Knee","Heel Hook"],"picked":"Dagger Throw","floor":4},{"not_picked":["Outmaneuver","Tactician"],"picked":"Quick Slash","floor":5},{"not_picked":["Accuracy","Sucker Punch","Deadly Poison"],"picked":"SKIP","floor":7},{"not_picked":["Bane","Deflect"],"picked":"Burst","floor":10},{"not_picked":["Outmaneuver","Calculated Gamble"],"picked":"Catalyst","floor":12},{"not_picked":["Poisoned Stab","Acrobatics"],"picked":"Well Laid Plans","floor":14},{"not_picked":["Night Terror","Envenom"],"picked":"Corpse Explosion","floor":16},{"not_picked":["Flechettes","Dagger Throw"],"picked":"Deadly Poison+1","floor":18},{"not_picked":["Deadly Poison","Slice","Setup"],"picked":"SKIP","floor":19},{"not_picked":["Choke","Poisoned Stab+1","Deadly Poison"],"picked":"SKIP","floor":20},{"not_picked":["Burst","PiercingWail"],"picked":"Backflip","floor":24},{"not_picked":["Outmaneuver","Dagger Throw"],"picked":"PiercingWail","floor":25},{"not_picked":["Reflex","Bouncing Flask"],"picked":"Deflect","floor":27},{"not_picked":["After Image","Endless Agony","Slice"],"picked":"SKIP","floor":29}],"player_experience":905960,"relics_obtained":[{"floor":7,"key":"Tiny Chest"},{"floor":9,"key":"Potion Belt"},{"floor":10,"key":"Whetstone"},{"floor":24,"key":"Pear"},{"floor":26,"key":"Pen Nib"}],"event_choices":[{"damage_healed":0,"gold_gain":0,"player_choice":"Entered Light","damage_taken":14,"max_hp_gain":0,"max_hp_loss":0,"event_name":"Shining Light","floor":2,"gold_loss":0,"cards_upgraded":["Survivor","Defend_G"]},{"damage_healed":0,"gold_gain":0,"player_choice":"Damaged","damage_taken":7,"max_hp_gain":0,"max_hp_loss":0,"event_name":"Wheel of Change","floor":3,"gold_loss":0},{"damage_healed":0,"gold_gain":0,"player_choice":"Ignored","damage_taken":0,"max_hp_gain":0,"max_hp_loss":0,"event_name":"Ghosts","floor":22,"gold_loss":0}],"is_beta":false,"boss_relics":[{"not_picked":["Ring of the Serpent","Ectoplasm"],"picked":"Fusion Hammer"}],"items_purged_floors":[11],"is_endless":false,"potions_floor_spawned":[5,7,12,16,20,27,29],"killed_by":"Sentry and Sphere","ascension_level":13}