{"gold_per_floor":[118,43,118,136,151,177,177,195,240,306,306,319,347,347,347,451,451,466,466,483,500,500,500,518,518,545,545,560,573,573,583,583,688,688,704,704,704,721,16,16,16,16,92,120,134,134,94,94,94,94],"floor_reached":51,"playtime":3543,"items_purged":["Writhe"],"score":685,"play_id":"6a210fa1-a53c-4551-b692-e35b1840020e","local_time":"20180717000923","is_ascension_mode":false,"campfire_choices":[{"floor":7.0,"key":"REST"},{"floor":11.0,"key":"REST"},{"floor":15.0,"key":"REST"},{"floor":23.0,"key":"REST"},{"floor":25.0,"key":"REST"},{"floor":27.0,"key":"REST"},{"data":"Double Energy","floor":30.0,"key":"SMITH"},{"floor":32.0,"key":"REST"},{"data":"Electrodynamics","floor":40.0,"key":"SMITH"},{"data":"Capacitor","floor":42.0,"key":"SMITH"},{"floor":46,"key":"REST"},{"floor":49,"key":"REST"}],"neow_cost":"NONE","seed_source_timestamp":800711911124828,"circlet_count":0,"master_deck":["Strike_B","Strike_B","Strike_B","Strike_B","Defend_B","Defend_B","Defend_B","Defend_B","Zap","Dualcast","Defragment+1","Doom and Gloom","Sunder","Streamline","Doom and Gloom","Chill","Redo","Fission","Capacitor","Glacier","Redo+1","Electrodynamics+1","Double Energy+1","Self Repair","Streamline+1","Creative AI","Conserve Battery+1","Cold Snap+1","Capacitor+1","Turbo","Normality","Hello World+1"],"special_seed":0,"relics":["Cracked Core","NeowsBlessing","Ornamental Fan","Vajra","Bronze Scales","Lizard Tail","Ancient Tea Set","Nilry\u0027s Codex","Bag of Preparation","Cursed Key","Mango","Potion Belt","Frozen Egg 2","Orichalcum"],"potions_floor_usage":[50],"damage_taken":[{"damage":0.0,"enemies":"Cultist","floor":1.0,"turns":1.0},{"damage":0.0,"enemies":"2 Louse","floor":4.0,"turns":1.0},{"damage":0.0,"enemies":"Jaw Worm","floor":5.0,"turns":1.0},{"damage":26.0,"enemies":"Lagavulin","floor":6.0,"turns":6.0},{"damage":9.0,"enemies":"Exordium Wildlife","floor":8.0,"turns":3.0},{"damage":8.0,"enemies":"Gremlin Gang","floor":12.0,"turns":3.0},{"damage":19.0,"enemies":"3 Sentries","floor":13.0,"turns":5.0},{"damage":45.0,"enemies":"Hexaghost","floor":16.0,"turns":7.0},{"damage":6.0,"enemies":"Chosen","floor":18.0,"turns":3.0},{"damage":7.0,"enemies":"3 Byrds","floor":20.0,"turns":1.0},{"damage":41.0,"enemies":"Sentry and Sphere","floor":21.0,"turns":6.0},{"damage":26.0,"enemies":"Slaver and Parasite","floor":24.0,"turns":7.0},{"damage":11.0,"enemies":"Snake Plant","floor":28.0,"turns":3.0},{"damage":0.0,"enemies":"3 Cultists","floor":29.0,"turns":4.0},{"damage":24.0,"enemies":"Centurion and Healer","floor":31.0,"turns":4.0},{"damage":10.0,"enemies":"Champ","floor":33.0,"turns":16.0},{"damage":25.0,"enemies":"Orb Walker","floor":35.0,"turns":4.0},{"damage":9.0,"enemies":"Flame Bruiser 1 Orb","floor":38.0,"turns":6.0},{"damage":73.0,"enemies":"2 Orb Walkers","floor":44.0,"turns":5.0},{"damage":3,"enemies":"Spire Growth","floor":45,"turns":10},{"damage":90,"enemies":"Time Eater","floor":50,"turns":11}],"seed_played":"-2879673422361102046","potions_obtained":[{"floor":1.0,"key":"Strength Potion"},{"floor":12.0,"key":"LiquidBronze"},{"floor":13.0,"key":"AttackPotion"},{"floor":16.0,"key":"LiquidBronze"},{"floor":20.0,"key":"Strength Potion"},{"floor":28.0,"key":"LiquidBronze"},{"floor":31.0,"key":"Dexterity Potion"},{"floor":38.0,"key":"LiquidBronze"},{"floor":47,"key":"Fire Potion"},{"floor":47,"key":"SmokeBomb"},{"floor":47,"key":"SteroidPotion"}],"is_trial":false,"path_per_floor":["M","$","?","M","M","E","R","M","T","?","R","M","E","?","R","B",null,"M","?","M","M","?","R","M","R","T","R","M","M","R","M","R","B",null,"M","?","?","M","$","R","$","R","T","E","M","R","?","?","R","B"],"character_chosen":"DEFECT","items_purchased":["Doom and Gloom","Capacitor","Mango","Potion Belt","Fire Potion","Turbo"],"campfire_rested":9,"item_purchase_floors":[2,39,39,39,39,39],"current_hp_per_floor":[75,75,64,64,64,38,60,51,51,51,73,65,46,46,68,23,75,69,69,62,21,5,27,15,37,37,59,48,48,48,31,53,50,75,57,75,75,75,89,89,89,89,89,16,20,46,46,46,72,44],"gold":94,"neow_bonus":"THREE_ENEMY_KILL","is_prod":false,"is_daily":false,"chose_seed":false,"campfire_upgraded":3,"win_rate":0,"timestamp":1531775363,"path_taken":["M","$","?","M","M","E","R","M","T","?","R","?","E","?","R","BOSS","M","?","?","M","?","R","M","R","T","R","?","M","R","M","R","BOSS","M","?","?","M","?","R","$","R","T","E","M","R","?","?","R","BOSS"],"build_version":"2018-07-12","purchased_purges":1,"victory":true,"max_hp_per_floor":[75,75,75,75,75,75,75,75,75,75,75,75,75,75,75,75,75,75,75,75,75,75,75,75,75,75,75,75,75,75,75,75,75,75,75,75,75,75,89,89,89,89,89,89,89,89,89,89,89,89],"card_choices":[{"not_picked":["BootSequence","Double Energy"],"picked":"Defragment","floor":1.0},{"not_picked":["Barrage","Gash","Rebound"],"picked":"SKIP","floor":4.0},{"not_picked":["Cold Snap","Sweeping Beam"],"picked":"Sunder","floor":5.0},{"not_picked":["FTL","Gash"],"picked":"Streamline","floor":6.0},{"not_picked":["Leap","Streamline"],"picked":"Doom and Gloom","floor":8.0},{"not_picked":["Cold Snap","Ball Lightning"],"picked":"Chill","floor":12.0},{"not_picked":["Beam Cell","Hello World"],"picked":"Redo","floor":13.0},{"not_picked":["Multi-Cast","Hyperbeam"],"picked":"Fission","floor":16.0},{"not_picked":["Tempest","Ball Lightning"],"picked":"Capacitor","floor":18.0},{"not_picked":["Skim","Compile Driver"],"picked":"Glacier","floor":20.0},{"not_picked":["Ball Lightning+1","Reprogram+1"],"picked":"Redo+1","floor":21.0},{"not_picked":["BootSequence+1","Compile Driver+1"],"picked":"Electrodynamics","floor":24.0},{"not_picked":["Blizzard","Steam Power"],"picked":"Double Energy","floor":28.0},{"not_picked":["Double Energy+1","Cold Snap"],"picked":"Self Repair","floor":29.0},{"not_picked":["Cold Snap","Blizzard+1"],"picked":"Streamline+1","floor":31.0},{"not_picked":["Core Surge","Seek"],"picked":"Creative AI","floor":33.0},{"not_picked":["Beam Cell","Redo+1"],"picked":"Conserve Battery+1","floor":35.0},{"not_picked":["Reinforced Body","Coolheaded"],"picked":"Cold Snap+1","floor":38.0},{"not_picked":["Storm+1","Reboot"],"picked":"Hello World+1","floor":44.0},{"not_picked":["Glacier","Streamline","Stack"],"picked":"SKIP","floor":45}],"player_experience":101118,"relics_obtained":[{"floor":6.0,"key":"Ornamental Fan"},{"floor":9.0,"key":"Vajra"},{"floor":13.0,"key":"Bronze Scales"},{"floor":22.0,"key":"Nilry\u0027s Codex"},{"floor":26.0,"key":"Bag of Preparation"},{"floor":43.0,"key":"Frozen Egg 2"},{"floor":44.0,"key":"Orichalcum"}],"event_choices":[{"event_name":"World of Goop","player_choice":"Gather Gold","floor":3.0,"damage_taken":0.0},{"event_name":"Golden Wing","player_choice":"Gained Gold","floor":10.0,"damage_taken":0.0},{"event_name":"Living Wall","player_choice":"Grow","floor":14.0,"damage_taken":0.0},{"event_name":"The Mausoleum","player_choice":"Yes","floor":19.0,"damage_taken":0.0},{"event_name":"Cursed Tome","player_choice":"Obtained Book","floor":22.0,"damage_taken":0.0},{"event_name":"Winding Halls","player_choice":"Writhe","floor":36.0,"damage_taken":0.0},{"event_name":"Tomb of Lord Red Mask","player_choice":"Ignored","floor":37.0,"damage_taken":0.0},{"event_name":"The Woman in Blue","player_choice":"Bought 3 Potions","floor":47,"damage_taken":0},{"event_name":"Mysterious Sphere","player_choice":"Ignore","floor":48,"damage_taken":0}],"boss_relics":[{"not_picked":["Nuclear Battery","Astrolabe"],"picked":"Lizard Tail"},{"not_picked":["FrozenCore","Empty Cage"],"picked":"Cursed Key"}],"items_purged_floors":[39],"is_endless":false,"potions_floor_spawned":[1,12,13,16,20,28,31,38],"ascension_level":0}