{"gold_per_floor":[119,132,132,57,76,106,126,126,126,126,142,142,42,54,54,155,155,170,170,24,24,35,35],"floor_reached":23,"playtime":1359,"items_purged":["Strike_R","Strike_R"],"score":210,"play_id":"b5b8035f-cbba-4826-8599-4a9a659db650","local_time":"20180701021010","is_ascension_mode":true,"campfire_choices":[{"floor":10,"key":"REST"},{"floor":12,"key":"REST"},{"data":"Second Wind","floor":15,"key":"SMITH"}],"neow_cost":"FIFTY_PERCENT_DAMAGE","seed_source_timestamp":1564205584023605,"circlet_count":0,"master_deck":["Defend_R","Defend_R","Defend_R","Bash","Spot Weakness","Heavy Blade","Second Wind+1","Evolve","Heavy Blade","Headbutt","Rampage","Limit Break","Inflame+1"],"relics":["Burning Blood","Potion Belt","Question Card","Runic Dome","Pen Nib"],"potions_floor_usage":[6,16,16,23],"damage_taken":[{"damage":1,"enemies":"Cultist","floor":1,"turns":4},{"damage":3,"enemies":"2 Louse","floor":2,"turns":4},{"damage":4,"enemies":"Jaw Worm","floor":5,"turns":4},{"damage":26,"enemies":"Lagavulin","floor":6,"turns":6},{"damage":6,"enemies":"Looter","floor":7,"turns":4},{"damage":21,"enemies":"Blue Slaver","floor":11,"turns":3},{"damage":4,"enemies":"Red Slaver","floor":14,"turns":4},{"damage":35,"enemies":"Slime Boss","floor":16,"turns":7},{"damage":21,"enemies":"Shell Parasite","floor":18,"turns":4},{"damage":34,"enemies":"3 Byrds","floor":22,"turns":6},{"damage":39,"enemies":"Book of Stabbing","floor":23,"turns":3}],"seed_played":"-6434469891167482449","potions_obtained":[{"floor":1,"key":"Strength Potion"},{"floor":7,"key":"LiquidBronze"},{"floor":14,"key":"LiquidBronze"},{"floor":16,"key":"SpeedPotion"},{"floor":18,"key":"Strength Potion"}],"is_trial":false,"path_per_floor":["M","M","?","$","M","E","M","?","T","R","M","R","$","M","R","B",null,"M","?","$","?","M"],"character_chosen":"IRONCLAD","items_purchased":["Pen Nib"],"campfire_rested":2,"item_purchase_floors":[20],"current_hp_per_floor":[45,48,48,48,50,30,30,30,30,54,39,63,63,65,65,36,80,65,65,65,65,37,0],"gold":35,"neow_bonus":"REMOVE_TWO","is_prod":false,"is_daily":false,"chose_seed":false,"campfire_upgraded":1,"win_rate":0,"timestamp":1530429010,"path_taken":["M","?","?","$","?","E","M","?","T","R","M","R","$","M","R","BOSS","M","?","$","?","M","E"],"build_version":"2018-06-28","purchased_purges":2,"victory":false,"max_hp_per_floor":[80,80,80,80,80,80,80,80,80,80,80,80,80,80,80,80,80,80,80,80,80,80,80],"card_choices":[{"not_picked":["Ghostly Armor","Reckless Charge"],"picked":"Spot Weakness","floor":1},{"not_picked":["Wild Strike","Pommel Strike"],"picked":"Heavy Blade","floor":2},{"not_picked":["Shrug It Off","Twin Strike","Havoc"],"picked":"SKIP","floor":5},{"not_picked":["True Grit","Twin Strike"],"picked":"Evolve","floor":6},{"not_picked":["Pommel Strike","Thunderclap"],"picked":"Heavy Blade","floor":7},{"not_picked":["Rupture","Dropkick","Thunderclap"],"picked":"Headbutt","floor":11},{"not_picked":["Clash","Body Slam","Wild Strike"],"picked":"Rampage","floor":14},{"not_picked":["Exhume","Double Tap","Barricade"],"picked":"Limit Break","floor":16},{"not_picked":["Clash","Rage","Heavy Blade"],"picked":"Inflame+1","floor":18},{"not_picked":["Dual Wield","Clothesline","Searing Blow","Shrug It Off"],"picked":"SKIP","floor":22}],"player_experience":238252,"relics_obtained":[{"floor":6,"key":"Potion Belt"},{"floor":9,"key":"Question Card"}],"event_choices":[{"event_name":"Transmorgrifier","player_choice":"Transform","floor":3,"damage_taken":0},{"event_name":"Liars Game","player_choice":"disagreed","floor":8,"damage_taken":0},{"event_name":"Back to Basics","player_choice":"Elegance","floor":19,"damage_taken":0},{"event_name":"The Mausoleum","player_choice":"No","floor":21,"damage_taken":0}],"boss_relics":[{"not_picked":["Snecko Eye","Runic Cube"],"picked":"Runic Dome"}],"items_purged_floors":[4,13],"is_endless":false,"potions_floor_spawned":[1,7,14,16,18],"killed_by":"Book of Stabbing","ascension_level":2}