{"gold_per_floor":[115,128,128,146,159,159,15,15,66,66,66,66,66],"floor_reached":13,"playtime":327,"items_purged":["Dualcast"],"score":117,"play_id":"9d841c83-81b9-4142-a14d-fb46f085b2a2","local_time":"20190207214727","is_ascension_mode":true,"campfire_choices":[{"data":"White Noise","floor":6.0,"key":"SMITH"},{"data":"Capacitor","floor":8,"key":"SMITH"},{"data":"Defend_B","floor":10,"key":"SMITH"},{"data":"Defend_B","floor":12,"key":"SMITH"}],"neow_cost":"NONE","seed_source_timestamp":78586281783440,"circlet_count":0,"master_deck":["AscendersBane","Strike_B","Strike_B","Strike_B","Strike_B","Defend_B+1","Defend_B","Defend_B+1","Defend_B+1","Zap+1","White Noise+1","Chill+1","Capacitor+1"],"special_seed":0,"relics":["Cracked Core","Potion Belt"],"potions_floor_usage":[13],"damage_taken":[{"damage":0.0,"enemies":"Small Slimes","floor":1.0,"turns":6.0},{"damage":1.0,"enemies":"Cultist","floor":2.0,"turns":4.0},{"damage":1.0,"enemies":"2 Louse","floor":4.0,"turns":3.0},{"damage":25.0,"enemies":"Large Slime","floor":5.0,"turns":6.0},{"damage":34,"enemies":"Gremlin Nob","floor":13,"turns":4}],"seed_played":"7460938744520319782","potions_obtained":[{"floor":2.0,"key":"EssenceOfSteel"}],"is_trial":false,"path_per_floor":["M","M","?","M","M","R","$","R","T","R","?","R","E"],"character_chosen":"DEFECT","items_purchased":["Capacitor"],"campfire_rested":0,"item_purchase_floors":[7],"current_hp_per_floor":[68,67,67,66,41,41,41,41,41,41,26,26,0],"gold":66,"neow_bonus":"RANDOM_COMMON_RELIC","is_prod":false,"is_daily":false,"chose_seed":false,"campfire_upgraded":4,"win_rate":0,"timestamp":1549586847,"path_taken":["M","M","?","M","?","R","$","R","T","R","?","R","E"],"build_version":"2018-11-15","purchased_purges":1,"victory":false,"max_hp_per_floor":[75,75,75,75,75,75,75,75,75,75,75,75,75],"card_choices":[{"not_picked":["Streamline","Beam Cell","Barrage"],"picked":"SKIP","floor":1.0},{"not_picked":["Turbo","Go for the Eyes","Skim"],"picked":"SKIP","floor":2.0},{"not_picked":["Recycle","Scrape"],"picked":"White Noise","floor":4.0},{"not_picked":["Rip and Tear","Melter"],"picked":"Chill","floor":5.0}],"player_experience":103415,"relics_obtained":[],"event_choices":[{"damage_healed":0.0,"max_hp_gain":0.0,"max_hp_loss":0.0,"gold_gain":0.0,"event_name":"Upgrade Shrine","player_choice":"Upgraded","floor":3.0,"gold_loss":0.0,"damage_taken":0.0,"cards_upgraded":["Zap"]},{"damage_healed":0,"gold_gain":0,"player_choice":"Entered Light","damage_taken":15,"max_hp_gain":0,"max_hp_loss":0,"event_name":"Shining Light","floor":11,"gold_loss":0,"cards_upgraded":["Chill","Defend_B"]}],"is_beta":false,"boss_relics":[],"items_purged_floors":[7],"is_endless":false,"potions_floor_spawned":[2],"killed_by":"Gremlin Nob","ascension_level":12}