{"gold_per_floor":[361,361,23,35,55,55,85,85,112,146,160,195,214,233,233,331,331,343,360,373,387,117,117,146,146,171,171,171,171,71,71,71,176,176,191,191,203,218,218,218,228,228,228,247,247,157,14,14,14,14],"floor_reached":50,"playtime":2230,"items_purged":["Strike_R","Heavy Blade"],"score":555,"play_id":"3a73ed95-4f24-4179-adba-d5687e1d94a3","local_time":"20190217041722","is_ascension_mode":false,"campfire_choices":[{"data":"Uppercut","floor":6.0,"key":"SMITH"},{"data":"Disarm","floor":15.0,"key":"SMITH"},{"data":"Feed","floor":23.0,"key":"SMITH"},{"data":"Carnage","floor":29.0,"key":"SMITH"},{"data":"Intimidate","floor":32.0,"key":"SMITH"},{"floor":40.0,"key":"REST"},{"floor":42.0,"key":"REST"},{"data":"Double Tap","floor":49.0,"key":"SMITH"}],"neow_cost":"PERCENT_DAMAGE","seed_source_timestamp":9788401727698,"circlet_count":0,"master_deck":["Strike_R+1","Defend_R+1","Defend_R","Defend_R","Bash+1","Battle Trance","Intimidate+1","Flame Barrier","Uppercut+1","Ghostly Armor","Disarm+1","Rage","Infernal Blade","Carnage+1","Iron Wave","Feed+1","Ghostly Armor","Iron Wave","Infernal Blade","Headbutt","Headbutt","Dropkick","Demon Form","Flex+1","Inflame+1","Rampage+1","Infernal Blade+1","Double Tap+1","Writhe"],"special_seed":0,"relics":["Burning Blood","ClockworkSouvenir","Bag of Preparation","Happy Flower","Bottled Lightning","Whetstone","Runic Dome","PreservedInsect","Regal Pillow","Juzu Bracelet","Nilry\u0027s Codex","Mark of Pain","Letter Opener"],"potions_floor_usage":[50,50],"damage_taken":[{"damage":1.0,"enemies":"2 Louse","floor":1.0,"turns":4.0},{"damage":0.0,"enemies":"Cultist","floor":4.0,"turns":4.0},{"damage":0.0,"enemies":"Jaw Worm","floor":5.0,"turns":6.0},{"damage":15.0,"enemies":"Lagavulin","floor":7.0,"turns":7.0},{"damage":10.0,"enemies":"3 Sentries","floor":10.0,"turns":14.0},{"damage":0.0,"enemies":"2 Fungi Beasts","floor":11.0,"turns":5.0},{"damage":16.0,"enemies":"Gremlin Nob","floor":12.0,"turns":4.0},{"damage":0.0,"enemies":"3 Louse","floor":13.0,"turns":4.0},{"damage":0.0,"enemies":"Looter","floor":14.0,"turns":2.0},{"damage":0.0,"enemies":"The Guardian","floor":16.0,"turns":13.0},{"damage":7.0,"enemies":"2 Thieves","floor":18.0,"turns":3.0},{"damage":0.0,"enemies":"Shell Parasite","floor":19.0,"turns":8.0},{"damage":0.0,"enemies":"Centurion and Healer","floor":20.0,"turns":10.0},{"damage":0.0,"enemies":"Snecko","floor":21.0,"turns":5.0},{"damage":3.0,"enemies":"Gremlin Leader","floor":24.0,"turns":6.0},{"damage":24.0,"enemies":"Automaton","floor":33.0,"turns":9.0},{"damage":34.0,"enemies":"3 Darklings","floor":35.0,"turns":5.0},{"damage":12.0,"enemies":"Orb Walker","floor":37.0,"turns":6.0},{"damage":39.0,"enemies":"Writhing Mass","floor":38.0,"turns":6.0},{"damage":34.0,"enemies":"Sphere and 2 Shapes","floor":41.0,"turns":4.0},{"damage":14.0,"enemies":"4 Shapes","floor":44.0,"turns":5.0},{"damage":108,"enemies":"Donu and Deca","floor":50,"turns":7}],"seed_played":"-1742747204868238747","potions_obtained":[{"floor":1.0,"key":"Block Potion"},{"floor":4.0,"key":"Dexterity Potion"},{"floor":5.0,"key":"SteroidPotion"},{"floor":11.0,"key":"Block Potion"},{"floor":13.0,"key":"AttackPotion"},{"floor":20.0,"key":"Explosive Potion"},{"floor":33.0,"key":"SpeedPotion"},{"floor":35.0,"key":"SkillPotion"},{"floor":41.0,"key":"SpeedPotion"}],"is_trial":false,"path_per_floor":["M","?","$","M","M","R","E","?","T","E","M","E","M","M","R","B",null,"M","M","M","M","$","R","E","?","T","?","?","R","$","?","R","B",null,"M","?","M","M","?","R","M","R","T","M","?","?","$","?","R","B"],"character_chosen":"IRONCLAD","items_purchased":["ClockworkSouvenir","Intimidate","Flame Barrier","PreservedInsect","Headbutt","Double Tap"],"campfire_rested":2,"item_purchase_floors":[3,3,3,22,22,47],"current_hp_per_floor":[61,45,45,51,57,57,48,48,48,44,50,40,46,52,52,58,80,82,86,89,92,92,92,96,96,96,96,80,80,80,80,80,62,96,68,68,62,29,29,72,48,93,93,85,85,85,85,100,100,0],"gold":14,"neow_bonus":"TWO_FIFTY_GOLD","is_prod":false,"is_daily":false,"chose_seed":false,"campfire_upgraded":6,"win_rate":0,"timestamp":1550398642,"path_taken":["M","?","$","M","M","R","E","?","T","E","M","E","?","M","R","BOSS","M","M","M","?","$","R","E","?","T","?","?","R","$","?","R","BOSS","M","?","M","M","?","R","M","R","T","M","?","?","?","?","R","BOSS"],"build_version":"2019-01-23","purchased_purges":2,"victory":false,"max_hp_per_floor":[80,80,80,80,80,80,80,80,80,80,80,80,80,80,80,80,80,83,86,89,92,92,92,96,96,96,96,96,96,96,96,96,96,96,96,96,96,96,96,96,100,100,100,100,100,100,100,100,100,100],"card_choices":[{"not_picked":["Burning Pact","Armaments"],"picked":"Battle Trance","floor":1.0},{"not_picked":["Feel No Pain","Armaments"],"picked":"Uppercut","floor":4.0},{"not_picked":["Warcry","Evolve"],"picked":"Ghostly Armor","floor":5.0},{"not_picked":["Fire Breathing","Sword Boomerang"],"picked":"Disarm","floor":7.0},{"not_picked":["Sentinel","Burning Pact"],"picked":"Rage","floor":10.0},{"not_picked":["Burning Pact","Searing Blow"],"picked":"Infernal Blade","floor":11.0},{"not_picked":["Dropkick","Anger"],"picked":"Carnage","floor":12.0},{"not_picked":["Burning Pact","Wild Strike"],"picked":"Iron Wave","floor":13.0},{"not_picked":["Thunderclap","True Grit","Bloodletting"],"picked":"SKIP","floor":14.0},{"not_picked":["Immolate","Dark Embrace"],"picked":"Feed","floor":16.0},{"not_picked":["Anger","Dual Wield"],"picked":"Ghostly Armor","floor":18.0},{"not_picked":["Shrug It Off","Perfected Strike"],"picked":"Iron Wave","floor":19.0},{"not_picked":["Thunderclap","Anger","Heavy Blade"],"picked":"SKIP","floor":20.0},{"not_picked":["Havoc","Anger"],"picked":"Infernal Blade","floor":21.0},{"not_picked":["Blood for Blood+1","Perfected Strike","Body Slam+1"],"picked":"SKIP","floor":24.0},{"not_picked":["Barricade","Bludgeon"],"picked":"Demon Form","floor":33.0},{"not_picked":["Twin Strike","Perfected Strike+1","Cleave"],"picked":"SKIP","floor":35.0},{"not_picked":["Headbutt+1","Shrug It Off"],"picked":"Flex+1","floor":37.0},{"not_picked":["Combust+1","Cleave+1"],"picked":"Inflame","floor":38.0},{"not_picked":["Clothesline","Perfected Strike"],"picked":"Rampage+1","floor":41.0},{"not_picked":["True Grit+1","Blood for Blood"],"picked":"Infernal Blade+1","floor":44.0}],"player_experience":849248,"relics_obtained":[{"floor":7.0,"key":"Bag of Preparation"},{"floor":9.0,"key":"Happy Flower"},{"floor":10.0,"key":"Bottled Lightning"},{"floor":12.0,"key":"Whetstone"},{"floor":24.0,"key":"Regal Pillow"},{"floor":26.0,"key":"Juzu Bracelet"},{"floor":28.0,"key":"Nilry\u0027s Codex"},{"floor":43.0,"key":"Letter Opener"}],"event_choices":[{"damage_healed":0.0,"max_hp_gain":0.0,"max_hp_loss":0.0,"gold_gain":0.0,"event_name":"Shining Light","player_choice":"Entered Light","floor":2.0,"gold_loss":0.0,"damage_taken":16.0,"cards_upgraded":["Strike_R","Defend_R"]},{"cards_removed":["Strike_R"],"damage_healed":0.0,"max_hp_gain":0.0,"max_hp_loss":0.0,"gold_gain":0.0,"event_name":"Purifier","player_choice":"Purged","floor":8.0,"gold_loss":0.0,"damage_taken":0.0},{"damage_healed":0.0,"max_hp_gain":0.0,"max_hp_loss":0.0,"gold_gain":0.0,"event_name":"The Library","player_choice":"Read","floor":25.0,"gold_loss":0.0,"damage_taken":0.0,"cards_obtained":["Headbutt"]},{"damage_healed":0.0,"max_hp_gain":0.0,"max_hp_loss":0.0,"gold_gain":0.0,"cards_transformed":["Strike_R","Defend_R"],"event_name":"Drug Dealer","player_choice":"Became Test Subject","floor":27.0,"gold_loss":0.0,"damage_taken":0.0,"cards_obtained":["Dropkick","Heavy Blade"]},{"damage_healed":0.0,"max_hp_gain":0.0,"max_hp_loss":0.0,"gold_gain":0.0,"event_name":"Cursed Tome","player_choice":"Obtained Book","floor":28.0,"gold_loss":0.0,"damage_taken":16.0},{"damage_healed":0.0,"max_hp_gain":0.0,"max_hp_loss":0.0,"gold_gain":0.0,"event_name":"Beggar","player_choice":"Ignored","floor":31.0,"gold_loss":0.0,"damage_taken":0.0},{"damage_healed":0.0,"max_hp_gain":0.0,"max_hp_loss":0.0,"gold_gain":0.0,"event_name":"Mysterious Sphere","player_choice":"Ignored","floor":36.0,"gold_loss":0.0,"damage_taken":0.0},{"damage_healed":0.0,"max_hp_gain":0.0,"max_hp_loss":0.0,"gold_gain":0.0,"event_name":"Tomb of Lord Red Mask","player_choice":"Ignored","floor":39.0,"gold_loss":0.0,"damage_taken":0.0},{"damage_healed":0.0,"max_hp_gain":0.0,"max_hp_loss":0.0,"gold_gain":0.0,"event_name":"Match and Keep!","player_choice":"0 cards matched","floor":45.0,"gold_loss":0.0,"damage_taken":0.0,"cards_obtained":[]},{"cards_removed":["Strike_R"],"damage_healed":0.0,"max_hp_gain":0.0,"max_hp_loss":0.0,"gold_gain":0.0,"event_name":"Designer","player_choice":"Upgrade and Remove","floor":46.0,"gold_loss":90.0,"damage_taken":0.0,"cards_upgraded":["Inflame"]},{"damage_healed":25.0,"max_hp_gain":0.0,"max_hp_loss":0.0,"gold_gain":0.0,"event_name":"Winding Halls","player_choice":"Writhe","floor":48.0,"gold_loss":0.0,"damage_taken":0.0,"cards_obtained":["Writhe"]}],"is_beta":false,"boss_relics":[{"not_picked":["Lizard Tail","Calling Bell"],"picked":"Runic Dome"},{"not_picked":["Astrolabe","Runic Cube"],"picked":"Mark of Pain"}],"items_purged_floors":[22,30],"is_endless":false,"potions_floor_spawned":[1,4,5,11,13,20,33,35,41],"killed_by":"Donu and Deca","ascension_level":0}