{"gold_per_floor":[215,215,215,233,333,360,100,112,112,112,128,128,146,160,160,160],"floor_reached":16,"playtime":960,"items_purged":[],"score":102,"play_id":"aec27095-c523-47ec-b26b-8cd0850c97b4","local_time":"20190213233458","is_ascension_mode":false,"campfire_choices":[{"floor":10,"key":"DIG"},{"floor":12,"key":"DIG"},{"floor":15,"key":"REST"}],"neow_cost":"NONE","seed_source_timestamp":17618811985181,"circlet_count":0,"master_deck":["Strike_R","Strike_R","Strike_R","Strike_R","Strike_R","Defend_R","Defend_R","Defend_R","Defend_R","Bash","Perfected Strike","Thunderclap","Seeing Red","Body Slam","Armaments","Headbutt","Rage","Iron Wave","Shrug It Off"],"relics":["Burning Blood","Shovel","Frozen Eye","Self Forming Clay","Omamori","Blood Vial"],"potions_floor_usage":[16,16],"damage_taken":[{"damage":9,"enemies":"Jaw Worm","floor":1,"turns":5},{"damage":2,"enemies":"Small Slimes","floor":4,"turns":3},{"damage":43,"enemies":"Gremlin Nob","floor":6,"turns":5},{"damage":4,"enemies":"Cultist","floor":8,"turns":4},{"damage":10,"enemies":"2 Fungi Beasts","floor":11,"turns":3},{"damage":27,"enemies":"Gremlin Gang","floor":13,"turns":5},{"damage":3,"enemies":"Red Slaver","floor":14,"turns":4},{"damage":55,"enemies":"The Guardian","floor":16,"turns":16}],"seed_played":"-7828144904533748191","potions_obtained":[{"floor":8,"key":"Energy Potion"},{"floor":13,"key":"EssenceOfSteel"}],"is_trial":false,"path_per_floor":["M","?","?","M","?","E","$","M","T","R","M","R","M","M","R","B"],"character_chosen":"IRONCLAD","items_purchased":["Body Slam","Frozen Eye","Armaments"],"campfire_rested":1,"item_purchase_floors":[7,7,7],"current_hp_per_floor":[77,77,77,80,80,43,43,45,45,45,41,41,22,27,51,0],"gold":160,"neow_bonus":"HUNDRED_GOLD","is_prod":false,"is_daily":false,"chose_seed":false,"campfire_upgraded":0,"win_rate":1,"timestamp":1550118898,"path_taken":["M","?","?","?","?","E","$","M","T","R","M","R","?","M","R","BOSS"],"build_version":"2019-01-23","purchased_purges":0,"victory":false,"max_hp_per_floor":[80,80,80,80,80,80,80,80,80,80,80,80,80,80,80,80],"card_choices":[{"not_picked":["Thunderclap","Reckless Charge"],"picked":"Perfected Strike","floor":1},{"not_picked":["Twin Strike","Armaments"],"picked":"Thunderclap","floor":4},{"not_picked":["Bludgeon","Spot Weakness"],"picked":"Seeing Red","floor":6},{"not_picked":["True Grit","Anger"],"picked":"Headbutt","floor":8},{"not_picked":["Seeing Red","Power Through"],"picked":"Rage","floor":11},{"not_picked":["Perfected Strike","Heavy Blade"],"picked":"Iron Wave","floor":13},{"not_picked":["Thunderclap","Sever Soul"],"picked":"Shrug It Off","floor":14}],"player_experience":29367,"relics_obtained":[{"floor":6,"key":"Shovel"},{"floor":9,"key":"Self Forming Clay"},{"floor":10,"key":"Omamori"},{"floor":12,"key":"Blood Vial"}],"event_choices":[{"damage_healed":0,"gold_gain":0,"player_choice":"Ignored","damage_taken":0,"max_hp_gain":0,"max_hp_loss":0,"event_name":"Golden Wing","floor":2,"gold_loss":0},{"damage_healed":0,"gold_gain":0,"player_choice":"Leave","damage_taken":0,"max_hp_gain":0,"max_hp_loss":0,"event_name":"FaceTrader","floor":3,"gold_loss":0},{"damage_healed":0,"gold_gain":100,"player_choice":"Pray","damage_taken":0,"max_hp_gain":0,"max_hp_loss":0,"event_name":"Golden Shrine","floor":5,"gold_loss":0}],"is_beta":false,"boss_relics":[],"items_purged_floors":[],"is_endless":false,"potions_floor_spawned":[8,13],"killed_by":"The Guardian","ascension_level":0}