{"gold_per_floor":[116,116,41,41,58,58,58,88,111,111,111,111,140,153,153,256,256,273,293,393,393,188,213,83,112,112,112,112,112,127,2,2,101,101,111,333,333,111,164,196,196,207,207,207,238,238,38,38,38,38],"floor_reached":50,"playtime":924,"items_purged":["Thunderclap","Shrug It Off","Violence","Thunderclap"],"score":691,"play_id":"d00fec81-8621-47ad-b417-8c9c3fc2f46e","local_time":"20190214223501","daily_mods":["SealedDeck","Flight"],"is_ascension_mode":false,"campfire_choices":[{"data":"Clash","floor":6.0,"key":"SMITH"},{"data":"Clash","floor":7.0,"key":"SMITH"},{"data":"Rampage","floor":10.0,"key":"SMITH"},{"data":"Carnage","floor":12.0,"key":"SMITH"},{"data":"Twin Strike","floor":15.0,"key":"SMITH"},{"data":"1","floor":27,"key":"LIFT"},{"data":"2","floor":28,"key":"LIFT"},{"data":"3","floor":32,"key":"LIFT"},{"data":"Clothesline","floor":41,"key":"PURGE"},{"data":"Battle Trance","floor":44,"key":"SMITH"},{"data":"Impatience","floor":49,"key":"SMITH"}],"neow_cost":"","seed_source_timestamp":0,"circlet_count":0,"master_deck":["Twin Strike+1","Carnage+1","Clash+1","Clash+1","Rampage+1","Twin Strike+1","Impatience+1"],"special_seed":0,"relics":["Burning Blood","NlothsMask","Dream Catcher","Bag of Preparation","Busted Crown","Peace Pipe","The Courier","Enchiridion","PreservedInsect","Meat on the Bone","Red Mask","Girya","Bag of Marbles","Philosopher\u0027s Stone","Lantern","Thread and Needle","Smiling Mask","Bronze Scales","Pen Nib","Tiny Chest","Pantograph"],"potions_floor_usage":[50,50,50],"damage_taken":[{"damage":0.0,"enemies":"2 Louse","floor":1.0,"turns":1.0},{"damage":0.0,"enemies":"Cultist","floor":5.0,"turns":1.0},{"damage":0.0,"enemies":"Lagavulin","floor":8.0,"turns":3.0},{"damage":16.0,"enemies":"3 Sentries","floor":13.0,"turns":5.0},{"damage":0.0,"enemies":"Jaw Worm","floor":14.0,"turns":1.0},{"damage":0.0,"enemies":"Slime Boss","floor":16.0,"turns":3.0},{"damage":0.0,"enemies":"Spheric Guardian","floor":18.0,"turns":1.0},{"damage":3.0,"enemies":"3 Byrds","floor":19.0,"turns":3.0},{"damage":0.0,"enemies":"Colosseum Slavers","floor":20.0,"turns":2.0},{"damage":0.0,"enemies":"Colosseum Nobs","floor":20.0,"turns":2.0},{"damage":0.0,"enemies":"Gremlin Leader","floor":23.0,"turns":1.0},{"damage":0,"enemies":"Masked Bandits","floor":25,"turns":1},{"damage":1,"enemies":"3 Cultists","floor":30,"turns":2},{"damage":20,"enemies":"Automaton","floor":33,"turns":3},{"damage":0,"enemies":"Orb Walker","floor":35,"turns":1},{"damage":12,"enemies":"2 Orb Walkers","floor":39,"turns":2},{"damage":0,"enemies":"Reptomancer","floor":40,"turns":1},{"damage":3,"enemies":"3 Shapes","floor":42,"turns":1},{"damage":0,"enemies":"Giant Head","floor":45,"turns":2},{"damage":93,"enemies":"Donu and Deca","floor":50,"turns":5}],"seed_played":"-7342613789351366989","potions_obtained":[{"floor":5.0,"key":"SkillPotion"},{"floor":8.0,"key":"EssenceOfSteel"},{"floor":14.0,"key":"Block Potion"},{"floor":29,"key":"AttackPotion"},{"floor":29,"key":"PowerPotion"}],"is_trial":true,"path_per_floor":["M","?","$","?","M","R","R","E","T","R","?","R","E","M","R","B",null,"M","M","?","?","$","E","$","?","T","R","R","?","M","$","R","B",null,"M","?","?","$","?","E","R","M","T","R","E","?","$","T","R","B"],"character_chosen":"IRONCLAD","items_purchased":["PreservedInsect","Violence","Bag of Marbles","Lantern","Impatience","Tiny Chest"],"campfire_rested":0,"item_purchase_floors":[22,24,31,38,47,47],"current_hp_per_floor":[80,80,80,80,80,80,80,80,80,80,80,80,70,76,76,80,80,80,80,80,64,64,70,70,76,76,76,76,76,80,80,80,66,80,80,80,80,80,74,80,80,80,80,80,80,80,80,80,80,0],"gold":38,"neow_bonus":"","is_prod":false,"is_daily":false,"chose_seed":false,"campfire_upgraded":7,"win_rate":0,"timestamp":1550194501,"path_taken":["M","?","?","?","?","R","R","E","T","R","?","R","E","?","R","BOSS","M","?","?","?","$","E","$","?","T","R","R","?","?","$","R","BOSS","M","?","?","$","?","E","R","?","T","R","E","?","?","?","R","BOSS"],"build_version":"2018-11-15","purchased_purges":4,"victory":false,"max_hp_per_floor":[80,80,80,80,80,80,80,80,80,80,80,80,80,80,80,80,80,80,80,80,80,80,80,80,80,80,80,80,80,80,80,80,80,80,80,80,80,80,80,80,80,80,80,80,80,80,80,80,80,80],"card_choices":[{"not_picked":["Fire Breathing","Combust","True Grit"],"picked":"SKIP","floor":1.0},{"not_picked":["Body Slam","Wild Strike","Rage"],"picked":"SKIP","floor":5.0},{"not_picked":["Rampage","Shrug It Off","Infernal Blade"],"picked":"SKIP","floor":8.0},{"not_picked":["Demon Form","Evolve","True Grit"],"picked":"SKIP","floor":13.0},{"not_picked":["Sword Boomerang","Thunderclap","Rampage"],"picked":"SKIP","floor":14.0},{"not_picked":["Cleave+1"],"picked":"SKIP","floor":18.0},{"not_picked":["Headbutt+1"],"picked":"SKIP","floor":19.0},{"not_picked":["Perfected Strike"],"picked":"SKIP","floor":23.0},{"not_picked":["Pummel"],"picked":"SKIP","floor":30},{"not_picked":["Pommel Strike+1"],"picked":"SKIP","floor":35},{"not_picked":[],"picked":"Twin Strike+1","floor":40},{"not_picked":[],"picked":"Battle Trance","floor":42},{"not_picked":["Headbutt+1"],"picked":"SKIP","floor":45}],"player_experience":139767,"relics_obtained":[{"floor":8.0,"key":"Dream Catcher"},{"floor":13.0,"key":"Bag of Preparation"},{"floor":20.0,"key":"Peace Pipe"},{"floor":20.0,"key":"The Courier"},{"floor":21.0,"key":"Enchiridion"},{"floor":23.0,"key":"Meat on the Bone"},{"floor":25,"key":"Red Mask"},{"floor":26,"key":"Girya"},{"floor":39,"key":"Thread and Needle"},{"floor":40,"key":"Smiling Mask"},{"floor":43,"key":"Bronze Scales"},{"floor":45,"key":"Pen Nib"},{"floor":48,"key":"Pantograph"}],"event_choices":[{"damage_healed":0.0,"max_hp_gain":0.0,"max_hp_loss":0.0,"gold_gain":0.0,"event_name":"FaceTrader","player_choice":"Trade","floor":2.0,"gold_loss":0.0,"damage_taken":0.0,"relics_obtained":["NlothsMask"]},{"cards_removed":["Twin Strike"],"damage_healed":0.0,"max_hp_gain":0.0,"max_hp_loss":0.0,"gold_gain":0.0,"event_name":"Living Wall","player_choice":"Forget","floor":4.0,"gold_loss":0.0,"damage_taken":0.0},{"damage_healed":0.0,"max_hp_gain":0.0,"max_hp_loss":0.0,"gold_gain":0.0,"event_name":"NoteForYourself","player_choice":"Ignored","floor":11.0,"gold_loss":0.0,"damage_taken":0.0},{"damage_healed":0.0,"max_hp_gain":0.0,"max_hp_loss":0.0,"gold_gain":0.0,"event_name":"Colosseum","player_choice":"Fight","floor":20.0,"gold_loss":0.0,"damage_taken":0.0},{"damage_healed":0.0,"max_hp_gain":0.0,"max_hp_loss":0.0,"gold_gain":0.0,"event_name":"Colosseum","player_choice":"Fought Nobs","floor":20.0,"gold_loss":0.0,"damage_taken":0.0},{"damage_healed":0.0,"max_hp_gain":0.0,"max_hp_loss":0.0,"gold_gain":0.0,"event_name":"Cursed Tome","player_choice":"Obtained Book","floor":21.0,"gold_loss":0.0,"damage_taken":16.0},{"damage_healed":0,"gold_gain":0,"player_choice":"Fought Bandits","damage_taken":0,"max_hp_gain":0,"max_hp_loss":0,"event_name":"Masked Bandits","floor":25,"gold_loss":0},{"damage_healed":0,"gold_gain":0,"player_choice":"Got Potions","damage_taken":0,"max_hp_gain":0,"max_hp_loss":0,"event_name":"Lab","floor":29,"gold_loss":0},{"damage_healed":0,"gold_gain":222,"player_choice":"Wore Mask","damage_taken":0,"max_hp_gain":0,"max_hp_loss":0,"event_name":"Tomb of Lord Red Mask","floor":36,"gold_loss":0},{"damage_healed":0,"gold_gain":0,"player_choice":"Memory 1","damage_taken":0,"max_hp_gain":0,"max_hp_loss":0,"event_name":"SensoryStone","floor":37,"gold_loss":0},{"damage_healed":0,"gold_gain":0,"player_choice":"Fight","damage_taken":0,"max_hp_gain":0,"max_hp_loss":0,"event_name":"Mysterious Sphere","floor":39,"gold_loss":0},{"cards_removed":["Battle Trance"],"damage_healed":0,"gold_gain":0,"player_choice":"Removed Skill","damage_taken":0,"max_hp_gain":0,"max_hp_loss":0,"event_name":"Falling","floor":46,"gold_loss":0}],"is_beta":false,"boss_relics":[{"not_picked":["Lizard Tail","Runic Dome"],"picked":"Busted Crown"},{"not_picked":["Eternal Feather","Runic Pyramid"],"picked":"Philosopher\u0027s Stone"}],"items_purged_floors":[3,22,38,47],"is_endless":false,"potions_floor_spawned":[5,8,14,20,20,33,35,39,45],"killed_by":"Donu and Deca","ascension_level":0}