{"gold_per_floor":[118,47,47,47,47,47,65,65,65,65,95,125,143,23,23,124,124,135,135,154,165,65,99,99,109,139,139,139,166,166,166],"floor_reached":31,"playtime":2113,"items_purged":["Defend_G","Defend_G"],"score":293,"play_id":"ee2c1599-6d0c-4961-a598-409c5626e92f","local_time":"20190120003048","is_ascension_mode":true,"campfire_choices":[{"data":"Noxious Fumes","floor":6,"key":"SMITH"},{"data":"Terror","floor":8,"key":"SMITH"},{"floor":10,"key":"REST"},{"floor":15,"key":"REST"},{"floor":24,"key":"REST"},{"floor":27,"key":"REST"}],"neow_cost":"PERCENT_DAMAGE","seed_source_timestamp":528074373293331,"circlet_count":0,"master_deck":["Defend_G","Defend_G","Defend_G","Strike_G+1","Strike_G","Strike_G","Strike_G","Survivor+1","Neutralize","Terror+1","Noxious Fumes+1","Deadly Poison","Venomology","Catalyst","Decay","Deadly Poison+1","Catalyst"],"relics":["Ring of the Serpent","WingedGreaves","Anchor","Thread and Needle","Orichalcum","Bag of Marbles","Nunchaku","Tiny Chest","MutagenicStrength","Dream Catcher"],"potions_floor_usage":[12,12,18,20,20,20,20,23,23,23,23,29,31],"damage_taken":[{"damage":0,"enemies":"Cultist","floor":1,"turns":4},{"damage":1,"enemies":"Jaw Worm","floor":7,"turns":2},{"damage":5,"enemies":"3 Sentries","floor":11,"turns":7},{"damage":16,"enemies":"Gremlin Nob","floor":12,"turns":4},{"damage":0,"enemies":"2 Louse","floor":13,"turns":2},{"damage":11,"enemies":"The Guardian","floor":16,"turns":9},{"damage":4,"enemies":"Chosen","floor":18,"turns":5},{"damage":0,"enemies":"Spheric Guardian","floor":20,"turns":3},{"damage":23,"enemies":"Centurion and Healer","floor":21,"turns":8},{"damage":27,"enemies":"Slavers","floor":23,"turns":6},{"damage":7,"enemies":"Snake Plant","floor":25,"turns":4},{"damage":18,"enemies":"Book of Stabbing","floor":29,"turns":4},{"damage":39,"enemies":"Slavers","floor":31,"turns":4}],"seed_played":"6300978216859365144","potions_obtained":[{"floor":1,"key":"Swift Potion"},{"floor":7,"key":"Ancient Potion"},{"floor":11,"key":"SkillPotion"},{"floor":13,"key":"SkillPotion"},{"floor":18,"key":"EssenceOfSteel"},{"floor":21,"key":"SteroidPotion"}],"is_trial":false,"path_per_floor":["M","$","?","?","?","R","M","R","T","R","E","E","M","$","R","B",null,"M","?","M","M","$","E","R","M","T","R","?","E","?","E"],"character_chosen":"THE_SILENT","items_purchased":["Noxious Fumes","Deadly Poison"],"campfire_rested":4,"item_purchase_floors":[2,14],"current_hp_per_floor":[49,49,31,54,40,40,39,39,39,60,55,39,39,39,60,49,70,66,66,66,43,43,16,37,30,30,51,51,33,33,0],"gold":166,"neow_bonus":"ONE_RARE_RELIC","is_prod":false,"is_daily":false,"chose_seed":false,"campfire_upgraded":2,"win_rate":0,"timestamp":1547965848,"path_taken":["M","?","?","?","?","R","?","R","T","R","E","E","M","$","R","BOSS","M","?","?","M","$","E","R","?","T","R","?","E","?","E"],"build_version":"2019-01-17v2","purchased_purges":2,"victory":false,"max_hp_per_floor":[70,70,70,70,70,70,70,70,70,70,70,70,70,70,70,70,70,70,70,70,70,70,70,70,70,70,70,70,70,70,70],"card_choices":[{"not_picked":["Infinite Blades","Poisoned Stab"],"picked":"Terror","floor":1},{"not_picked":["Dodge and Roll","Eviscerate","All Out Attack"],"picked":"SKIP","floor":7},{"not_picked":["Underhanded Strike","Sucker Punch","Grand Finale"],"picked":"SKIP","floor":11},{"not_picked":["Deflect","Endless Agony","Outmaneuver"],"picked":"SKIP","floor":12},{"not_picked":["Deflect","Heel Hook","Skewer"],"picked":"SKIP","floor":13},{"not_picked":["Storm of Steel","Doppelganger"],"picked":"Venomology","floor":16},{"not_picked":["Backflip+1","Acrobatics+1"],"picked":"Catalyst","floor":18},{"not_picked":["Quick Slash","Blade Dance","Crippling Poison"],"picked":"SKIP","floor":20},{"not_picked":["Blade Dance+1","Outmaneuver+1","Sucker Punch+1"],"picked":"SKIP","floor":21},{"not_picked":["Leg Sweep","PiercingWail+1"],"picked":"Deadly Poison+1","floor":23},{"not_picked":["Deflect","Skewer+1","Dodge and Roll"],"picked":"SKIP","floor":25},{"not_picked":["Underhanded Strike+1","Acrobatics"],"picked":"Catalyst","floor":29}],"player_experience":466128,"relics_obtained":[{"floor":9,"key":"Thread and Needle"},{"floor":11,"key":"Orichalcum"},{"floor":12,"key":"Bag of Marbles"},{"floor":23,"key":"Nunchaku"},{"floor":26,"key":"Tiny Chest"},{"floor":29,"key":"Dream Catcher"}],"event_choices":[{"damage_healed":0,"gold_gain":0,"player_choice":"Success","damage_taken":18,"relics_obtained":["Anchor"],"max_hp_gain":0,"max_hp_loss":0,"event_name":"Scrap Ooze","floor":3,"gold_loss":0},{"damage_healed":23,"gold_gain":0,"player_choice":"Banana","damage_taken":0,"max_hp_gain":0,"max_hp_loss":0,"event_name":"Big Fish","floor":4,"gold_loss":0},{"damage_healed":0,"gold_gain":0,"player_choice":"Entered Light","damage_taken":14,"max_hp_gain":0,"max_hp_loss":0,"event_name":"Shining Light","floor":5,"gold_loss":0,"cards_upgraded":["Survivor","Strike_G"]},{"damage_healed":0,"gold_gain":0,"player_choice":"Cursed","damage_taken":0,"max_hp_gain":0,"max_hp_loss":0,"event_name":"Wheel of Change","floor":19,"gold_loss":0,"cards_obtained":["Decay"]},{"damage_healed":0,"gold_gain":0,"player_choice":"Inject Mutagens","damage_taken":0,"relics_obtained":["MutagenicStrength"],"max_hp_gain":0,"max_hp_loss":0,"event_name":"Drug Dealer","floor":28,"gold_loss":0},{"cards_removed":["Strike_G"],"damage_healed":0,"gold_gain":0,"player_choice":"Elegance","damage_taken":0,"max_hp_gain":0,"max_hp_loss":0,"event_name":"Back to Basics","floor":30,"gold_loss":0}],"is_beta":false,"boss_relics":[{"not_picked":["Orrery","HoveringKite"],"picked":"Ring of the Serpent"}],"items_purged_floors":[14,22],"is_endless":false,"potions_floor_spawned":[1,7,11,13,18,21],"killed_by":"Slavers","ascension_level":1}