{"gold_per_floor":[218,117,134,149,168,168,243,243,243,263,263,282,282,292,292,368,368,382,382,34,84,95,95,110,110,136,147,160,160,177,194,194,268,268,279,154,26,42,59,59,79,79,104,121,121],"floor_reached":45,"playtime":1614,"items_purged":["Defend_R","Strike_R","Strike_R"],"score":723,"play_id":"9490b861-89a4-4038-93e8-c0ba8ad62e4e","local_time":"20190210214327","is_ascension_mode":true,"campfire_choices":[{"data":"Rampage","floor":6.0,"key":"SMITH"},{"data":"Flame Barrier","floor":11.0,"key":"SMITH"},{"data":"Metallicize","floor":13.0,"key":"SMITH"},{"data":"Bash","floor":15.0,"key":"SMITH"},{"data":"Double Tap","floor":23.0,"key":"SMITH"},{"data":"Leg Sweep","floor":25.0,"key":"SMITH"},{"floor":29.0,"key":"REST"},{"floor":32.0,"key":"REST"},{"data":"Shrug It Off","floor":40.0,"key":"SMITH"},{"floor":42.0,"key":"REST"}],"neow_cost":"NONE","seed_source_timestamp":82849614128945,"circlet_count":0,"master_deck":["AscendersBane","Strike_R","Defend_R","Defend_R","Defend_R","Bash+1","Flame Barrier+1","Shrug It Off+1","Rampage+1","Metallicize+1","Headbutt","Double Tap+1","Headbutt","Leg Sweep+1","Finesse","Violence","Auto Shields+1","White Noise+1"],"special_seed":0,"relics":["Burning Blood","Singing Bowl","Sozu","PrismaticShard","Empty Cage","Smiling Mask","Oddly Smooth Stone"],"potions_floor_usage":[],"damage_taken":[{"damage":2.0,"enemies":"2 Louse","floor":1.0,"turns":3.0},{"damage":2.0,"enemies":"Cultist","floor":3.0,"turns":4.0},{"damage":0.0,"enemies":"Small Slimes","floor":4.0,"turns":4.0},{"damage":12.0,"enemies":"3 Louse","floor":5.0,"turns":6.0},{"damage":23.0,"enemies":"Exordium Thugs","floor":10.0,"turns":5.0},{"damage":10.0,"enemies":"Exordium Wildlife","floor":12.0,"turns":6.0},{"damage":12.0,"enemies":"Lots of Slimes","floor":14.0,"turns":4.0},{"damage":12.0,"enemies":"The Guardian","floor":16.0,"turns":11.0},{"damage":17.0,"enemies":"Shell Parasite","floor":18.0,"turns":4.0},{"damage":7.0,"enemies":"Chosen","floor":22.0,"turns":3.0},{"damage":27.0,"enemies":"Centurion and Healer","floor":24.0,"turns":5.0},{"damage":13.0,"enemies":"3 Cultists","floor":27.0,"turns":5.0},{"damage":19.0,"enemies":"Snake Plant","floor":28.0,"turns":3.0},{"damage":9.0,"enemies":"Chosen and Byrds","floor":30.0,"turns":6.0},{"damage":9.0,"enemies":"Centurion and Healer","floor":31.0,"turns":5.0},{"damage":25.0,"enemies":"Champ","floor":33.0,"turns":8.0},{"damage":0.0,"enemies":"3 Shapes","floor":35.0,"turns":10.0},{"damage":1.0,"enemies":"Orb Walker","floor":38.0,"turns":4.0},{"damage":34.0,"enemies":"Maw","floor":39.0,"turns":8.0},{"damage":30.0,"enemies":"Spire Growth","floor":41.0,"turns":5.0},{"damage":16.0,"enemies":"Writhing Mass","floor":44.0,"turns":5.0},{"damage":60,"enemies":"Giant Head","floor":45,"turns":8}],"seed_played":"395196355168787443","potions_obtained":[{"floor":3.0,"key":"Ancient Potion"},{"floor":4.0,"key":"BloodPotion"},{"floor":8.0,"key":"Strength Potion"},{"floor":10.0,"key":"Ancient Potion"},{"floor":12.0,"key":"BloodPotion"}],"is_trial":false,"path_per_floor":["M","$","M","M","M","R","?","?","T","M","R","M","R","M","R","B",null,"M","?","$","?","M","R","M","R","T","M","M","R","M","M","R","B",null,"M","$","?","M","M","R","M","R","T","M","E"],"character_chosen":"IRONCLAD","items_purchased":["Shrug It Off","Headbutt","PrismaticShard"],"campfire_rested":3,"item_purchase_floors":[2,20,20],"current_hp_per_floor":[72,72,75,75,69,69,58,58,58,48,48,44,44,47,47,41,68,59,59,59,59,60,60,39,39,39,34,23,48,45,44,70,51,78,84,84,84,89,63,63,41,68,68,58,0],"gold":121,"neow_bonus":"HUNDRED_GOLD","is_prod":false,"is_daily":false,"chose_seed":false,"campfire_upgraded":7,"win_rate":0,"timestamp":1549845807,"path_taken":["M","$","M","M","M","R","?","?","T","?","R","M","R","M","R","BOSS","M","?","$","?","M","R","M","R","T","M","M","R","M","?","R","BOSS","M","$","?","M","M","R","M","R","T","?","E"],"build_version":"2018-11-15","purchased_purges":3,"victory":false,"max_hp_per_floor":[75,75,75,75,75,75,75,75,75,75,75,75,75,77,77,77,77,79,79,79,79,81,81,81,81,81,83,85,85,85,87,87,87,87,87,87,87,89,91,91,93,93,93,93,93],"card_choices":[{"not_picked":["Sword Boomerang","Iron Wave"],"picked":"Flame Barrier","floor":1.0},{"not_picked":["Corruption","Seeing Red"],"picked":"Rampage","floor":3.0},{"not_picked":["Pommel Strike","Armaments","Wild Strike"],"picked":"SKIP","floor":4.0},{"not_picked":["Warcry","Power Through","Clash"],"picked":"SKIP","floor":5.0},{"not_picked":["Shrug It Off","Thunderclap"],"picked":"Metallicize","floor":10.0},{"not_picked":["Iron Wave","Flex"],"picked":"Headbutt","floor":12.0},{"not_picked":["Corruption","Rupture","Pommel Strike"],"picked":"Singing Bowl","floor":14.0},{"not_picked":["Demon Form","Feed"],"picked":"Double Tap","floor":16.0},{"not_picked":["Corruption","Warcry","Thunderclap"],"picked":"Singing Bowl","floor":18.0},{"not_picked":["Cloak And Dagger","Blur","Prepared"],"picked":"Singing Bowl","floor":22.0},{"not_picked":["Fusion","Dodge and Roll"],"picked":"Leg Sweep","floor":24.0},{"not_picked":["Auto Shields","Auto Shields","Compile Driver"],"picked":"Singing Bowl","floor":27.0},{"not_picked":["Flying Knee","Havoc","Blood for Blood+1"],"picked":"Singing Bowl","floor":28.0},{"not_picked":["Dagger Spray","Perfected Strike"],"picked":"Finesse","floor":30.0},{"not_picked":["Ball Lightning","Rebound","Blade Dance"],"picked":"Singing Bowl","floor":31.0},{"not_picked":["Reaper","Electrodynamics"],"picked":"Violence","floor":33.0},{"not_picked":["Deadly Poison+1","Reinforced Body"],"picked":"Auto Shields+1","floor":35.0},{"not_picked":["Blizzard+1","Deadly Poison","Blade Dance"],"picked":"Singing Bowl","floor":38.0},{"not_picked":["Redo","Pommel Strike+1","Dropkick"],"picked":"Singing Bowl","floor":39.0},{"not_picked":["Clash+1","Defragment","Reboot"],"picked":"Singing Bowl","floor":41.0},{"not_picked":["Leap","Warcry"],"picked":"White Noise+1","floor":44.0}],"player_experience":129474,"relics_obtained":[{"floor":9.0,"key":"Singing Bowl"},{"floor":43.0,"key":"Oddly Smooth Stone"}],"event_choices":[{"damage_healed":0.0,"max_hp_gain":0.0,"max_hp_loss":0.0,"gold_gain":75.0,"event_name":"World of Goop","player_choice":"Gather Gold","floor":7.0,"gold_loss":0.0,"damage_taken":11.0},{"damage_healed":0.0,"max_hp_gain":0.0,"max_hp_loss":0.0,"gold_gain":0.0,"event_name":"Lab","player_choice":"Got Potions","floor":8.0,"gold_loss":0.0,"damage_taken":0.0},{"damage_healed":0.0,"max_hp_gain":0.0,"max_hp_loss":0.0,"gold_gain":0.0,"event_name":"The Mausoleum","player_choice":"Ignored","floor":19.0,"gold_loss":0.0,"damage_taken":0.0},{"damage_healed":0.0,"max_hp_gain":0.0,"max_hp_loss":0.0,"gold_gain":50.0,"event_name":"Nest","player_choice":"Stole From Cult","floor":21.0,"gold_loss":0.0,"damage_taken":0.0},{"damage_healed":0.0,"max_hp_gain":0.0,"max_hp_loss":0.0,"gold_gain":0.0,"event_name":"WeMeetAgain","player_choice":"Paid Gold","floor":37.0,"gold_loss":128.0,"damage_taken":0.0,"relics_obtained":["Smiling Mask"]}],"is_beta":false,"boss_relics":[{"not_picked":["Runic Dome","White Beast Statue"],"picked":"Sozu"},{"not_picked":["Velvet Choker","Eternal Feather"],"picked":"Empty Cage"}],"items_purged_floors":[2,20,36],"is_endless":false,"potions_floor_spawned":[3,4,5,10,12,18,24,27,31,35,38,39],"killed_by":"Giant Head","ascension_level":15}