{"gold_per_floor":[214,237,247,138,138,166,166,179,247,262,292,309,338,353,353,450,450,461,474,474,489,68,68,96,96,119,130,158,174,174,201,201,300,300,320,332,332,332,7,34,44,44,44,57,157,5,21,21,21,21],"floor_reached":51,"playtime":3914,"items_purged":[],"score":757,"play_id":"85e5984a-62ca-4403-bb60-da3166e59399","local_time":"20190204102623","is_ascension_mode":false,"campfire_choices":[{"data":"Blood for Blood","floor":7.0,"key":"SMITH"},{"data":"Clothesline","floor":15.0,"key":"SMITH"},{"data":"Barricade","floor":23.0,"key":"SMITH"},{"floor":30.0,"key":"REST"},{"data":"Rupture","floor":32.0,"key":"SMITH"},{"floor":42.0,"key":"REST"},{"floor":49.0,"key":"REST"}],"neow_cost":"NONE","seed_source_timestamp":37241949811935,"circlet_count":0,"master_deck":["Strike_R+1","Strike_R+1","Strike_R+1","Defend_R+1","Defend_R+1","Defend_R+1","Defend_R+1","Bash","Clothesline+1","Blood for Blood+1","Shrug It Off","Dramatic Entrance","Dropkick+1","Headbutt+1","Cleave+1","Uppercut+1","Bludgeon+1","Barricade+1","Rampage+1","Spot Weakness+1","Dual Wield","Magnetism","Clothesline+1","Reckless Charge+1","Rupture+1","Hemokinesis+1","Metallicize","Juggernaut","Infernal Blade+1","Demon Form","Metallicize+1","Finesse","Master of Strategy","Dark Shackles","Madness","Madness","Finesse","Second Wind+1","Rupture+1","Power Through+1"],"special_seed":0,"relics":["Burning Blood","Oddly Smooth Stone","Molten Egg 2","Paper Frog","PreservedInsect","Torii","Eternal Feather","Anchor","Dream Catcher","Strawberry","Pen Nib","Question Card","Mark of Pain","Ornamental Fan","Smiling Mask","Unceasing Top","Dead Branch","Vajra"],"potions_floor_usage":[],"damage_taken":[{"damage":5.0,"enemies":"Cultist","floor":1.0,"turns":4.0},{"damage":3.0,"enemies":"Jaw Worm","floor":3.0,"turns":4.0},{"damage":13.0,"enemies":"Lagavulin","floor":6.0,"turns":7.0},{"damage":0.0,"enemies":"2 Louse","floor":8.0,"turns":2.0},{"damage":0.0,"enemies":"Exordium Wildlife","floor":10.0,"turns":2.0},{"damage":10.0,"enemies":"Gremlin Nob","floor":11.0,"turns":3.0},{"damage":0.0,"enemies":"Large Slime","floor":12.0,"turns":4.0},{"damage":3.0,"enemies":"3 Sentries","floor":13.0,"turns":4.0},{"damage":12.0,"enemies":"Blue Slaver","floor":14.0,"turns":2.0},{"damage":38.0,"enemies":"Slime Boss","floor":16.0,"turns":9.0},{"damage":3.0,"enemies":"Chosen","floor":18.0,"turns":5.0},{"damage":13.0,"enemies":"Shell Parasite","floor":19.0,"turns":9.0},{"damage":13.0,"enemies":"Centurion and Healer","floor":21.0,"turns":5.0},{"damage":16.0,"enemies":"Slavers","floor":24.0,"turns":5.0},{"damage":0.0,"enemies":"Snake Plant","floor":27.0,"turns":2.0},{"damage":13.0,"enemies":"Gremlin Leader","floor":28.0,"turns":4.0},{"damage":33.0,"enemies":"3 Cultists","floor":29.0,"turns":6.0},{"damage":19.0,"enemies":"Slavers","floor":31.0,"turns":5.0},{"damage":19.0,"enemies":"Champ","floor":33.0,"turns":9.0},{"damage":14.0,"enemies":"3 Shapes","floor":35.0,"turns":3.0},{"damage":9.0,"enemies":"Orb Walker","floor":36.0,"turns":3.0},{"damage":8.0,"enemies":"Nemesis","floor":40.0,"turns":5.0},{"damage":37.0,"enemies":"Maw","floor":41.0,"turns":9.0},{"damage":10.0,"enemies":"4 Shapes","floor":44.0,"turns":3.0},{"damage":17.0,"enemies":"Mind Bloom Boss Battle","floor":45.0,"turns":6.0},{"damage":37.0,"enemies":"Jaw Worm Horde","floor":47.0,"turns":4.0},{"damage":50,"enemies":"Donu and Deca","floor":50,"turns":7}],"seed_played":"6710594871778389495","potions_obtained":[{"floor":1.0,"key":"Energy Potion"},{"floor":10.0,"key":"Explosive Potion"},{"floor":11.0,"key":"Block Potion"},{"floor":24.0,"key":"Poison Potion"},{"floor":27.0,"key":"BloodPotion"},{"floor":28.0,"key":"Ancient Potion"},{"floor":40.0,"key":"Poison Potion"},{"floor":41.0,"key":"Ancient Potion"},{"floor":44.0,"key":"Weak Potion"},{"floor":47.0,"key":"Swift Potion"}],"is_trial":false,"path_per_floor":["M","T","M","$","?","E","R","M","T","M","E","M","E","M","R","B",null,"M","M","?","M","$","R","E","?","T","M","E","M","R","E","R","B",null,"M","M","?","?","$","E","M","R","T","M","?","$","M","?","R","B",null],"character_chosen":"IRONCLAD","items_purchased":["Shrug It Off","Dramatic Entrance","Magnetism","Anchor","Clothesline+1","Reckless Charge+1","Ornamental Fan","Finesse","Vajra"],"campfire_rested":3,"item_purchase_floors":[4,4,22,22,22,22,39,39,46],"current_hp_per_floor":[80,80,80,80,80,73,73,79,79,80,76,80,80,74,74,42,80,80,73,73,66,66,78,68,68,75,81,74,47,87,74,87,74,87,79,76,66,55,55,53,30,77,77,73,62,62,31,31,78,34],"gold":21,"neow_bonus":"HUNDRED_GOLD","is_prod":false,"is_daily":false,"chose_seed":false,"campfire_upgraded":4,"win_rate":0.0,"timestamp":1549265183,"path_taken":["M","?","M","$","?","E","R","M","T","M","E","M","E","M","R","BOSS","M","M","?","?","$","R","E","?","T","M","E","M","R","E","R","BOSS","M","M","?","?","$","E","M","R","T","M","?","?","?","?","R","BOSS"],"build_version":"2019-01-23","purchased_purges":0,"victory":true,"max_hp_per_floor":[80,80,80,80,80,80,80,80,80,80,80,80,80,80,80,80,80,80,80,80,80,80,80,80,80,87,87,87,87,87,87,87,87,87,87,87,87,87,87,87,87,87,87,87,87,87,87,87,87,87],"card_choices":[{"not_picked":["Feel No Pain","Corruption"],"picked":"Clothesline","floor":1.0},{"not_picked":["Bloodletting","Flex"],"picked":"Blood for Blood","floor":3.0},{"not_picked":["Twin Strike","Anger"],"picked":"Dropkick","floor":6.0},{"not_picked":["Battle Trance","Offering"],"picked":"Headbutt+1","floor":8.0},{"not_picked":["Sever Soul+1","Corruption"],"picked":"Cleave+1","floor":10.0},{"not_picked":["Whirlwind+1","Body Slam+1"],"picked":"Uppercut+1","floor":11.0},{"not_picked":["Metallicize","Body Slam+1","Rampage+1"],"picked":"SKIP","floor":12.0},{"not_picked":["Sever Soul+1","Body Slam+1"],"picked":"Bludgeon+1","floor":13.0},{"not_picked":["Flex","Carnage+1","Iron Wave+1"],"picked":"SKIP","floor":14.0},{"not_picked":["Offering","Limit Break"],"picked":"Barricade","floor":16.0},{"not_picked":["Warcry+1","Ghostly Armor"],"picked":"Rampage+1","floor":18.0},{"not_picked":["Cleave+1","Carnage+1"],"picked":"Spot Weakness+1","floor":19.0},{"not_picked":["Shrug It Off+1","Clothesline+1"],"picked":"Dual Wield","floor":21.0},{"not_picked":["Clothesline+1","Anger+1"],"picked":"Rupture","floor":24.0},{"not_picked":["Metallicize","Thunderclap+1"],"picked":"Hemokinesis+1","floor":27.0},{"not_picked":["Iron Wave+1","Warcry"],"picked":"Metallicize","floor":28.0},{"not_picked":["Flex","Second Wind","Wild Strike+1"],"picked":"SKIP","floor":29.0},{"not_picked":["Bloodletting","Perfected Strike+1"],"picked":"Juggernaut","floor":30.0},{"not_picked":["Battle Trance","True Grit"],"picked":"Infernal Blade+1","floor":31.0},{"not_picked":["Fiend Fire+1","Double Tap","Bludgeon+1"],"picked":"Demon Form","floor":33.0},{"not_picked":["Perfected Strike+1","Clash+1","Heavy Blade+1"],"picked":"Metallicize+1","floor":35.0},{"not_picked":["Perfected Strike+1","Wild Strike+1","Twin Strike+1"],"picked":"Reckless Charge+1","floor":36.0},{"not_picked":["Apotheosis","Blind","Panacea"],"picked":"Finesse","floor":37.0},{"not_picked":["Secret Technique","Thinking Ahead","HandOfGreed+1"],"picked":"Master of Strategy","floor":37.0},{"not_picked":["Bandage Up","The Bomb","Metamorphosis"],"picked":"Dark Shackles","floor":37.0},{"not_picked":["Pummel+1","Wild Strike+1","Perfected Strike+1","Thunderclap+1"],"picked":"SKIP","floor":40.0},{"not_picked":["Power Through+1","Body Slam+1","Twin Strike+1"],"picked":"Second Wind+1","floor":41.0},{"not_picked":["Corruption","Clothesline+1","Anger+1"],"picked":"Rupture+1","floor":44.0},{"not_picked":["Sword Boomerang+1","Battle Trance+1","Heavy Blade+1","Iron Wave+1"],"picked":"SKIP","floor":47.0},{"not_picked":["Headbutt+1","Reaper+1","Sentinel+1"],"picked":"Power Through+1","floor":49.0}],"player_experience":159748,"relics_obtained":[{"floor":2.0,"key":"Oddly Smooth Stone"},{"floor":6.0,"key":"Molten Egg 2"},{"floor":9.0,"key":"Paper Frog"},{"floor":11.0,"key":"PreservedInsect"},{"floor":13.0,"key":"Torii"},{"floor":24.0,"key":"Dream Catcher"},{"floor":26.0,"key":"Strawberry"},{"floor":28.0,"key":"Pen Nib"},{"floor":31.0,"key":"Question Card"},{"floor":40.0,"key":"Smiling Mask"},{"floor":43.0,"key":"Unceasing Top"},{"floor":45.0,"key":"Dead Branch"}],"event_choices":[{"cards_removed":["Strike_R"],"damage_healed":0.0,"max_hp_gain":0.0,"max_hp_loss":0.0,"gold_gain":0.0,"event_name":"Purifier","player_choice":"Purged","floor":5.0,"gold_loss":0.0,"damage_taken":0.0},{"cards_removed":["Strike_R"],"damage_healed":0.0,"max_hp_gain":0.0,"max_hp_loss":0.0,"gold_gain":0.0,"event_name":"Purifier","player_choice":"Purged","floor":20.0,"gold_loss":0.0,"damage_taken":0.0},{"damage_healed":0.0,"max_hp_gain":0.0,"max_hp_loss":0.0,"gold_gain":0.0,"event_name":"Back to Basics","player_choice":"Simplicity","floor":25.0,"gold_loss":0.0,"damage_taken":0.0,"cards_upgraded":["Strike_R","Strike_R","Strike_R","Defend_R","Defend_R","Defend_R","Defend_R"]},{"damage_healed":0.0,"max_hp_gain":0.0,"max_hp_loss":0.0,"gold_gain":0.0,"event_name":"SensoryStone","player_choice":"Memory 3","floor":37.0,"gold_loss":0.0,"damage_taken":10.0},{"damage_healed":0.0,"max_hp_gain":0.0,"max_hp_loss":0.0,"gold_gain":0.0,"event_name":"Winding Halls","player_choice":"Embrace Madness","floor":38.0,"gold_loss":0.0,"damage_taken":11.0,"cards_obtained":["Madness","Madness"]},{"damage_healed":0.0,"max_hp_gain":0.0,"max_hp_loss":0.0,"gold_gain":0.0,"event_name":"MindBloom","player_choice":"Fight","floor":45.0,"gold_loss":0.0,"damage_taken":0.0},{"cards_removed":["Reckless Charge"],"damage_healed":0.0,"max_hp_gain":0.0,"max_hp_loss":0.0,"gold_gain":0.0,"event_name":"Falling","player_choice":"Removed Attack","floor":48.0,"gold_loss":0.0,"damage_taken":0.0}],"is_beta":false,"boss_relics":[{"not_picked":["Runic Dome","Fusion Hammer"],"picked":"Eternal Feather"},{"not_picked":["Runic Pyramid","White Beast Statue"],"picked":"Mark of Pain"}],"items_purged_floors":[],"is_endless":false,"potions_floor_spawned":[1,10,11,13,16,21,24,27,28,31,40,41,44,47],"ascension_level":0}