{"gold_per_floor":[110,128,140,240,257,257,268,268,268,279,340,305,305,325,325,425,425,425,425,425,425,61,61,1,1,1,1,1,1,1,1,1,1,1,1,1,1,1,0,0,0,0],"floor_reached":42,"playtime":2747,"items_purged":[],"score":469,"play_id":"16a848ad-f884-47c2-a441-f8daccf1dcc9","local_time":"20190204174105","is_ascension_mode":false,"campfire_choices":[{"data":"Searing Blow","floor":6.0,"key":"SMITH"},{"data":"Searing Blow+1","floor":8.0,"key":"SMITH"},{"data":"Searing Blow+2","floor":13.0,"key":"SMITH"},{"floor":15.0,"key":"REST"},{"floor":23.0,"key":"REST"},{"floor":28.0,"key":"REST"},{"floor":30.0,"key":"REST"},{"data":"Searing Blow+3","floor":32.0,"key":"SMITH"},{"floor":41.0,"key":"REST"}],"neow_cost":"NONE","seed_source_timestamp":0,"circlet_count":0,"master_deck":["Defend_R","Defend_R","Defend_R","Defend_R","Bash","Searing Blow+4","Thunderclap","Seeing Red","Rampage+1","Feed","Armaments","Uppercut","Thunderclap+1","Bite","Bite","Bite","Bite","Bite","Impervious","Heavy Blade+1","Mayhem","Apotheosis","Bandage Up","Second Wind+1","Wild Strike+1"],"special_seed":0,"relics":["Black Blood","Strawberry","Tiny Chest","Ectoplasm","Enchiridion","Whetstone","Happy Flower","Toolbox","Gremlin Horn","Red Skull","Bronze Scales","Dead Branch","Red Mask","MawBank"],"potions_floor_usage":[42],"damage_taken":[{"damage":8.0,"enemies":"Jaw Worm","floor":1.0,"turns":5.0},{"damage":10.0,"enemies":"Cultist","floor":2.0,"turns":4.0},{"damage":8.0,"enemies":"Small Slimes","floor":3.0,"turns":3.0},{"damage":20.0,"enemies":"Exordium Wildlife","floor":5.0,"turns":7.0},{"damage":15.0,"enemies":"Looter","floor":7.0,"turns":3.0},{"damage":19.0,"enemies":"Blue Slaver","floor":10.0,"turns":3.0},{"damage":38.0,"enemies":"3 Sentries","floor":11.0,"turns":7.0},{"damage":16.0,"enemies":"2 Fungi Beasts","floor":14.0,"turns":3.0},{"damage":29.0,"enemies":"Slime Boss","floor":16.0,"turns":9.0},{"damage":25.0,"enemies":"3 Byrds","floor":18.0,"turns":6.0},{"damage":17.0,"enemies":"Colosseum Slavers","floor":20.0,"turns":5.0},{"damage":25.0,"enemies":"2 Thieves","floor":24.0,"turns":4.0},{"damage":57.0,"enemies":"Slavers","floor":25.0,"turns":5.0},{"damage":13.0,"enemies":"Shelled Parasite and Fungi","floor":27.0,"turns":4.0},{"damage":46.0,"enemies":"Collector","floor":33.0,"turns":6.0},{"damage":15.0,"enemies":"Orb Walker","floor":35.0,"turns":2.0},{"damage":25.0,"enemies":"3 Shapes","floor":37.0,"turns":4.0},{"damage":13.0,"enemies":"Mind Bloom Boss Battle","floor":38.0,"turns":8.0},{"damage":51.0,"enemies":"Nemesis","floor":40.0,"turns":7.0},{"damage":97,"enemies":"Reptomancer","floor":42,"turns":2}],"seed_played":"4313225478519273414","potions_obtained":[{"floor":3.0,"key":"SteroidPotion"},{"floor":5.0,"key":"Fire Potion"},{"floor":10.0,"key":"Ancient Potion"},{"floor":16.0,"key":"SpeedPotion"},{"floor":33.0,"key":"Explosive Potion"},{"floor":40.0,"key":"LiquidBronze"}],"is_trial":false,"path_per_floor":["M","M","M","?","M","R","M","R","T","M","E","?","R","M","R","B",null,"M","?","?","T","$","R","M","E","T","M","R","T","R","?","R","B",null,"M","?","M","?","?","E","R","E"],"character_chosen":"IRONCLAD","items_purchased":["Happy Flower","Toolbox"],"campfire_rested":5,"item_purchase_floors":[22,22],"current_hp_per_floor":[86,82,80,80,66,66,57,57,64,51,19,42,42,32,60,37,95,76,60,52,52,52,81,62,14,14,10,41,41,72,72,72,45,72,72,62,55,79,79,51,74,0],"gold":0,"neow_bonus":"TEN_PERCENT_HP_BONUS","is_prod":false,"is_daily":false,"chose_seed":false,"campfire_upgraded":4,"win_rate":0,"timestamp":1549291265,"path_taken":["M","M","M","?","?","R","M","R","T","M","E","?","R","M","R","BOSS","M","?","?","?","$","R","M","E","T","M","R","?","R","?","R","BOSS","M","?","M","?","?","E","R","E"],"build_version":"2019-01-23","purchased_purges":0,"victory":false,"max_hp_per_floor":[88,88,88,88,88,88,88,88,95,95,95,95,95,95,95,95,95,95,95,98,98,98,98,98,101,101,104,104,104,104,72,72,72,72,75,75,75,79,79,79,79,79],"card_choices":[{"not_picked":["Sword Boomerang","Wild Strike"],"picked":"Searing Blow","floor":1.0},{"not_picked":["Sever Soul","Power Through"],"picked":"Thunderclap","floor":2.0},{"not_picked":["Havoc","True Grit","Clash"],"picked":"SKIP","floor":3.0},{"not_picked":["Evolve","Clash"],"picked":"Seeing Red","floor":5.0},{"not_picked":["Headbutt","Sword Boomerang","Feel No Pain"],"picked":"SKIP","floor":7.0},{"not_picked":["Clash","Shrug It Off","Sever Soul"],"picked":"SKIP","floor":10.0},{"not_picked":["Clash","Fire Breathing","Cleave"],"picked":"SKIP","floor":11.0},{"not_picked":["Flame Barrier","Havoc"],"picked":"Rampage","floor":14.0},{"not_picked":["Juggernaut","Immolate"],"picked":"Feed","floor":16.0},{"not_picked":["Flex+1","Wild Strike"],"picked":"Armaments","floor":18.0},{"not_picked":["Sentinel+1","Sword Boomerang+1","Heavy Blade"],"picked":"SKIP","floor":24.0},{"not_picked":["Cleave","Heavy Blade+1"],"picked":"Uppercut","floor":25.0},{"not_picked":["Pommel Strike","Cleave"],"picked":"Thunderclap+1","floor":27.0},{"not_picked":["Berserk","Bludgeon"],"picked":"Impervious","floor":33.0},{"not_picked":["Evolve+1","Clash"],"picked":"Heavy Blade+1","floor":35.0},{"not_picked":["Bandage Up","Blind"],"picked":"Mayhem","floor":36.0},{"not_picked":["PanicButton","Panacea"],"picked":"Apotheosis","floor":36.0},{"not_picked":["Purity","Impatience"],"picked":"Bandage Up","floor":36.0},{"not_picked":["Clash","Wild Strike"],"picked":"Second Wind+1","floor":37.0},{"not_picked":["Headbutt","Shrug It Off"],"picked":"Wild Strike+1","floor":38.0},{"not_picked":["Cleave+1","Evolve+1","Anger"],"picked":"SKIP","floor":40.0}],"player_experience":181186,"relics_obtained":[{"floor":9.0,"key":"Strawberry"},{"floor":11.0,"key":"Tiny Chest"},{"floor":19.0,"key":"Enchiridion"},{"floor":21.0,"key":"Whetstone"},{"floor":25.0,"key":"Gremlin Horn"},{"floor":26.0,"key":"Red Skull"},{"floor":29.0,"key":"Bronze Scales"},{"floor":38.0,"key":"Dead Branch"},{"floor":40.0,"key":"MawBank"}],"event_choices":[{"damage_healed":0.0,"max_hp_gain":0.0,"max_hp_loss":0.0,"gold_gain":100.0,"event_name":"Wheel of Change","player_choice":"Gold","floor":4.0,"gold_loss":0.0,"damage_taken":0.0},{"damage_healed":23.0,"max_hp_gain":0.0,"max_hp_loss":0.0,"gold_gain":0.0,"event_name":"The Cleric","player_choice":"Healed","floor":12.0,"gold_loss":35.0,"damage_taken":0.0},{"damage_healed":0.0,"max_hp_gain":0.0,"max_hp_loss":0.0,"gold_gain":0.0,"event_name":"Cursed Tome","player_choice":"Obtained Book","floor":19.0,"gold_loss":0.0,"damage_taken":16.0},{"damage_healed":0.0,"max_hp_gain":0.0,"max_hp_loss":0.0,"gold_gain":0.0,"event_name":"Colosseum","player_choice":"Fight","floor":20.0,"gold_loss":0.0,"damage_taken":0.0},{"damage_healed":0.0,"max_hp_gain":0.0,"max_hp_loss":0.0,"gold_gain":0.0,"event_name":"Colosseum","player_choice":"Fled From Nobs","floor":20.0,"gold_loss":0.0,"damage_taken":0.0},{"damage_healed":0.0,"max_hp_gain":0.0,"max_hp_loss":32.0,"gold_gain":0.0,"event_name":"Vampires","player_choice":"Became a vampire","floor":31.0,"gold_loss":0.0,"damage_taken":0.0,"cards_obtained":["Bite","Bite","Bite","Bite","Bite"]},{"damage_healed":0.0,"max_hp_gain":0.0,"max_hp_loss":0.0,"gold_gain":0.0,"event_name":"SensoryStone","player_choice":"Memory 3","floor":36.0,"gold_loss":0.0,"damage_taken":10.0},{"damage_healed":0.0,"max_hp_gain":0.0,"max_hp_loss":0.0,"gold_gain":0.0,"event_name":"MindBloom","player_choice":"Fight","floor":38.0,"gold_loss":0.0,"damage_taken":0.0},{"damage_healed":0.0,"max_hp_gain":0.0,"max_hp_loss":0.0,"gold_gain":0.0,"event_name":"Tomb of Lord Red Mask","player_choice":"Paid","floor":39.0,"gold_loss":1.0,"damage_taken":0.0,"relics_obtained":["Red Mask"]}],"is_beta":false,"boss_relics":[{"not_picked":["Orrery","Eternal Feather"],"picked":"Ectoplasm"},{"not_picked":["Runic Pyramid","Lizard Tail"],"picked":"Black Blood"}],"items_purged_floors":[],"is_endless":false,"potions_floor_spawned":[3,5,10,11,16,18,20,33,40],"killed_by":"Reptomancer","ascension_level":0}