{"gold_per_floor":[119,43,54,72,82,82,82,107,134,134,152,162,162,189,189,286,286,303,321,338,338,338,338,348,348,348,363,363,375,406,3,3,101,151,169,169,181,181,192,192,204,144,169,169,195,210,222,248,248,248],"floor_reached":50,"playtime":4969,"items_purged":["Decay"],"score":561,"play_id":"bd123e0c-f9f3-4b9b-b07d-a786370b18d0","local_time":"20190628014253","is_ascension_mode":false,"campfire_choices":[{"data":"Spot Weakness","floor":6,"key":"SMITH"},{"floor":10,"key":"REST"},{"floor":15,"key":"REST"},{"floor":23,"key":"REST"},{"floor":25,"key":"REST"},{"floor":28,"key":"REST"},{"floor":32,"key":"REST"},{"floor":40,"key":"REST"},{"floor":44,"key":"REST"},{"floor":49,"key":"REST"}],"neow_cost":"NONE","seed_source_timestamp":1309703382319359,"circlet_count":0,"master_deck":["Strike_R","Strike_R","Strike_R","Strike_R","Defend_R","Defend_R","Defend_R","Bash+1","Pommel Strike","Armaments","Clothesline","Spot Weakness+1","Seeing Red","Pommel Strike","Limit Break","Bash","Sword Boomerang","Perfected Strike","Anger","Sword Boomerang","Impervious","Rampage+1","Reckless Charge+1","Sword Boomerang","Fiend Fire","Anger+1","Disarm","Shrug It Off","Barricade","Heavy Blade","Flame Barrier+1","Metallicize+1","Parasite","Dual Wield+1","Rage+1","Double Tap","Dual Wield","Thunderclap","Cleave+1","Perfected Strike+1","Searing Blow+1"],"relics":["Burning Blood","Juzu Bracelet","Boot","Omamori","Anchor","Darkstone Periapt","Velvet Choker","Enchiridion","Ginger","Happy Flower","Incense Burner","Tiny House","Lantern","Red Skull","Potion Belt"],"potions_floor_usage":[8,8,16,29,29,30,41,50,50],"damage_taken":[{"damage":0,"enemies":"Cultist","floor":1,"turns":4},{"damage":0,"enemies":"Small Slimes","floor":3,"turns":4},{"damage":4,"enemies":"Jaw Worm","floor":4,"turns":4},{"damage":14,"enemies":"Blue Slaver","floor":5,"turns":3},{"damage":39,"enemies":"Lagavulin","floor":8,"turns":7},{"damage":13,"enemies":"Exordium Wildlife","floor":11,"turns":4},{"damage":10,"enemies":"2 Fungi Beasts","floor":12,"turns":3},{"damage":20,"enemies":"3 Sentries","floor":14,"turns":5},{"damage":51,"enemies":"Slime Boss","floor":16,"turns":11},{"damage":17,"enemies":"2 Thieves","floor":18,"turns":4},{"damage":28,"enemies":"3 Byrds","floor":19,"turns":5},{"damage":18,"enemies":"Snake Plant","floor":20,"turns":4},{"damage":19,"enemies":"Shelled Parasite and Fungi","floor":24,"turns":5},{"damage":12,"enemies":"3 Cultists","floor":27,"turns":5},{"damage":8,"enemies":"Centurion and Healer","floor":29,"turns":5},{"damage":49,"enemies":"Gremlin Leader","floor":30,"turns":8},{"damage":50,"enemies":"Collector","floor":33,"turns":6},{"damage":74,"enemies":"3 Darklings","floor":35,"turns":9},{"damage":3,"enemies":"3 Shapes","floor":37,"turns":3},{"damage":29,"enemies":"Writhing Mass","floor":39,"turns":5},{"damage":33,"enemies":"Transient","floor":41,"turns":5},{"damage":16,"enemies":"Reptomancer","floor":45,"turns":8},{"damage":55,"enemies":"Jaw Worm Horde","floor":46,"turns":5},{"damage":5,"enemies":"Sphere and 2 Shapes","floor":47,"turns":3},{"damage":10,"enemies":"Nemesis","floor":48,"turns":7},{"damage":41,"enemies":"Awakened One","floor":50,"turns":6}],"seed_played":"32664726728060865","potions_obtained":[{"floor":4,"key":"PowerPotion"},{"floor":5,"key":"Block Potion"},{"floor":14,"key":"Poison Potion"},{"floor":19,"key":"SkillPotion"},{"floor":27,"key":"Weak Potion"},{"floor":29,"key":"AttackPotion"},{"floor":34,"key":"SteroidPotion"},{"floor":46,"key":"Energy Potion"},{"floor":48,"key":"Block Potion"}],"is_trial":false,"path_per_floor":["M","$","M","M","M","R","?","E","T","R","M","M","?","E","R","B",null,"M","M","M","?","?","R","M","R","T","M","R","M","E","$","R","B",null,"M","?","M","?","M","R","M","?","T","R","E","M","M","E","R","B"],"character_chosen":"IRONCLAD","items_purchased":["Armaments","Clothesline","Incense Burner","Shrug It Off"],"campfire_rested":9,"item_purchase_floors":[2,2,31,31],"current_hp_per_floor":[80,80,80,80,72,72,72,39,39,63,56,52,52,38,62,17,80,69,47,35,35,19,43,30,54,54,48,72,70,27,27,51,7,85,17,74,74,74,57,80,53,53,53,77,67,18,19,15,39,0],"gold":248,"neow_bonus":"RANDOM_COMMON_RELIC","is_prod":false,"is_daily":false,"chose_seed":false,"campfire_upgraded":1,"win_rate":0.0,"timestamp":1561700573,"path_taken":["M","$","M","M","M","R","?","E","T","R","M","M","?","E","R","BOSS","M","M","M","?","?","R","M","R","T","M","R","M","E","?","R","BOSS","M","?","M","?","M","R","M","?","T","R","E","M","M","E","R","BOSS"],"build_version":"2019-01-23","purchased_purges":1,"victory":false,"max_hp_per_floor":[80,80,80,80,80,80,80,80,80,80,80,80,80,80,80,80,80,80,80,80,80,80,80,80,80,80,80,80,80,80,80,80,80,85,85,74,74,74,80,80,80,80,80,80,80,80,80,80,80,80],"card_choices":[{"not_picked":["Twin Strike","Sword Boomerang"],"picked":"Pommel Strike","floor":1},{"not_picked":["Thunderclap","Pommel Strike"],"picked":"Spot Weakness","floor":3},{"not_picked":["Thunderclap","Headbutt"],"picked":"Seeing Red","floor":4},{"not_picked":["Clothesline","Sword Boomerang"],"picked":"Pommel Strike","floor":5},{"not_picked":["Clothesline","Searing Blow"],"picked":"Sword Boomerang","floor":8},{"not_picked":["Armaments","Iron Wave"],"picked":"Perfected Strike","floor":11},{"not_picked":["Shockwave","Iron Wave"],"picked":"Anger","floor":12},{"not_picked":["True Grit","Limit Break"],"picked":"Sword Boomerang","floor":14},{"not_picked":["Fiend Fire","Demon Form"],"picked":"Impervious","floor":16},{"not_picked":["Clothesline+1","Warcry"],"picked":"Rampage+1","floor":18},{"not_picked":["Armaments","Body Slam"],"picked":"Cleave","floor":19},{"not_picked":["Sword Boomerang+1","Cleave"],"picked":"Reckless Charge+1","floor":20},{"not_picked":["Body Slam","Spot Weakness"],"picked":"Sword Boomerang","floor":24},{"not_picked":["Warcry+1","Power Through"],"picked":"Fiend Fire","floor":27},{"not_picked":["Clothesline","Pommel Strike"],"picked":"Anger+1","floor":29},{"not_picked":["Feed","Battle Trance"],"picked":"Disarm","floor":30},{"not_picked":["Double Tap","Offering"],"picked":"Barricade","floor":33},{"not_picked":["Perfected Strike+1","Sword Boomerang+1"],"picked":"Heavy Blade","floor":34},{"not_picked":["Warcry+1","Shrug It Off"],"picked":"Flame Barrier+1","floor":35},{"not_picked":["Ghostly Armor+1","Corruption+1"],"picked":"Metallicize+1","floor":37},{"not_picked":["Feel No Pain","Battle Trance"],"picked":"Dual Wield+1","floor":39},{"not_picked":["Rupture+1","Iron Wave+1"],"picked":"Rage+1","floor":41},{"not_picked":["Flex","Disarm+1"],"picked":"Thunderclap","floor":45},{"not_picked":["Dropkick+1","Anger+1"],"picked":"Cleave+1","floor":46},{"not_picked":["Feel No Pain","Armaments"],"picked":"Perfected Strike+1","floor":47},{"not_picked":["Dropkick+1","Blood for Blood"],"picked":"Searing Blow+1","floor":48}],"player_experience":17857,"relics_obtained":[{"floor":8,"key":"Boot"},{"floor":9,"key":"Omamori"},{"floor":14,"key":"Darkstone Periapt"},{"floor":22,"key":"Enchiridion"},{"floor":26,"key":"Ginger"},{"floor":30,"key":"Happy Flower"},{"floor":43,"key":"Lantern"},{"floor":45,"key":"Red Skull"},{"floor":48,"key":"Potion Belt"}],"event_choices":[{"damage_healed":0,"gold_gain":0,"player_choice":"3 cards matched","damage_taken":0,"max_hp_gain":0,"max_hp_loss":0,"event_name":"Match and Keep!","floor":7,"gold_loss":0,"cards_obtained":["Decay","Limit Break","Bash"]},{"damage_healed":0,"gold_gain":0,"player_choice":"Box","damage_taken":0,"relics_obtained":["Anchor"],"max_hp_gain":0,"max_hp_loss":0,"event_name":"Big Fish","floor":13,"gold_loss":0,"cards_obtained":["Regret"]},{"damage_healed":0,"gold_gain":0,"player_choice":"Smashed Altar","damage_taken":0,"max_hp_gain":0,"max_hp_loss":0,"event_name":"Forgotten Altar","floor":21,"gold_loss":0,"cards_obtained":["Decay"]},{"damage_healed":0,"gold_gain":0,"player_choice":"Obtained Book","damage_taken":16,"max_hp_gain":0,"max_hp_loss":0,"event_name":"Cursed Tome","floor":22,"gold_loss":0},{"damage_healed":74,"gold_gain":0,"player_choice":"Heal","damage_taken":0,"max_hp_gain":0,"max_hp_loss":11,"event_name":"The Moai Head","floor":36,"gold_loss":0},{"cards_removed":["Cleave"],"damage_healed":0,"gold_gain":0,"player_choice":"Removed Attack","damage_taken":0,"max_hp_gain":0,"max_hp_loss":0,"event_name":"Falling","floor":38,"gold_loss":0},{"damage_healed":0,"gold_gain":0,"cards_transformed":["Defend_R","Strike_R"],"player_choice":"Transformed Cards","damage_taken":0,"max_hp_gain":0,"max_hp_loss":0,"event_name":"Designer","floor":42,"gold_loss":60,"cards_obtained":["Double Tap","Dual Wield"]}],"is_beta":false,"boss_relics":[{"not_picked":["Runic Cube","Sozu"],"picked":"Velvet Choker"},{"not_picked":["Snecko Eye","Empty Cage"],"picked":"Tiny House"}],"items_purged_floors":[31],"is_endless":false,"potions_floor_spawned":[4,5,14,19,27,29,46,48],"killed_by":"Awakened One","ascension_level":0}