{"path_per_floor":["M","M","M","?","?","R","M","?","T","M","R","M","$","M","R","B",null,"M","M","?","?","?","E","$","R","T","M","?","$","R","M","R"],"character_chosen":"DEFECT","items_purchased":["Blind","Bronze Scales"],"gold_per_floor":[20,35,49,224,299,299,310,310,357,374,374,389,55,74,74,170,170,170,170,170,170,170,170,70,70,70,70,70,20,20,20,20,20],"floor_reached":33,"campfire_rested":0,"playtime":2355,"current_hp_per_floor":[64,64,64,64,53,53,51,44,44,37,37,23,23,17,17,6,58,58,34,34,34,34,31,31,31,31,16,16,16,16,21,21,0],"items_purged":["Strike_B","Strike_B","Dualcast"],"gold":20,"score":385,"play_id":"bee40b88-3a15-4502-b551-9d7a31b336a3","local_time":"20180503112832","is_prod":false,"is_daily":false,"chose_seed":false,"is_ascension_mode":true,"campfire_upgraded":6,"timestamp":1525372112,"path_taken":["M","M","M","?","?","R","?","?","T","M","R","M","$","M","R","BOSS","M","M","?","?","?","E","?","R","T","?","?","$","R","M","R","BOSS"],"build_version":"2018-05-01v2","seed_source_timestamp":0,"purchased_purges":3,"victory":false,"master_deck":["Defend_B","Defend_B","Defend_B","Defend_B","Zap+1","Streamline","Chaos+1","Capacitor+1","Recycle+1","Defragment+1","Blind","Sunder+1","Thunder Strike","Stack","Conserve Battery","Ghostly","Ghostly","Ghostly","Ghostly","Ghostly","FTL+1","Self Repair"],"max_hp_per_floor":[75,75,75,75,75,75,75,75,75,75,75,75,75,75,75,75,75,75,75,75,75,37,37,37,37,37,37,37,37,37,37,37,37],"relics":["Cracked Core","Omamori","Bronze Scales","Ectoplasm","Happy Flower","Smiling Mask","Centennial Puzzle"],"card_choices":[{"not_picked":["Rebound","Turbo"],"picked":"Streamline","floor":1.0},{"not_picked":["Rebound","Turbo"],"picked":"Chaos","floor":2.0},{"not_picked":["Barrage","Cold Snap"],"picked":"Capacitor","floor":3.0},{"not_picked":["Barrage","Reinforced Body"],"picked":"Recycle","floor":7.0},{"not_picked":["Leap","Go for the Eyes"],"picked":"Defragment","floor":12.0},{"not_picked":["Stack","Sweeping Beam"],"picked":"Sunder","floor":14.0},{"not_picked":["Fusion","Meteor Strike"],"picked":"Thunder Strike","floor":16.0},{"not_picked":["Chaos","Ball Lightning"],"picked":"Stack","floor":18.0},{"not_picked":["Chaos","Coolheaded"],"picked":"Conserve Battery","floor":19.0},{"not_picked":["Streamline","Impulse"],"picked":"FTL","floor":27.0},{"not_picked":["Hello World","Heatsinks"],"picked":"Self Repair","floor":31}],"player_experience":533694,"potions_floor_usage":[31],"damage_taken":[{"damage":4.0,"enemies":"Small Slimes","floor":1.0,"turns":3.0},{"damage":0.0,"enemies":"2 Louse","floor":2.0,"turns":2.0},{"damage":0.0,"enemies":"Cultist","floor":3.0,"turns":3.0},{"damage":2.0,"enemies":"Looter","floor":7.0,"turns":4.0},{"damage":7.0,"enemies":"2 Fungi Beasts","floor":10.0,"turns":3.0},{"damage":14.0,"enemies":"Blue Slaver","floor":12.0,"turns":6.0},{"damage":6.0,"enemies":"Exordium Wildlife","floor":14.0,"turns":4.0},{"damage":26.0,"enemies":"The Guardian","floor":16.0,"turns":9.0},{"damage":0.0,"enemies":"Spheric Guardian","floor":18.0,"turns":3.0},{"damage":24.0,"enemies":"3 Byrds","floor":19.0,"turns":3.0},{"damage":3.0,"enemies":"Book of Stabbing","floor":23.0,"turns":6.0},{"damage":24.0,"enemies":"Snake Plant","floor":27.0,"turns":4.0},{"damage":10,"enemies":"Cultist and Chosen","floor":31,"turns":7},{"damage":38,"enemies":"Automaton","floor":33,"turns":6}],"event_choices":[{"event_name":"Liars Game","player_choice":"agreed","floor":4.0,"damage_taken":0.0},{"event_name":"World of Goop","player_choice":"Gather Gold","floor":5.0,"damage_taken":0.0},{"event_name":"Golden Wing","player_choice":"Card Removal","floor":8.0,"damage_taken":0.0},{"event_name":"Wheel of Change","player_choice":"Curse","floor":20.0,"damage_taken":0.0},{"event_name":"Drug Dealer","player_choice":"Ignored","floor":21.0,"damage_taken":0.0},{"event_name":"Ghosts","player_choice":"Became a Ghost","floor":22.0,"damage_taken":0.0},{"event_name":"The Mausoleum","player_choice":"Yes","floor":28.0,"damage_taken":0.0}],"boss_relics":[],"potions_floor_spawned":[7,10,14,18,27],"seed_played":"-8966849507432202793","killed_by":"Automaton","ascension_level":8,"is_trial":false}