{"gold_per_floor":[112,131,131,131,151,151,166,189,189,189,259,259,259,283,283,414,414,430,430,430,454,473,473,489,525,525,546,546,559,572,587,587,713,713,738,738,738,752,677,677,718,718,718,718,208,244,268,288,288,288],"floor_reached":50,"playtime":1292,"items_purged":["Defend_R"],"score":641,"play_id":"bf740152-d91b-457c-98c4-e19fcf23e74a","local_time":"20181102171926","is_ascension_mode":false,"campfire_choices":[{"data":"Searing Blow","floor":6,"key":"SMITH"},{"data":"Searing Blow+1","floor":10,"key":"SMITH"},{"data":"Searing Blow+2","floor":12,"key":"SMITH"},{"data":"Searing Blow+4","floor":15,"key":"SMITH"},{"data":"Searing Blow+5","floor":23,"key":"SMITH"},{"data":"Searing Blow+6","floor":28,"key":"SMITH"},{"data":"Searing Blow+7","floor":32,"key":"SMITH"},{"data":"Searing Blow+8","floor":40,"key":"SMITH"},{"data":"Searing Blow+10","floor":42,"key":"SMITH"},{"data":"Searing Blow+11","floor":44,"key":"SMITH"},{"floor":49,"key":"RECALL"}],"neow_cost":"NONE","seed_source_timestamp":265210318173239,"circlet_count":0,"master_deck":["Defend_R","Defend_R","Defend_R","Bash","Forethought","Pommel Strike","Searing Blow+12","Dropkick+1","Armaments","Feed","Shrug It Off","Bite","Bite","Bite","Bite","Bite","Battle Trance","Headbutt+1","Thunderclap","Armaments+1"],"relics":["Burning Blood","Golden Idol","Centennial Puzzle","Torii","Cursed Key","MutagenicStrength","Nunchaku","Black Star","Juzu Bracelet","Whetstone","Pen Nib","Blood Vial","MealTicket","Dodecahedron","Frozen Egg 2"],"potions_floor_usage":[16,47,50,50],"damage_taken":[{"damage":7,"enemies":"2 Louse","floor":1,"turns":2},{"damage":2,"enemies":"Small Slimes","floor":2,"turns":3},{"damage":1,"enemies":"Cultist","floor":5,"turns":3},{"damage":30,"enemies":"Large Slime","floor":7,"turns":6},{"damage":0,"enemies":"Exordium Wildlife","floor":8,"turns":3},{"damage":14,"enemies":"Gremlin Nob","floor":11,"turns":3},{"damage":7,"enemies":"Blue Slaver","floor":14,"turns":2},{"damage":0,"enemies":"Slime Boss","floor":16,"turns":4},{"damage":1,"enemies":"Spheric Guardian","floor":18,"turns":3},{"damage":17,"enemies":"2 Thieves","floor":21,"turns":3},{"damage":0,"enemies":"Centurion and Healer","floor":22,"turns":4},{"damage":2,"enemies":"Cultist and Chosen","floor":24,"turns":3},{"damage":37,"enemies":"Slavers","floor":25,"turns":4},{"damage":0,"enemies":"Snake Plant","floor":27,"turns":2},{"damage":2,"enemies":"Chosen and Byrds","floor":29,"turns":4},{"damage":19,"enemies":"Sentry and Sphere","floor":30,"turns":3},{"damage":0,"enemies":"Centurion and Healer","floor":31,"turns":2},{"damage":32,"enemies":"Collector","floor":33,"turns":3},{"damage":7,"enemies":"3 Shapes","floor":35,"turns":4},{"damage":10,"enemies":"Orb Walker","floor":38,"turns":2},{"damage":23,"enemies":"Giant Head","floor":41,"turns":6},{"damage":0,"enemies":"Nemesis","floor":46,"turns":1},{"damage":15,"enemies":"4 Shapes","floor":47,"turns":5},{"damage":26,"enemies":"3 Darklings","floor":48,"turns":5},{"damage":54,"enemies":"Awakened One","floor":50,"turns":3}],"seed_played":"-3379334258579052691","potions_obtained":[{"floor":2,"key":"Fire Potion"},{"floor":7,"key":"Weak Potion"},{"floor":11,"key":"Explosive Potion"},{"floor":14,"key":"Fire Potion"},{"floor":18,"key":"Swift Potion"},{"floor":21,"key":"Fire Potion"},{"floor":35,"key":"Fire Potion"}],"is_trial":false,"path_per_floor":["M","M","?","?","M","R","M","M","T","R","?","R","?","M","R","B",null,"M","?","?","M","M","R","M","E","T","M","R","M","M","M","R","B",null,"M","?","?","M","$","R","E","R","T","R","$","E","M","M","R","B"],"character_chosen":"IRONCLAD","items_purchased":["Pen Nib","Blood Vial","MealTicket"],"campfire_rested":0,"item_purchase_floors":[45,45,45],"current_hp_per_floor":[79,80,60,53,58,58,34,40,40,40,32,32,32,31,31,37,80,80,80,56,54,59,59,59,41,41,47,47,59,48,56,56,33,59,62,62,62,58,58,58,46,46,46,46,46,54,56,46,46,0],"gold":288,"neow_bonus":"RANDOM_COLORLESS","is_prod":false,"is_daily":false,"chose_seed":false,"campfire_upgraded":10,"win_rate":0,"timestamp":1541193566,"path_taken":["M","M","?","?","M","R","M","M","T","R","?","R","?","M","R","BOSS","M","?","?","M","M","R","M","E","T","?","R","M","M","M","R","BOSS","M","?","?","M","$","R","E","R","T","R","$","E","M","M","R","BOSS"],"build_version":"2018-11-01v2","purchased_purges":1,"victory":false,"max_hp_per_floor":[80,80,80,80,80,80,80,80,80,80,80,80,80,80,80,80,80,80,80,56,59,59,59,59,59,59,59,59,59,59,59,59,59,59,62,62,62,62,62,62,62,62,62,62,62,62,65,65,65,65],"card_choices":[{"not_picked":["Power Through","Reckless Charge"],"picked":"Pommel Strike","floor":1},{"not_picked":["Dual Wield","Heavy Blade"],"picked":"Searing Blow","floor":2},{"not_picked":["Blood for Blood","Pummel"],"picked":"Dropkick","floor":5},{"not_picked":["Clash","Dual Wield"],"picked":"Armaments","floor":7},{"not_picked":["Infernal Blade","Reckless Charge","Reaper"],"picked":"SKIP","floor":8},{"not_picked":["Pommel Strike","Fire Breathing","Inflame"],"picked":"SKIP","floor":14},{"not_picked":["Juggernaut","Bludgeon"],"picked":"Feed","floor":16},{"not_picked":["Perfected Strike","Anger"],"picked":"Shrug It Off","floor":18},{"not_picked":["Anger+1","Heavy Blade"],"picked":"Battle Trance","floor":21},{"not_picked":["Flex","Twin Strike","Entrench"],"picked":"SKIP","floor":22},{"not_picked":["Armaments","Rage+1","Corruption+1"],"picked":"SKIP","floor":24},{"not_picked":["Rage","Disarm+1"],"picked":"Headbutt+1","floor":25},{"not_picked":["Entrench","Iron Wave","Searing Blow+1"],"picked":"SKIP","floor":27},{"not_picked":["Anger+1","Shockwave","Juggernaut"],"picked":"SKIP","floor":29},{"not_picked":["Shrug It Off+1","Clash","Spot Weakness+1"],"picked":"SKIP","floor":30},{"not_picked":["Perfected Strike","Thunderclap","Sword Boomerang+1"],"picked":"SKIP","floor":31},{"not_picked":["Perfected Strike","Thunderclap","Sword Boomerang+1"],"picked":"SKIP","floor":31},{"not_picked":["Perfected Strike","Sword Boomerang+1"],"picked":"Thunderclap","floor":31},{"not_picked":["Pommel Strike+1","Perfected Strike+1"],"picked":"Armaments+1","floor":35},{"not_picked":["Bloodletting+1","Rage","Flame Barrier"],"picked":"SKIP","floor":38},{"not_picked":["Ghostly Armor","Pummel","Impervious"],"picked":"SKIP","floor":41},{"not_picked":["Shrug It Off+1","Clothesline+1","Reckless Charge"],"picked":"SKIP","floor":46},{"not_picked":["True Grit","Whirlwind","Pommel Strike"],"picked":"SKIP","floor":47},{"not_picked":["Ghostly Armor","Reckless Charge+1","Heavy Blade+1"],"picked":"SKIP","floor":48}],"player_experience":961811,"relics_obtained":[{"floor":11,"key":"Torii"},{"floor":25,"key":"Nunchaku"},{"floor":41,"key":"Juzu Bracelet"},{"floor":41,"key":"Whetstone"},{"floor":46,"key":"Dodecahedron"},{"floor":46,"key":"Frozen Egg 2"}],"event_choices":[{"damage_healed":0,"gold_gain":0,"player_choice":"Take Damage","damage_taken":20,"relics_obtained":["Golden Idol"],"max_hp_gain":0,"max_hp_loss":0,"event_name":"Golden Idol","floor":3,"gold_loss":0},{"damage_healed":0,"gold_gain":0,"player_choice":"Success","damage_taken":7,"relics_obtained":["Centennial Puzzle"],"max_hp_gain":0,"max_hp_loss":0,"event_name":"Scrap Ooze","floor":4,"gold_loss":0},{"damage_healed":0,"gold_gain":0,"player_choice":"Searched \u00271\u0027 times","damage_taken":0,"max_hp_gain":0,"max_hp_loss":0,"event_name":"Dead Adventurer","floor":11,"gold_loss":0},{"damage_healed":0,"gold_gain":0,"player_choice":"Forge","damage_taken":0,"max_hp_gain":0,"max_hp_loss":0,"event_name":"Accursed Blacksmith","floor":13,"gold_loss":0,"cards_upgraded":["Searing Blow"]},{"damage_healed":0,"gold_gain":0,"player_choice":"Inject Mutagens","damage_taken":0,"relics_obtained":["MutagenicStrength"],"max_hp_gain":0,"max_hp_loss":0,"event_name":"Drug Dealer","floor":19,"gold_loss":0},{"damage_healed":0,"gold_gain":0,"player_choice":"Became a vampire","damage_taken":0,"max_hp_gain":0,"max_hp_loss":24,"event_name":"Vampires","floor":20,"gold_loss":0,"cards_obtained":["Bite","Bite","Bite","Bite","Bite"]},{"damage_healed":0,"gold_gain":0,"player_choice":"Ignored","damage_taken":0,"max_hp_gain":0,"max_hp_loss":0,"event_name":"Tomb of Lord Red Mask","floor":36,"gold_loss":0},{"damage_healed":0,"gold_gain":0,"player_choice":"Ignored","damage_taken":0,"max_hp_gain":0,"max_hp_loss":0,"event_name":"Mysterious Sphere","floor":37,"gold_loss":0}],"is_beta":true,"boss_relics":[{"not_picked":["Fusion Hammer","Tiny House"],"picked":"Cursed Key"},{"not_picked":["Runic Dome","Mark of Pain"],"picked":"Black Star"}],"items_purged_floors":[39],"is_endless":false,"potions_floor_spawned":[2,7,11,14,18,21,29,33,35,46],"killed_by":"Awakened One","ascension_level":0}