{"path_per_floor":["M","?","?","M","$","E","M","R","T","?","R","E","R","M","R","B",null,"M","?","M"],"character_chosen":"THE_SILENT","items_purchased":["Terror"],"gold_per_floor":[118,118,118,130,93,128,140,140,140,140,140,173,173,193,193,319,319,344,344,362],"floor_reached":21,"campfire_rested":4,"playtime":1547,"current_hp_per_floor":[70,63,70,61,61,19,14,35,35,35,56,43,64,57,70,53,70,43,27,3],"items_purged":[],"gold":362,"score":187,"play_id":"bd3cbdc6-3881-4ab8-ad26-d4c84984cc1e","is_prod":false,"is_daily":false,"is_ascension_mode":false,"campfire_upgraded":0,"path_taken":["M","?","?","M","?","E","?","R","T","?","R","E","R","M","R","BOSS","M","?","M","M"],"build_version":"2018-02-12-PROD1","purchased_purges":0,"victory":false,"master_deck":["Defend_G","Defend_G","Defend_G","Defend_G","Defend_G","Strike_G","Strike_G","Strike_G","Strike_G","Strike_G","Survivor","Neutralize","Poisoned Stab","Bouncing Flask","Terror","Riddle With Holes","Bouncing Flask","Injury","Leg Sweep","Malaise","Blade Dance","Noxious Fumes","Caltrops","Wraith Form","Distraction","Deflect","Poisoned Stab","Backflip","Backflip","Choke+1","Necronomicurse","Masterful Stab"],"max_hp_per_floor":[70,70,70,70,70,70,70,70,70,70,70,70,70,70,70,70,70,70,70,70],"relics":["Philosopher\u0027s Stone","Matryoshka","Snake Skull","Dream Catcher","Mercury Hourglass","Golden Idol","Kunai","Orrery","Necronomicon"],"card_choices":[{"not_picked":["Acrobatics","Leg Sweep"],"picked":"Poisoned Stab"},{"not_picked":["Prepared","Slice"],"picked":"Bouncing Flask"},{"not_picked":["Terror","Skewer"],"picked":"Riddle With Holes"},{"not_picked":["Dagger Spray","Prepared"],"picked":"Bouncing Flask"},{"not_picked":["Blur","Backflip"],"picked":"Leg Sweep"},{"not_picked":["Slice","Flying Knee"],"picked":"Malaise"},{"not_picked":["Dash","Dagger Throw"],"picked":"Blade Dance"},{"not_picked":["Riddle With Holes","Deadly Poison"],"picked":"Noxious Fumes"},{"not_picked":["Expertise","Bullet Time"],"picked":"Caltrops"},{"not_picked":["Burst","Venomology"],"picked":"Wraith Form"},{"not_picked":["Acrobatics","Dodge and Roll"],"picked":"Distraction"},{"not_picked":["Prepared","Dagger Throw"],"picked":"Deflect"},{"not_picked":["Blur","Sucker Punch"],"picked":"Poisoned Stab"},{"not_picked":["Caltrops","Skewer"],"picked":"Backflip"},{"not_picked":["Eviscerate","Sucker Punch"],"picked":"Backflip"},{"not_picked":["Slice","Poisoned Stab"],"picked":"Choke"},{"not_picked":["Flying Knee","Slice"],"picked":"Masterful Stab"}],"player_experience":6189,"potions_floor_usage":[12],"damage_taken":[{"damage":0,"enemies":"Small Slimes","floor":1,"turns":3},{"damage":9,"enemies":"Jaw Worm","floor":4,"turns":3},{"damage":42,"enemies":"3 Sentries","floor":6,"turns":9},{"damage":5,"enemies":"Blue Slaver","floor":7,"turns":2},{"damage":13,"enemies":"Lagavulin","floor":12,"turns":5},{"damage":7,"enemies":"Large Slime","floor":14,"turns":5},{"damage":17,"enemies":"Hexaghost","floor":16,"turns":7},{"damage":27,"enemies":"Spheric Guardian","floor":18,"turns":5},{"damage":24,"enemies":"2 Thieves","floor":20,"turns":5},{"damage":10,"enemies":"3 Cultists","floor":21,"turns":2}],"event_choices":[{"event_name":"Scrap Ooze","player_choice":"success","floor":2,"damage_taken":7},{"event_name":"Wheel of Change","player_choice":"Full Heal","floor":3,"damage_taken":0},{"event_name":"Golden Idol","player_choice":"Take Wound","floor":10,"damage_taken":0},{"event_name":"Cursed Tome","player_choice":"Obtained Book","floor":19,"damage_taken":0}],"boss_relics":[{"not_picked":["Velvet Choker","Black Star"],"picked":"Orrery"}],"potions_floor_spawned":[4,6,7,18,20],"seed_played":"-1419552709115612254","killed_by":"3 Cultists","ascension_level":0,"is_trial":false}