{"gold_per_floor":[16,16,36,36,36,36,66,66,123,148,161,181,181,208,208,312,312,324,337,353,353,108,140,154,154,154,189,189,218,218,295,295,392,392,405,417,417],"floor_reached":37,"playtime":3777,"items_purged":[],"score":517,"play_id":"3360e200-2e40-496e-a2c9-e6f7268ee779","local_time":"20190718001529","is_ascension_mode":true,"campfire_choices":[{"data":"Seeing Red","floor":6,"key":"SMITH"},{"floor":8,"key":"REST"},{"floor":15,"key":"REST"},{"floor":32,"key":"REST"}],"neow_cost":"NO_GOLD","seed_source_timestamp":673541692160809,"circlet_count":0,"master_deck":["Defend_R","Defend_R","Defend_R","Bash","Thunderclap+1","Seeing Red+1","Cleave","Armaments","Flex","Corruption","Flex","Iron Wave","Dual Wield+1","Double Tap+1","Reaper+1","Entrench+1","Demon Form+1","Shrug It Off+1","Thunderclap","Searing Blow+1","Bite","Bite","Bite","Bite","Bite","Dark Shackles+1","Heavy Blade+1","Thunderclap","Exhume+1","Warcry+1","Barricade","Ghostly Armor+1","Sentinel+1"],"relics":["Burning Blood","Oddly Smooth Stone","Tiny Chest","Omamori","Happy Flower","Toxic Egg 2","Astrolabe","Red Skull","Torii","Bag of Preparation","Ancient Tea Set","Juzu Bracelet","Nilry\u0027s Codex","Mummified Hand","Pear","Mark of Pain"],"potions_floor_usage":[7,14,16,23,23,33,33,37],"damage_taken":[{"damage":5,"enemies":"2 Louse","floor":1,"turns":4},{"damage":6,"enemies":"Cultist","floor":3,"turns":4},{"damage":0,"enemies":"Small Slimes","floor":5,"turns":2},{"damage":47,"enemies":"Lagavulin","floor":7,"turns":6},{"damage":24,"enemies":"3 Sentries","floor":10,"turns":8},{"damage":14,"enemies":"Blue Slaver","floor":11,"turns":4},{"damage":9,"enemies":"3 Louse","floor":12,"turns":3},{"damage":12,"enemies":"Gremlin Nob","floor":14,"turns":5},{"damage":47,"enemies":"The Guardian","floor":16,"turns":15},{"damage":43,"enemies":"Shell Parasite","floor":18,"turns":5},{"damage":57,"enemies":"Spheric Guardian","floor":19,"turns":12},{"damage":30,"enemies":"Snecko","floor":20,"turns":6},{"damage":27,"enemies":"Gremlin Leader","floor":23,"turns":5},{"damage":15,"enemies":"Chosen and Byrds","floor":24,"turns":5},{"damage":49,"enemies":"Slavers","floor":27,"turns":4},{"damage":37,"enemies":"Book of Stabbing","floor":29,"turns":6},{"damage":9,"enemies":"Collector","floor":33,"turns":5},{"damage":7,"enemies":"Orb Walker","floor":35,"turns":4},{"damage":35,"enemies":"3 Darklings","floor":36,"turns":5},{"damage":94,"enemies":"Transient","floor":37,"turns":4}],"seed_played":"-8323590131922745351","potions_obtained":[{"floor":3,"key":"Swift Potion"},{"floor":11,"key":"Weak Potion"},{"floor":14,"key":"SteroidPotion"},{"floor":19,"key":"Fire Potion"},{"floor":20,"key":"Explosive Potion"},{"floor":27,"key":"Swift Potion"},{"floor":29,"key":"SneckoOil"},{"floor":33,"key":"EssenceOfSteel"}],"is_trial":false,"path_per_floor":["M","?","M","?","M","R","E","R","T","E","M","M","T","E","R","B",null,"M","M","M","?","$","E","M","?","T","E","?","E","?","T","R","B",null,"M","M","M"],"character_chosen":"IRONCLAD","items_purchased":["Red Skull","Dark Shackles+1"],"campfire_rested":3,"item_purchase_floors":[22,22],"current_hp_per_floor":[96,96,96,96,96,96,55,83,83,65,57,54,54,48,76,35,96,74,38,33,33,33,53,59,59,59,65,49,22,22,32,55,60,77,77,76,0],"gold":417,"neow_bonus":"TWENTY_PERCENT_HP_BONUS","is_prod":false,"is_daily":false,"chose_seed":false,"campfire_upgraded":1,"win_rate":0,"timestamp":1563423329,"path_taken":["M","?","?","?","M","R","E","R","T","E","M","M","?","E","R","BOSS","M","M","M","?","$","E","M","?","T","E","?","E","?","?","R","BOSS","M","M","M"],"build_version":"2019-07-17","purchased_purges":0,"victory":false,"max_hp_per_floor":[96,96,96,96,96,96,96,96,96,96,96,96,96,96,96,96,96,96,96,96,67,67,67,67,67,67,67,67,67,67,77,77,77,77,77,77,77],"card_choices":[{"not_picked":["Flex","Second Wind"],"picked":"Thunderclap","floor":1},{"not_picked":["Headbutt","Sword Boomerang"],"picked":"Seeing Red","floor":3},{"not_picked":["Entrench","Wild Strike"],"picked":"Armaments","floor":5},{"not_picked":["Perfected Strike","Limit Break"],"picked":"Flex","floor":7},{"not_picked":["Wild Strike","Pommel Strike"],"picked":"Corruption","floor":10},{"not_picked":["Power Through","Entrench"],"picked":"Flex","floor":11},{"not_picked":["Twin Strike","Pummel"],"picked":"Iron Wave","floor":12},{"not_picked":["Corruption","Barricade"],"picked":"Dual Wield","floor":14},{"not_picked":["Feed","Limit Break+1"],"picked":"Double Tap+1","floor":16},{"not_picked":["Rage+1","Iron Wave"],"picked":"Shrug It Off+1","floor":18},{"not_picked":["Flame Barrier+1","Feel No Pain"],"picked":"Thunderclap","floor":19},{"not_picked":["Sword Boomerang","Pommel Strike+1"],"picked":"Searing Blow+1","floor":20},{"not_picked":["Body Slam","Flame Barrier+1"],"picked":"Heavy Blade+1","floor":23},{"not_picked":["Headbutt+1","Whirlwind"],"picked":"Thunderclap","floor":24},{"not_picked":["Anger","Entrench+1"],"picked":"Exhume+1","floor":27},{"not_picked":["Thunderclap+1","Sever Soul+1"],"picked":"Warcry+1","floor":29},{"not_picked":["Dark Embrace","Impervious+1"],"picked":"Barricade","floor":33},{"not_picked":["Pummel","Shrug It Off+1"],"picked":"Ghostly Armor+1","floor":35},{"not_picked":["Body Slam+1","Wild Strike"],"picked":"Sentinel+1","floor":36}],"player_experience":141823,"relics_obtained":[{"floor":7,"key":"Oddly Smooth Stone"},{"floor":9,"key":"Tiny Chest"},{"floor":10,"key":"Omamori"},{"floor":13,"key":"Happy Flower"},{"floor":14,"key":"Toxic Egg 2"},{"floor":23,"key":"Torii"},{"floor":26,"key":"Ancient Tea Set"},{"floor":27,"key":"Juzu Bracelet"},{"floor":28,"key":"Nilry\u0027s Codex"},{"floor":29,"key":"Mummified Hand"},{"floor":31,"key":"Pear"}],"event_choices":[{"damage_healed":0,"gold_gain":0,"player_choice":"Upgraded","damage_taken":0,"max_hp_gain":0,"max_hp_loss":0,"event_name":"Upgrade Shrine","floor":2,"gold_loss":0,"cards_upgraded":["Thunderclap"]},{"damage_healed":0,"gold_gain":0,"cards_transformed":["Strike_R"],"player_choice":"Change","damage_taken":0,"max_hp_gain":0,"max_hp_loss":0,"event_name":"Living Wall","floor":4,"gold_loss":0,"cards_obtained":["Cleave"]},{"damage_healed":0,"gold_gain":0,"player_choice":"Became a vampire","damage_taken":0,"max_hp_gain":0,"max_hp_loss":29,"event_name":"Vampires","floor":21,"gold_loss":0,"cards_obtained":["Bite","Bite","Bite","Bite","Bite"]},{"damage_healed":0,"gold_gain":0,"player_choice":"Stole Relic","damage_taken":0,"relics_obtained":["Bag of Preparation"],"max_hp_gain":0,"max_hp_loss":0,"event_name":"Addict","floor":25,"gold_loss":0,"cards_obtained":["Shame"]},{"damage_healed":0,"gold_gain":0,"player_choice":"Obtained Book","damage_taken":16,"max_hp_gain":0,"max_hp_loss":0,"event_name":"Cursed Tome","floor":28,"gold_loss":0},{"damage_healed":0,"gold_gain":0,"player_choice":"Ignored","damage_taken":0,"max_hp_gain":0,"max_hp_loss":0,"event_name":"Ghosts","floor":30,"gold_loss":0}],"is_beta":false,"boss_relics":[{"not_picked":["Empty Cage","Busted Crown"],"picked":"Astrolabe"},{"not_picked":["Coffee Dripper","Tiny House"],"picked":"Mark of Pain"}],"items_purged_floors":[],"is_endless":false,"potions_floor_spawned":[3,5,11,14,19,20,27,29,33],"killed_by":"Transient","ascension_level":2}