{"gold_per_floor":[113,113,113,127,127,127,154,154,179,199,233,233,245,263,263,334,334,350,366,366,281,281,281,310,310,310,330,345,345,345,345],"floor_reached":31,"playtime":1778,"items_purged":[],"score":558,"play_id":"961e2e0a-b86f-4494-a631-f6c58d70d958","local_time":"20190915220048","is_ascension_mode":true,"campfire_choices":[{"data":"Neutralize","floor":6.0,"key":"SMITH"},{"data":"Bouncing Flask","floor":8.0,"key":"SMITH"},{"floor":12.0,"key":"REST"},{"data":"Noxious Fumes","floor":15.0,"key":"SMITH"},{"floor":23.0,"key":"REST"},{"floor":25.0,"key":"REST"},{"floor":29.0,"key":"REST"}],"neow_cost":"NONE","seed_source_timestamp":114895769910400,"circlet_count":0,"master_deck":["AscendersBane","Strike_G","Strike_G+1","Strike_G","Strike_G","Strike_G+1","Defend_G","Defend_G","Defend_G","Defend_G","Defend_G","Survivor","Neutralize+1","Deadly Poison","Bouncing Flask+1","Footwork","Bane","Escape Plan","Noxious Fumes+1","Burst","Dodge and Roll+1","Noxious Fumes","Leg Sweep","Deflect"],"special_seed":0,"relics":["Ring of the Snake","NeowsBlessing","Singing Bowl","Strawberry","Dream Catcher","Whetstone","Cursed Key","PreservedInsect","Meat on the Bone"],"potions_floor_usage":[],"damage_taken":[{"damage":0.0,"enemies":"Cultist","floor":1.0,"turns":1.0},{"damage":0.0,"enemies":"Small Slimes","floor":4.0,"turns":1.0},{"damage":0.0,"enemies":"3 Sentries","floor":7.0,"turns":1.0},{"damage":7.0,"enemies":"Jaw Worm","floor":10.0,"turns":3.0},{"damage":28.0,"enemies":"Lagavulin","floor":11.0,"turns":4.0},{"damage":4.0,"enemies":"Looter","floor":13.0,"turns":3.0},{"damage":6.0,"enemies":"Large Slime","floor":14.0,"turns":5.0},{"damage":43.0,"enemies":"Hexaghost","floor":16.0,"turns":8.0},{"damage":20.0,"enemies":"2 Thieves","floor":18.0,"turns":3.0},{"damage":20.0,"enemies":"Chosen","floor":19.0,"turns":6.0},{"damage":17.0,"enemies":"Book of Stabbing","floor":24.0,"turns":4.0},{"damage":28.0,"enemies":"Snake Plant","floor":27.0,"turns":5.0},{"damage":13.0,"enemies":"Cultist and Chosen","floor":28.0,"turns":5.0},{"damage":66,"enemies":"3 Cultists","floor":31,"turns":5}],"seed_played":"764410621319786247","potions_obtained":[{"floor":1.0,"key":"Fire Potion"},{"floor":10.0,"key":"Weak Potion"},{"floor":18.0,"key":"SneckoOil"},{"floor":28.0,"key":"FearPotion"}],"is_trial":false,"path_per_floor":["M","T","?","M","?","R","E","R","T","M","E","R","M","M","R","B",null,"M","M","$","?","?","R","E","R","T","M","M","R","T","M"],"character_chosen":"THE_SILENT","items_purchased":[],"campfire_rested":4,"item_purchase_floors":[],"current_hp_per_floor":[59,59,59,59,59,59,66,66,66,59,33,55,51,47,47,4,59,41,21,21,21,21,44,29,53,53,39,40,65,65,0],"gold":345,"neow_bonus":"THREE_ENEMY_KILL","is_prod":false,"is_daily":false,"chose_seed":false,"campfire_upgraded":3,"win_rate":0,"timestamp":1568602848,"path_taken":["M","?","?","?","?","R","E","R","T","M","E","R","M","M","R","BOSS","M","M","$","?","?","R","E","R","T","M","M","R","?","M"],"build_version":"2019-09-12","purchased_purges":0,"victory":false,"max_hp_per_floor":[66,66,66,66,66,66,73,73,73,73,75,75,75,77,77,77,77,79,79,79,79,79,79,81,81,81,83,85,85,85,85],"card_choices":[{"not_picked":["Choke","Underhanded Strike"],"picked":"Deadly Poison","floor":1.0},{"not_picked":["Quick Slash","Well Laid Plans"],"picked":"Bouncing Flask","floor":4.0},{"not_picked":["Accuracy","Predator"],"picked":"Footwork","floor":7.0},{"not_picked":["Deadly Poison","Blade Dance"],"picked":"Bane","floor":10.0},{"not_picked":["Predator","Blade Dance","Skewer"],"picked":"Singing Bowl","floor":11.0},{"not_picked":["Poisoned Stab","Backflip"],"picked":"Escape Plan","floor":12.0},{"not_picked":["Blade Dance","Dagger Spray"],"picked":"Noxious Fumes","floor":13.0},{"not_picked":["Expertise","Phantasmal Killer","Dagger Spray"],"picked":"Singing Bowl","floor":14.0},{"not_picked":["Bullet Time","A Thousand Cuts"],"picked":"Burst","floor":16.0},{"not_picked":["Backstab","Prepared","Skewer"],"picked":"Singing Bowl","floor":18.0},{"not_picked":["Sucker Punch","Bane"],"picked":"Dodge and Roll+1","floor":19.0},{"not_picked":["Dagger Spray","Underhanded Strike"],"picked":"Noxious Fumes","floor":23.0},{"not_picked":["All Out Attack","Heel Hook","Reflex+1"],"picked":"Singing Bowl","floor":24.0},{"not_picked":["Backflip","Riddle With Holes"],"picked":"Leg Sweep","floor":25.0},{"not_picked":["Dodge and Roll","Outmaneuver","Phantasmal Killer"],"picked":"Singing Bowl","floor":27.0},{"not_picked":["Flying Knee","Outmaneuver","Riddle With Holes+1"],"picked":"Singing Bowl","floor":28.0},{"not_picked":["Quick Slash","Poisoned Stab"],"picked":"Deflect","floor":29.0}],"player_experience":1337607,"relics_obtained":[{"floor":2.0,"key":"Singing Bowl"},{"floor":7.0,"key":"Strawberry"},{"floor":9.0,"key":"Dream Catcher"},{"floor":11.0,"key":"Whetstone"},{"floor":24.0,"key":"Meat on the Bone"}],"event_choices":[{"damage_healed":0.0,"max_hp_gain":0.0,"max_hp_loss":0.0,"gold_gain":0.0,"event_name":"The Cleric","player_choice":"Leave","floor":3.0,"gold_loss":0.0,"damage_taken":0.0},{"damage_healed":0.0,"max_hp_gain":0.0,"max_hp_loss":0.0,"gold_gain":0.0,"event_name":"Golden Idol","player_choice":"Ignored","floor":5.0,"gold_loss":0.0,"damage_taken":0.0},{"damage_healed":0.0,"max_hp_gain":0.0,"max_hp_loss":0.0,"gold_gain":0.0,"event_name":"Addict","player_choice":"Obtained Relic","floor":21.0,"gold_loss":85.0,"damage_taken":0.0,"relics_obtained":["PreservedInsect"]},{"damage_healed":0.0,"max_hp_gain":0.0,"max_hp_loss":0.0,"gold_gain":0.0,"event_name":"Cursed Tome","player_choice":"Ignored","floor":22.0,"gold_loss":0.0,"damage_taken":0.0}],"is_beta":true,"boss_relics":[{"not_picked":["Fusion Hammer","Runic Dome"],"picked":"Cursed Key"}],"items_purged_floors":[],"is_endless":false,"potions_floor_spawned":[1,10,13,14,16,18,19,28],"killed_by":"3 Cultists","ascension_level":17}