{"path_per_floor":["M","?","M","M","M","R","M","R","T","$","E","$","M","M","R"],"character_chosen":"IRONCLAD","items_purchased":["Inflame","Feed"],"gold_per_floor":[117,217,237,254,264,264,277,277,346,271,305,91,104,123,123,123],"floor_reached":16,"campfire_rested":0,"playtime":431,"item_purchase_floors":[12,12],"current_hp_per_floor":[80,80,80,80,70,70,64,64,64,64,56,56,55,56,56,0],"items_purged":["Strike_R"],"gold":123,"score":104,"play_id":"7003cf59-4827-4736-904d-f1cedea1486b","local_time":"20180531123051","is_prod":false,"is_daily":false,"chose_seed":false,"is_ascension_mode":false,"campfire_upgraded":2,"win_rate":0,"timestamp":1527784251,"campfire_choices":[{"data":"Fiend Fire","floor":6,"key":"SMITH"},{"data":"Entrench","floor":8,"key":"SMITH"},{"data":"1","floor":15,"key":"LIFT"}],"path_taken":["M","?","M","M","M","R","M","R","T","$","E","$","?","M","R","BOSS"],"build_version":"2018-05-30v2","seed_source_timestamp":58059371803454,"purchased_purges":1,"victory":false,"master_deck":["Strike_R","Strike_R","Strike_R","Strike_R","Defend_R","Defend_R","Defend_R","Defend_R","Bash","Fiend Fire+1","Thunderclap","Entrench+1","Armaments","Heavy Blade","Inflame","Feed","Evolve"],"max_hp_per_floor":[80,80,80,80,80,80,80,80,80,80,80,80,80,83,83,83],"relics":["Burning Blood","Letter Opener","Girya"],"card_choices":[{"not_picked":["Cleave","Anger"],"picked":"Thunderclap","floor":1},{"not_picked":["Heavy Blade","Fire Breathing","Rupture"],"picked":"SKIP","floor":3},{"not_picked":["Sentinel","Iron Wave"],"picked":"Entrench","floor":4},{"not_picked":["Intimidate","Metallicize"],"picked":"Armaments","floor":5},{"not_picked":["Rupture","Clash","Reckless Charge"],"picked":"SKIP","floor":7},{"not_picked":["Reckless Charge","Perfected Strike"],"picked":"Heavy Blade","floor":11},{"not_picked":["Bloodletting","Flex","Pommel Strike"],"picked":"SKIP","floor":13},{"not_picked":["Burning Pact","Pommel Strike"],"picked":"Evolve","floor":14}],"player_experience":533235,"potions_floor_usage":[7,16,16],"damage_taken":[{"damage":0,"enemies":"Small Slimes","floor":1,"turns":3},{"damage":1,"enemies":"Cultist","floor":3,"turns":3},{"damage":6,"enemies":"Jaw Worm","floor":4,"turns":3},{"damage":16,"enemies":"Red Slaver","floor":5,"turns":5},{"damage":12,"enemies":"Gremlin Gang","floor":7,"turns":3},{"damage":14,"enemies":"Gremlin Nob","floor":11,"turns":3},{"damage":7,"enemies":"Large Slime","floor":13,"turns":3},{"damage":8,"enemies":"3 Louse","floor":14,"turns":4},{"damage":57,"enemies":"Hexaghost","floor":16,"turns":9}],"relics_obtained":[{"floor":9,"key":"Letter Opener"},{"floor":11,"key":"Girya"}],"event_choices":[{"event_name":"Golden Shrine","player_choice":"Pray","floor":2,"damage_taken":0}],"boss_relics":[],"items_purged_floors":[10],"potions_floor_spawned":[3,7,13,14],"seed_played":"-1018318779768520305","killed_by":"Hexaghost","ascension_level":0,"potions_obtained":[{"floor":3,"key":"Explosive Potion"},{"floor":7,"key":"Dexterity Potion"},{"floor":13,"key":"Strength Potion"},{"floor":14,"key":"Block Potion"}],"is_trial":false}