{"path_per_floor":["M","?","?","M","M","E","R","M","T","M","R","$","?","M","R","B",null,"M","?","M","?","$","R","?","M","T","R","M","M","?","M","R"],"character_chosen":"DEFECT","items_purchased":["Secret Technique","Turbo"],"gold_per_floor":[113,113,113,131,150,182,182,198,249,263,263,4,34,47,47,145,145,131,131,141,141,18,18,18,30,30,30,48,59,59,72,72,72],"floor_reached":33,"campfire_rested":2,"playtime":4186,"current_hp_per_floor":[75,75,80,78,78,18,18,18,25,23,23,23,23,16,42,19,87,81,65,23,23,23,23,23,13,13,39,39,29,58,58,58,0],"items_purged":["Strike_B","Dualcast"],"gold":72,"score":286,"play_id":"4b8ed2b4-5499-4dfa-8fb4-2bf692ee4420","local_time":"20180428183314","is_prod":false,"is_daily":false,"chose_seed":false,"is_ascension_mode":true,"campfire_upgraded":4,"timestamp":1524965594,"path_taken":["M","?","?","?","M","E","R","M","T","M","R","$","?","M","R","BOSS","M","?","M","?","$","R","?","M","T","R","M","M","?","?","R","BOSS"],"build_version":"2018-04-26v2","seed_source_timestamp":5202841187973,"purchased_purges":2,"victory":false,"master_deck":["Zap+1","Sweeping Beam","Auto Shields","Turbo+1","Glacier","Chaos+1","Double Energy+1","Secret Technique+1","Skim","Thunder Strike","Gash","Genetic Algorithm","Sunder","Reinforced Body","Blizzard","Leap","Capacitor","Hologram+1","Turbo","Heatsinks","Leap","Blaster"],"max_hp_per_floor":[75,75,80,80,80,80,80,80,87,87,87,87,87,87,87,87,87,87,87,87,87,87,87,87,87,87,87,87,87,87,87,87,87],"relics":["Cracked Core","Bottled Flame","Pandora\u0027s Box","Enchiridion","Nloth\u0027s Gift","Dead Branch"],"card_choices":[{"not_picked":["Impulse","Blizzard"],"picked":"Sweeping Beam","floor":1},{"not_picked":["Axe Kick","Streamline"],"picked":"Auto Shields","floor":4},{"not_picked":["Sweeping Beam","Impulse"],"picked":"Turbo","floor":5},{"not_picked":["White Noise","Sweeping Beam"],"picked":"Glacier","floor":6},{"not_picked":["Beam Cell","Axe Kick"],"picked":"Chaos","floor":8},{"not_picked":["Steam Power","Beam Cell"],"picked":"Double Energy","floor":10},{"not_picked":["Ball Lightning","Coolheaded"],"picked":"Skim","floor":14},{"not_picked":["Redo","Rainbow"],"picked":"Thunder Strike","floor":16},{"not_picked":["Axe Kick","Cold Snap"],"picked":"Capacitor","floor":18},{"not_picked":["Storm","Sunder"],"picked":"Hologram","floor":20},{"not_picked":["Melter","Recycle"],"picked":"Heatsinks","floor":25},{"not_picked":["Genetic Algorithm","Ball Lightning"],"picked":"Leap","floor":29},{"not_picked":["Ball Lightning","Coolheaded"],"picked":"Blaster","floor":31}],"player_experience":455543,"potions_floor_usage":[6,25,25,29,33],"damage_taken":[{"damage":0,"enemies":"Small Slimes","floor":1,"turns":3},{"damage":2,"enemies":"Jaw Worm","floor":4,"turns":4},{"damage":0,"enemies":"Cultist","floor":5,"turns":4},{"damage":60,"enemies":"Gremlin Nob","floor":6,"turns":5},{"damage":0,"enemies":"Looter","floor":8,"turns":4},{"damage":2,"enemies":"Blue Slaver","floor":10,"turns":5},{"damage":7,"enemies":"3 Louse","floor":14,"turns":3},{"damage":23,"enemies":"The Guardian","floor":16,"turns":17},{"damage":6,"enemies":"2 Thieves","floor":18,"turns":5},{"damage":42,"enemies":"3 Byrds","floor":20,"turns":6},{"damage":25,"enemies":"3 Cultists","floor":25,"turns":7},{"damage":0,"enemies":"Centurion and Healer","floor":28,"turns":9},{"damage":10,"enemies":"Snake Plant","floor":29,"turns":3},{"damage":0,"enemies":"3 Cultists","floor":31,"turns":5},{"damage":62,"enemies":"Champ","floor":33,"turns":10}],"event_choices":[{"event_name":"Living Wall","player_choice":"Forget","floor":2,"damage_taken":0},{"event_name":"Big Fish","player_choice":"Donut","floor":3,"damage_taken":0},{"event_name":"Dead Adventurer","player_choice":"Searched \u00272\u0027 times","floor":13,"damage_taken":0},{"event_name":"Cursed Tome","player_choice":"Obtained Book","floor":19,"damage_taken":0},{"event_name":"Upgrade Shrine","player_choice":"Upgraded","floor":21,"damage_taken":0},{"event_name":"N\u0027loth","player_choice":"Traded a Strawberry","floor":24,"damage_taken":0},{"event_name":"The Library","player_choice":"Heal","floor":30,"damage_taken":0}],"boss_relics":[{"not_picked":["Black Star","Orrery"],"picked":"Pandora\u0027s Box"}],"potions_floor_spawned":[4,6,8,20,31],"seed_played":"5707480082611228408","killed_by":"Champ","ascension_level":3,"is_trial":false}