{"gold_per_floor":[213,228,238,313,313,313,43,76,76,76,88,263,263,274,274,274],"floor_reached":16,"playtime":849,"items_purged":[],"score":100,"play_id":"339f2f3f-2228-4d31-842a-6fa6c41384f2","local_time":"20180707095510","is_ascension_mode":false,"campfire_choices":[{"data":"Recycle","floor":6,"key":"SMITH"},{"data":"Double Energy","floor":10,"key":"SMITH"},{"data":"Hologram","floor":13,"key":"SMITH"},{"data":"Dualcast","floor":15,"key":"SMITH"}],"neow_cost":"NONE","seed_source_timestamp":277402748574110,"circlet_count":0,"master_deck":["Strike_B","Strike_B","Strike_B","Strike_B","Defend_B","Defend_B","Defend_B","Defend_B","Zap","Dualcast+1","Hologram+1","Recycle+1","Genetic Algorithm","Double Energy+1","Rainbow","Cold Snap","Glacier","Sweeping Beam","Doubt","Compile Driver"],"relics":["Cracked Core","Ancient Tea Set","Juzu Bracelet","Letter Opener"],"potions_floor_usage":[8,16],"damage_taken":[{"damage":11,"enemies":"Jaw Worm","floor":1,"turns":3},{"damage":0,"enemies":"2 Louse","floor":2,"turns":2},{"damage":0,"enemies":"Small Slimes","floor":3,"turns":4},{"damage":11,"enemies":"3 Sentries","floor":8,"turns":9},{"damage":11,"enemies":"2 Fungi Beasts","floor":11,"turns":4},{"damage":0,"enemies":"Looter","floor":14,"turns":3},{"damage":33,"enemies":"Hexaghost","floor":16,"turns":9}],"seed_played":"4712059764323068875","potions_obtained":[{"floor":3,"key":"Swift Potion"},{"floor":8,"key":"Swift Potion"},{"floor":14,"key":"Fire Potion"}],"is_trial":false,"path_per_floor":["M","M","M","?","T","R","$","E","T","R","M","?","R","M","R"],"character_chosen":"DEFECT","items_purchased":["Double Energy","Rainbow","Cold Snap"],"campfire_rested":0,"item_purchase_floors":[7,7,7],"current_hp_per_floor":[64,64,64,53,53,53,53,42,42,42,31,31,31,31,31,0],"gold":274,"neow_bonus":"HUNDRED_GOLD","is_prod":false,"is_daily":false,"chose_seed":false,"campfire_upgraded":4,"win_rate":0,"timestamp":1530950110,"path_taken":["M","M","M","?","?","R","$","E","T","R","M","?","R","M","R","BOSS"],"build_version":"2018-07-05","purchased_purges":0,"victory":false,"max_hp_per_floor":[75,75,75,75,75,75,75,75,75,75,75,75,75,75,75,75],"card_choices":[{"not_picked":["Beam Cell","Rip and Tear"],"picked":"Hologram","floor":1},{"not_picked":["Gash","Barrage"],"picked":"Recycle","floor":2},{"not_picked":["Gash","Heatsinks"],"picked":"Genetic Algorithm","floor":3},{"not_picked":["Compile Driver","Turbo"],"picked":"Glacier","floor":8},{"not_picked":["Conserve Battery","Stack"],"picked":"Sweeping Beam","floor":11},{"not_picked":["Sweeping Beam","Rainbow"],"picked":"Compile Driver","floor":14}],"player_experience":75127,"relics_obtained":[{"floor":5,"key":"Ancient Tea Set"},{"floor":8,"key":"Juzu Bracelet"},{"floor":9,"key":"Letter Opener"}],"event_choices":[{"event_name":"World of Goop","player_choice":"Gather Gold","floor":4,"damage_taken":0},{"event_name":"Liars Game","player_choice":"agreed","floor":12,"damage_taken":0}],"boss_relics":[],"items_purged_floors":[],"is_endless":false,"potions_floor_spawned":[3,8,14],"killed_by":"Hexaghost","ascension_level":0}