{"gold_per_floor":[116,116,131,0,10,10,37,10,10,10,10,10,21,40,40,118,118,134,2,52,66,85,85,101,101],"floor_reached":25,"playtime":728,"items_purged":[],"score":410,"play_id":"fa9db358-1902-45c4-a291-a5442aef6940","local_time":"20190915141701","is_ascension_mode":true,"campfire_choices":[{"data":"Armaments","floor":6.0,"key":"SMITH"},{"floor":10.0,"key":"REST"},{"data":"Inflame","floor":12.0,"key":"SMITH"},{"floor":15.0,"key":"REST"},{"floor":23.0,"key":"REST"}],"neow_cost":"NONE","seed_source_timestamp":87815129324200,"circlet_count":0,"master_deck":["AscendersBane","Strike_R","Strike_R","Strike_R","Strike_R","Defend_R","Defend_R","Defend_R","Defend_R","Bash","Armaments+1","Impervious","Whirlwind","Inflame+1","Sword Boomerang","Limit Break+1","Thunderclap","Flex","Double Tap","Shockwave","Clothesline","Infernal Blade"],"special_seed":0,"relics":["Burning Blood","NeowsBlessing","Pen Nib","Orichalcum","Busted Crown"],"potions_floor_usage":[],"damage_taken":[{"damage":0.0,"enemies":"Small Slimes","floor":1.0,"turns":1.0},{"damage":0.0,"enemies":"Cultist","floor":3.0,"turns":1.0},{"damage":0.0,"enemies":"2 Louse","floor":5.0,"turns":1.0},{"damage":55.0,"enemies":"Gremlin Nob","floor":7.0,"turns":5.0},{"damage":6.0,"enemies":"Exordium Thugs","floor":8.0,"turns":4.0},{"damage":11.0,"enemies":"2 Fungi Beasts","floor":13.0,"turns":4.0},{"damage":22.0,"enemies":"Exordium Wildlife","floor":14.0,"turns":4.0},{"damage":30.0,"enemies":"Slime Boss","floor":16.0,"turns":6.0},{"damage":22.0,"enemies":"Spheric Guardian","floor":18.0,"turns":4.0},{"damage":8.0,"enemies":"2 Thieves","floor":21.0,"turns":4.0},{"damage":38.0,"enemies":"Shelled Parasite and Fungi","floor":22.0,"turns":6.0},{"damage":30.0,"enemies":"Chosen and Byrds","floor":24.0,"turns":7.0},{"damage":31,"enemies":"Gremlin Leader","floor":25,"turns":4}],"seed_played":"-3930841686081355950","potions_obtained":[{"floor":7.0,"key":"SpeedPotion"},{"floor":8.0,"key":"Weak Potion"},{"floor":21.0,"key":"Regen Potion"}],"is_trial":false,"path_per_floor":["M","?","M","$","M","R","E","M","T","R","?","R","M","M","R","B",null,"M","$","?","M","M","R","M","E"],"character_chosen":"IRONCLAD","items_purchased":["Whirlwind","Inflame","Shockwave","Clothesline"],"campfire_rested":3,"item_purchase_floors":[4,4,19,19],"current_hp_per_floor":[74,74,75,75,75,75,26,26,26,48,48,48,43,27,49,25,63,47,47,47,45,28,50,26,0],"gold":101,"neow_bonus":"THREE_ENEMY_KILL","is_prod":false,"is_daily":false,"chose_seed":false,"campfire_upgraded":2,"win_rate":0,"timestamp":1568575021,"path_taken":["M","?","M","$","?","R","E","M","T","R","?","R","M","M","R","BOSS","M","?","?","M","M","R","?","E"],"build_version":"2019-09-12","purchased_purges":0,"victory":false,"max_hp_per_floor":[75,75,75,75,75,75,75,75,75,75,75,75,75,75,75,75,75,75,75,75,75,75,75,75,75],"card_choices":[{"not_picked":["Perfected Strike","Body Slam"],"picked":"Armaments","floor":1.0},{"not_picked":["Pommel Strike","Twin Strike"],"picked":"Impervious","floor":3.0},{"not_picked":["Perfected Strike","Carnage"],"picked":"Sword Boomerang","floor":5.0},{"not_picked":["Combust","Sword Boomerang"],"picked":"Limit Break","floor":7.0},{"not_picked":["Perfected Strike","Clash"],"picked":"Thunderclap","floor":8.0},{"not_picked":["Rampage","Metallicize"],"picked":"Flex","floor":13.0},{"not_picked":["Second Wind","Sword Boomerang","Armaments"],"picked":"SKIP","floor":14.0},{"not_picked":["Impervious","Brutality"],"picked":"Double Tap","floor":16.0},{"not_picked":["Power Through"],"picked":"SKIP","floor":18.0},{"not_picked":[],"picked":"Infernal Blade","floor":21.0},{"not_picked":["Pommel Strike"],"picked":"SKIP","floor":22.0},{"not_picked":["Dual Wield"],"picked":"SKIP","floor":24.0}],"player_experience":1328041,"relics_obtained":[{"floor":7.0,"key":"Pen Nib"},{"floor":9.0,"key":"Orichalcum"}],"event_choices":[{"cards_removed":["Strike_R"],"damage_healed":0.0,"max_hp_gain":0.0,"max_hp_loss":0.0,"gold_gain":0.0,"event_name":"Bonfire Elementals","player_choice":"Offered Basic","floor":2.0,"gold_loss":0.0,"damage_taken":0.0},{"damage_healed":0.0,"max_hp_gain":0.0,"max_hp_loss":0.0,"gold_gain":0.0,"event_name":"Accursed Blacksmith","player_choice":"Forge","floor":11.0,"gold_loss":0.0,"damage_taken":0.0,"cards_upgraded":["Limit Break"]},{"damage_healed":0.0,"max_hp_gain":0.0,"max_hp_loss":0.0,"gold_gain":50.0,"event_name":"Golden Shrine","player_choice":"Pray","floor":20.0,"gold_loss":0.0,"damage_taken":0.0}],"is_beta":true,"boss_relics":[{"not_picked":["Tiny House","Runic Pyramid"],"picked":"Busted Crown"}],"items_purged_floors":[],"is_endless":false,"potions_floor_spawned":[7,8,14,21],"killed_by":"Gremlin Leader","ascension_level":20}