{"gold_per_floor":[113,125,137,137,137,172,188,188,188,188,219,71,71,85,85,215,215,239,239,364,289,304,304,304,323,323,341,365,192,205,220,220,343,343,362,385,405,86,86,86],"floor_reached":40,"playtime":1661,"items_purged":["Strike_R","Strike_R","Strike_R"],"score":400,"play_id":"09bb1aaa-a1ce-4b61-99c2-dbf178da0941","local_time":"20190106135113","is_ascension_mode":false,"campfire_choices":[{"data":"Sword Boomerang","floor":10,"key":"SMITH"},{"data":"Pommel Strike","floor":13,"key":"SMITH"},{"floor":15,"key":"REST"},{"data":"Terror","floor":23,"key":"SMITH"},{"data":"Demon Form","floor":32,"key":"SMITH"}],"neow_cost":"NONE","seed_source_timestamp":835836302728876,"circlet_count":0,"master_deck":["Strike_R","Defend_R","Defend_R","Defend_R","Defend_R","Bash","Thunderclap","Sword Boomerang+1","Reaper","Pommel Strike+1","Sword Boomerang","Demon Form+1","Armaments+1","Terror+1","Iron Wave","Blur","Whirlwind","Shrug It Off+1","Cloak And Dagger","Parasite","Shrug It Off+1"],"relics":["Burning Blood","Golden Idol","Regal Pillow","hubris:BundleOfHerbs","Orichalcum","Vajra","hubris:Backtick","Paper Frog","infinitespire:Golems Mask","hubris:DisguiseKit","Ancient Tea Set","hubris:HollowSoul","Lee\u0027s Waffle"],"potions_floor_usage":[11,16,20,31,40,40],"damage_taken":[{"damage":0,"enemies":"Small Slimes","floor":1,"turns":3},{"damage":5,"enemies":"Jaw Worm","floor":2,"turns":5},{"damage":0,"enemies":"2 Louse","floor":3,"turns":3},{"damage":15,"enemies":"Gremlin Nob","floor":6,"turns":4},{"damage":28,"enemies":"Lots of Slimes","floor":7,"turns":4},{"damage":36,"enemies":"Lagavulin","floor":11,"turns":8},{"damage":11,"enemies":"Gremlin Gang","floor":14,"turns":4},{"damage":34,"enemies":"Hexaghost","floor":16,"turns":7},{"damage":18,"enemies":"2 Thieves","floor":18,"turns":3},{"damage":35,"enemies":"Colosseum Slavers","floor":20,"turns":4},{"damage":24,"enemies":"Colosseum Nobs","floor":20,"turns":5},{"damage":14,"enemies":"Spheric Guardian","floor":22,"turns":4},{"damage":24,"enemies":"Centurion and Healer","floor":25,"turns":6},{"damage":39,"enemies":"Sentry and Sphere","floor":27,"turns":6},{"damage":7,"enemies":"Snecko","floor":28,"turns":4},{"damage":15,"enemies":"Snake Plant","floor":30,"turns":3},{"damage":10,"enemies":"Centurion and Healer","floor":31,"turns":5},{"damage":16,"enemies":"Champ","floor":33,"turns":6},{"damage":10,"enemies":"Orb Walker","floor":35,"turns":4},{"damage":61,"enemies":"3 Darklings","floor":36,"turns":5},{"damage":31,"enemies":"Writhing Mass","floor":37,"turns":7},{"damage":21,"enemies":"Reptomancer","floor":40,"turns":3}],"seed_played":"-2917517867224544177","potions_obtained":[{"floor":2,"key":"SpeedPotion"},{"floor":14,"key":"FearPotion"},{"floor":16,"key":"AttackPotion"},{"floor":20,"key":"GamblersBrew"},{"floor":25,"key":"Dexterity Potion"},{"floor":27,"key":"SpeedPotion"},{"floor":37,"key":"Strength Potion"}],"is_trial":false,"path_per_floor":["M","M","M","?","?","E","M","?","T","R","E","$","R","M","R","B",null,"M","?","?","$","M","R","?","M","T","M","M","$","M","M","R","B",null,"M","M","M","$","?","E"],"character_chosen":"IRONCLAD","items_purchased":["Vajra","Whirlwind","Lee\u0027s Waffle"],"campfire_rested":1,"item_purchase_floors":[12,29,38],"current_hp_per_floor":[80,80,80,60,60,51,49,42,42,42,33,33,33,28,67,39,80,73,73,45,45,37,37,37,80,80,47,46,46,37,63,63,53,80,76,70,45,87,87,0],"gold":86,"neow_bonus":"THREE_CARDS","is_prod":false,"is_daily":false,"chose_seed":false,"campfire_upgraded":4,"win_rate":0,"timestamp":1546800673,"path_taken":["M","M","M","?","?","E","M","?","T","R","E","?","R","M","R","BOSS","M","?","?","?","M","R","?","?","T","M","M","$","M","M","R","BOSS","M","?","M","$","?","E"],"build_version":"2019-01-03v4","purchased_purges":3,"victory":false,"max_hp_per_floor":[80,80,80,80,80,80,80,80,80,80,80,80,80,80,80,80,80,80,80,80,80,80,80,80,80,80,80,80,80,80,80,80,80,80,80,80,80,87,87,87],"card_choices":[{"not_picked":["Sever Soul","Heavy Blade"],"picked":"Thunderclap","floor":0},{"not_picked":["Entrench","Sentinel"],"picked":"Sword Boomerang","floor":1},{"not_picked":["Burning Pact","Wild Strike"],"picked":"Headbutt","floor":2},{"not_picked":["Perfected Strike","Shrug It Off"],"picked":"Reaper","floor":3},{"not_picked":["Warcry","True Grit","Perfected Strike"],"picked":"SKIP","floor":6},{"not_picked":["hubris:ReadiedAction","Second Wind"],"picked":"Pommel Strike","floor":7},{"not_picked":["hubris:ReadiedAction","Havoc"],"picked":"Sword Boomerang","floor":11},{"not_picked":["Searing Blow","Twin Strike","Flex"],"picked":"SKIP","floor":14},{"not_picked":["Reaper","Barricade"],"picked":"Demon Form","floor":16},{"not_picked":["Headbutt","Dual Wield+1"],"picked":"Armaments+1","floor":18},{"not_picked":["Entrench","Armaments","Iron Wave+1"],"picked":"Terror","floor":22},{"not_picked":["Perfected Strike","Flex","Pummel"],"picked":"Blur","floor":25},{"not_picked":["Cleave+1","Thunderclap","hubris:StunningStrike","Well Laid Plans"],"picked":"SKIP","floor":27},{"not_picked":["Sword Boomerang","Dual Wield","Twin Strike+1","Eviscerate"],"picked":"SKIP","floor":28},{"not_picked":["Wild Strike","Pummel","Flying Knee"],"picked":"Shrug It Off+1","floor":30},{"not_picked":["Sword Boomerang","Flame Barrier","True Grit","PiercingWail"],"picked":"SKIP","floor":31},{"not_picked":["Power Through+1","Evolve+1","Pommel Strike"],"picked":"Cloak And Dagger","floor":35},{"not_picked":["Havoc","True Grit+1","Searing Blow","Backflip"],"picked":"SKIP","floor":36},{"not_picked":["hubris:CleavingFinish+1","Armaments","Endless Agony"],"picked":"Shrug It Off+1","floor":37}],"player_experience":544067,"relics_obtained":[{"floor":6,"key":"Regal Pillow"},{"floor":9,"key":"hubris:BundleOfHerbs"},{"floor":11,"key":"Orichalcum"},{"floor":20,"key":"infinitespire:Golems Mask"},{"floor":20,"key":"hubris:DisguiseKit"},{"floor":26,"key":"Ancient Tea Set"}],"event_choices":[{"damage_healed":0,"gold_gain":0,"player_choice":"Take Damage","damage_taken":20,"relics_obtained":["Golden Idol"],"max_hp_gain":0,"max_hp_loss":0,"event_name":"Golden Idol","floor":4,"gold_loss":0},{"damage_healed":0,"gold_gain":0,"player_choice":"Fled","damage_taken":0,"max_hp_gain":0,"max_hp_loss":0,"event_name":"Scrap Ooze","floor":5,"gold_loss":0},{"cards_removed":["Strike_R"],"damage_healed":0,"gold_gain":0,"player_choice":"Card Removal","damage_taken":7,"max_hp_gain":0,"max_hp_loss":0,"event_name":"Golden Wing","floor":8,"gold_loss":0},{"damage_healed":0,"gold_gain":0,"player_choice":"Ignored","damage_taken":0,"max_hp_gain":0,"max_hp_loss":0,"event_name":"Ghosts","floor":19,"gold_loss":0},{"damage_healed":0,"gold_gain":0,"player_choice":"Fight","damage_taken":0,"max_hp_gain":0,"max_hp_loss":0,"event_name":"Colosseum","floor":20,"gold_loss":0},{"damage_healed":0,"gold_gain":0,"player_choice":"Fought Nobs","damage_taken":0,"max_hp_gain":0,"max_hp_loss":0,"event_name":"Colosseum","floor":20,"gold_loss":0},{"cards_removed":["Headbutt"],"damage_healed":0,"gold_gain":0,"player_choice":"Took Card","damage_taken":0,"max_hp_gain":0,"max_hp_loss":0,"event_name":"NoteForYourself","floor":24,"gold_loss":0,"cards_obtained":["Iron Wave"]},{"damage_healed":0,"gold_gain":0,"player_choice":"Ignored","damage_taken":0,"max_hp_gain":0,"max_hp_loss":0,"event_name":"Mysterious Sphere","floor":39,"gold_loss":0}],"is_beta":false,"boss_relics":[{"not_picked":["hubris:ScarierMask","hubris:RunicObelisk"],"picked":"hubris:Backtick"},{"not_picked":["White Beast Statue","Runic Pyramid"],"picked":"hubris:HollowSoul"}],"items_purged_floors":[21,29,38],"is_endless":false,"potions_floor_spawned":[2,14,16,20,25,27,37],"killed_by":"Reptomancer","ascension_level":0}