{"gold_per_floor":[115,115,130,29,39,69,85,85,85,85,95,95,125,139,139,243,243,256,256,256,270,280,311,323,119,119,119,137,137,152,94,94,94],"floor_reached":33,"playtime":1193,"items_purged":["Strike_R","Strike_R"],"score":269,"play_id":"63cd4062-3404-4ebe-bb37-a2447eee3e2a","local_time":"20190913012024","is_ascension_mode":false,"campfire_choices":[{"data":"Armaments","floor":8,"key":"SMITH"},{"data":"Body Slam","floor":12,"key":"SMITH"},{"data":"Spot Weakness","floor":15,"key":"SMITH"},{"floor":27,"key":"REST"},{"floor":32,"key":"REST"}],"neow_cost":"NONE","seed_source_timestamp":127789125441300,"circlet_count":0,"master_deck":["Strike_R","Strike_R","Strike_R","Defend_R","Defend_R","Defend_R","Bash","Body Slam+1","Sword Boomerang","Armaments+1","Spot Weakness+1","Anger","Twin Strike","Bludgeon","Heavy Blade","Decay","Body Slam+1","Thunderclap+1","Shrug It Off+1","Fire Breathing"],"relics":["Black Star","Oddly Smooth Stone","The Courier","Ancient Tea Set","Ice Cream","Philosopher\u0027s Stone","MutagenicStrength","Du-Vu Doll","Lizard Tail","Orichalcum","Pantograph"],"potions_floor_usage":[6,16,23,24],"damage_taken":[{"damage":3,"enemies":"Jaw Worm","floor":1,"turns":4},{"damage":0,"enemies":"2 Louse","floor":3,"turns":3},{"damage":3,"enemies":"Small Slimes","floor":5,"turns":3},{"damage":16,"enemies":"Lagavulin","floor":6,"turns":5},{"damage":10,"enemies":"3 Louse","floor":7,"turns":4},{"damage":7,"enemies":"Exordium Thugs","floor":11,"turns":3},{"damage":13,"enemies":"Lots of Slimes","floor":14,"turns":3},{"damage":20,"enemies":"The Guardian","floor":16,"turns":9},{"damage":11,"enemies":"Shell Parasite","floor":18,"turns":3},{"damage":26,"enemies":"3 Byrds","floor":21,"turns":4},{"damage":18,"enemies":"Centurion and Healer","floor":22,"turns":6},{"damage":24,"enemies":"Book of Stabbing","floor":23,"turns":3},{"damage":36,"enemies":"Shelled Parasite and Fungi","floor":24,"turns":3},{"damage":0,"enemies":"Cultist and Chosen","floor":28,"turns":3},{"damage":22,"enemies":"Snake Plant","floor":30,"turns":3},{"damage":74,"enemies":"Automaton","floor":33,"turns":6}],"seed_played":"5894248269054250243","potions_obtained":[{"floor":3,"key":"SpeedPotion"},{"floor":5,"key":"Weak Potion"},{"floor":14,"key":"SteroidPotion"},{"floor":23,"key":"Fire Potion"},{"floor":24,"key":"Energy Potion"}],"is_trial":false,"path_per_floor":["M","?","M","$","M","E","M","R","T","?","M","R","?","M","R","B",null,"M","?","?","M","M","E","M","$","T","R","M","?","M","$","R","B"],"character_chosen":"IRONCLAD","items_purchased":["Armaments","Orichalcum","Fire Breathing"],"campfire_rested":2,"item_purchase_floors":[4,25,31],"current_hp_per_floor":[77,77,77,77,74,58,48,48,48,41,34,34,34,21,21,1,80,69,69,69,43,25,1,8,8,8,32,32,32,10,10,34,0],"gold":94,"neow_bonus":"BOSS_RELIC","is_prod":false,"is_daily":false,"chose_seed":false,"campfire_upgraded":3,"win_rate":0,"timestamp":1568352024,"path_taken":["M","?","M","$","M","E","M","R","T","?","M","R","?","M","R","BOSS","M","?","?","?","M","E","M","$","T","R","M","?","M","?","R","BOSS"],"build_version":"2019-09-11v2","purchased_purges":2,"victory":false,"max_hp_per_floor":[80,80,80,80,80,80,80,80,80,80,80,80,80,80,80,80,80,80,80,80,80,80,80,80,80,80,80,80,80,80,80,80,80],"card_choices":[{"not_picked":["Anger","Havoc"],"picked":"Body Slam","floor":1},{"not_picked":["Rupture","Iron Wave"],"picked":"Sword Boomerang","floor":3},{"not_picked":["Twin Strike","Flame Barrier"],"picked":"Spot Weakness","floor":5},{"not_picked":["Dual Wield","Warcry","Rage"],"picked":"SKIP","floor":6},{"not_picked":["Havoc","Dark Embrace"],"picked":"Anger","floor":7},{"not_picked":["Power Through","Intimidate","Second Wind"],"picked":"SKIP","floor":11},{"not_picked":["Second Wind","Wild Strike"],"picked":"Twin Strike","floor":14},{"not_picked":["Berserk","Barricade"],"picked":"Bludgeon","floor":16},{"not_picked":["Iron Wave","Ghostly Armor+1"],"picked":"Heavy Blade","floor":18},{"not_picked":["Cleave+1","Wild Strike"],"picked":"Body Slam+1","floor":21},{"not_picked":["Pommel Strike+1","Offering"],"picked":"Thunderclap+1","floor":22},{"not_picked":["Havoc","Disarm"],"picked":"Shrug It Off+1","floor":23},{"not_picked":["Iron Wave","Searing Blow","Warcry"],"picked":"SKIP","floor":24},{"not_picked":["Cleave","Clothesline","Rage"],"picked":"SKIP","floor":28},{"not_picked":["Warcry","Dual Wield","Fiend Fire"],"picked":"SKIP","floor":30}],"player_experience":1010609,"relics_obtained":[{"floor":6,"key":"Oddly Smooth Stone"},{"floor":6,"key":"The Courier"},{"floor":9,"key":"Ancient Tea Set"},{"floor":23,"key":"Du-Vu Doll"},{"floor":23,"key":"Lizard Tail"},{"floor":26,"key":"Pantograph"}],"event_choices":[{"damage_healed":0,"gold_gain":0,"player_choice":"Ignored","damage_taken":0,"max_hp_gain":0,"max_hp_loss":0,"event_name":"Liars Game","floor":2,"gold_loss":0},{"cards_removed":["Defend_R"],"damage_healed":0,"gold_gain":0,"player_choice":"Card Removal","damage_taken":7,"max_hp_gain":0,"max_hp_loss":0,"event_name":"Golden Wing","floor":10,"gold_loss":0},{"damage_healed":0,"gold_gain":30,"player_choice":"Searched \u00272\u0027 times","damage_taken":0,"relics_obtained":["Ice Cream"],"max_hp_gain":0,"max_hp_loss":0,"event_name":"Dead Adventurer","floor":13,"gold_loss":0},{"damage_healed":0,"gold_gain":0,"player_choice":"Inject Mutagens","damage_taken":0,"relics_obtained":["MutagenicStrength"],"max_hp_gain":0,"max_hp_loss":0,"event_name":"Drug Dealer","floor":19,"gold_loss":0},{"damage_healed":0,"gold_gain":0,"player_choice":"Cursed","damage_taken":0,"max_hp_gain":0,"max_hp_loss":0,"event_name":"Wheel of Change","floor":20,"gold_loss":0,"cards_obtained":["Decay"]},{"damage_healed":0,"gold_gain":0,"player_choice":"Ignored","damage_taken":0,"max_hp_gain":0,"max_hp_loss":0,"event_name":"N\u0027loth","floor":29,"gold_loss":0}],"is_beta":true,"boss_relics":[{"not_picked":["Empty Cage","Runic Cube"],"picked":"Philosopher\u0027s Stone"}],"items_purged_floors":[4,25],"is_endless":false,"potions_floor_spawned":[3,5,14,23,24],"killed_by":"Automaton","ascension_level":0}