{"path_per_floor":["M","?","M","?","M","R","?","M","T","M","R","M","?","M","R"],"character_chosen":"THE_SILENT","items_purchased":[],"gold_per_floor":[117,117,131,101,114,114,114,133,133,145,145,163,163,181,181,181],"floor_reached":16,"campfire_rested":0,"playtime":1588,"current_hp_per_floor":[57,62,62,62,48,48,48,44,44,42,42,42,48,47,47,0],"items_purged":[],"gold":181,"score":132,"play_id":"d7e3bb70-fc5c-4327-b760-1e93eb1ef9b3","local_time":"20180419142912","is_prod":false,"is_daily":false,"chose_seed":false,"is_ascension_mode":true,"campfire_upgraded":3,"timestamp":1524173352,"path_taken":["M","?","M","?","M","R","?","M","T","?","R","M","?","M","R","BOSS"],"build_version":"2018-04-12","seed_source_timestamp":101106096049519,"purchased_purges":0,"victory":false,"master_deck":["Defend_G","Defend_G","Defend_G","Defend_G","Defend_G","Strike_G","Strike_G","Strike_G","Survivor","Neutralize+1","Malaise","Dodge and Roll+1","Dodge and Roll+1","Concentrate+1","Bouncing Flask","Blur","Injury","Bouncing Flask"],"max_hp_per_floor":[63,68,68,68,68,68,68,68,68,68,68,68,74,74,74,74],"relics":["Ring of the Snake","Darkstone Periapt","Golden Idol"],"card_choices":[{"not_picked":["Bane","Dagger Spray"],"picked":"Malaise","floor":1},{"not_picked":["Acrobatics","Quick Slash"],"picked":"Dodge and Roll","floor":3},{"not_picked":["Slice","Malaise"],"picked":"Dodge and Roll","floor":5},{"not_picked":["PiercingWail","Bouncing Flask"],"picked":"Concentrate","floor":8},{"not_picked":["Underhanded Strike","Prepared"],"picked":"Bouncing Flask","floor":10},{"not_picked":["Calculated Gamble","Outmaneuver"],"picked":"Blur","floor":12},{"not_picked":["Dodge and Roll","Deadly Poison"],"picked":"Bouncing Flask","floor":14}],"player_experience":385139,"potions_floor_usage":[10,10,12,16],"damage_taken":[{"damage":6,"enemies":"Jaw Worm","floor":1,"turns":7},{"damage":0,"enemies":"2 Louse","floor":3,"turns":5},{"damage":14,"enemies":"Cultist","floor":5,"turns":7},{"damage":4,"enemies":"Red Slaver","floor":8,"turns":9},{"damage":2,"enemies":"Large Slime","floor":10,"turns":17},{"damage":0,"enemies":"Lots of Slimes","floor":12,"turns":8},{"damage":1,"enemies":"3 Louse","floor":14,"turns":8},{"damage":47,"enemies":"Slime Boss","floor":16,"turns":15}],"event_choices":[{"event_name":"Big Fish","player_choice":"Donut","floor":2,"damage_taken":0},{"event_name":"The Woman in Blue","player_choice":"Bought 2 Potions","floor":4,"damage_taken":0},{"event_name":"Upgrade Shrine","player_choice":"Upgraded","floor":7,"damage_taken":0},{"event_name":"Golden Idol","player_choice":"Take Wound","floor":13,"damage_taken":0}],"boss_relics":[],"potions_floor_spawned":[3,8,14],"seed_played":"5242405561791216323","killed_by":"Slime Boss","ascension_level":8,"is_trial":false}