{"path_per_floor":["M","M","M","?","$","R","M","E","T","M","M","R","M","$","R","B",null,"M","?","$","M","?","R","M","M","T","M"],"character_chosen":"THE_SILENT","items_purchased":["Blur","After Image"],"gold_per_floor":[114,129,144,144,69,69,85,146,199,215,230,230,242,142,142,239,239,252,252,31,45,45,45,61,79,79,90],"floor_reached":28,"campfire_rested":2,"playtime":1262,"current_hp_per_floor":[68,64,63,52,52,52,44,19,19,14,7,32,32,32,57,40,84,67,67,67,67,67,67,50,27,27,19],"items_purged":["Strike_G","Strike_G"],"gold":90,"score":224,"play_id":"92a4cb48-f01f-475d-b7f5-14c5e4ebdf09","local_time":"20180321160438","is_prod":false,"is_daily":false,"is_ascension_mode":false,"campfire_upgraded":2,"timestamp":1521662678,"path_taken":["M","M","M","?","$","R","M","E","T","?","M","R","M","$","R","BOSS","M","?","$","M","?","R","M","M","T","M","M"],"build_version":"2018-03-15v3","purchased_purges":2,"victory":false,"master_deck":["Defend_G","Defend_G","Defend_G","Defend_G","Defend_G","Strike_G","Strike_G","Strike_G","Survivor","Neutralize+1","Cloak And Dagger","Deadly Poison+1","Sucker Punch","Heel Hook","Backflip","Noxious Fumes+1","After Image","Crippling Poison","Blur","After Image","Caltrops+1","Well Laid Plans"],"max_hp_per_floor":[70,70,70,84,84,84,84,84,84,84,84,84,84,84,84,84,84,84,84,84,84,84,84,84,84,84,84],"relics":["Ring of the Snake","Mango","Tiny Chest","Art of War","Philosopher\u0027s Stone","Molten Egg 2"],"card_choices":[{"not_picked":["Bane","PiercingWail"],"picked":"Cloak And Dagger"},{"not_picked":["Backflip","Dagger Spray"],"picked":"Deadly Poison"},{"not_picked":["Bane","Concentrate"],"picked":"Sucker Punch"},{"not_picked":["Backflip","Dodge and Roll"],"picked":"Heel Hook"},{"not_picked":["Slice","Choke"],"picked":"Backflip"},{"not_picked":["Backflip","PiercingWail"],"picked":"Noxious Fumes"},{"not_picked":["Storm of Steel","Glass Knife"],"picked":"After Image"},{"not_picked":["Quick Slash","Accuracy"],"picked":"Crippling Poison"},{"not_picked":["Slice","Flying Knee"],"picked":"Caltrops"},{"not_picked":["Acrobatics","Masterful Stab"],"picked":"Well Laid Plans"}],"player_experience":232656,"potions_floor_usage":[],"damage_taken":[{"damage":2,"enemies":"2 Louse","floor":1,"turns":4},{"damage":4,"enemies":"Small Slimes","floor":2,"turns":5},{"damage":1,"enemies":"Cultist","floor":3,"turns":4},{"damage":8,"enemies":"Looter","floor":7,"turns":3},{"damage":25,"enemies":"Lagavulin","floor":8,"turns":7},{"damage":5,"enemies":"Lots of Slimes","floor":10,"turns":5},{"damage":7,"enemies":"3 Louse","floor":11,"turns":4},{"damage":0,"enemies":"Blue Slaver","floor":13,"turns":4},{"damage":17,"enemies":"The Guardian","floor":16,"turns":10},{"damage":17,"enemies":"Spheric Guardian","floor":18,"turns":5},{"damage":0,"enemies":"Chosen","floor":21,"turns":6},{"damage":17,"enemies":"Centurion and Healer","floor":24,"turns":7},{"damage":23,"enemies":"Slaver and Parasite","floor":25,"turns":6},{"damage":8,"enemies":"Snake Plant","floor":27,"turns":5},{"damage":24,"enemies":"3 Cultists","floor":28,"turns":3}],"event_choices":[{"event_name":"Scrap Ooze","player_choice":"success","floor":4,"damage_taken":25},{"event_name":"Upgrade Shrine","player_choice":"Upgraded","floor":19,"damage_taken":0},{"event_name":"Addict","player_choice":"Ignored","floor":22,"damage_taken":0}],"boss_relics":[{"not_picked":["Cursed Key","Pandora\u0027s Box"],"picked":"Philosopher\u0027s Stone"}],"potions_floor_spawned":[2,7,11,16,21,25],"seed_played":"-8653783654534293628","killed_by":"3 Cultists","ascension_level":0,"is_trial":false}