{"gold_per_floor":[115,131,22,22,40,65,65,97,97,97,110,110],"floor_reached":12,"playtime":797,"items_purged":["Defend_B"],"score":136,"play_id":"be9a40a8-45a9-4a41-8733-963faa34a5c3","local_time":"20190802122514","is_ascension_mode":true,"campfire_choices":[{"data":"Zap","floor":7,"key":"SMITH"}],"neow_cost":"NONE","seed_source_timestamp":1413892793278255,"circlet_count":0,"master_deck":["AscendersBane","Strike_B+1","Strike_B+1","Strike_B","Defend_B","Defend_B","Defend_B","Zap+1","Dualcast","Go for the Eyes","Beam Cell","Scrape","White Noise","Ball Lightning","Ball Lightning"],"relics":["Cracked Core","Strawberry","Vajra","Sundial","PreservedInsect"],"potions_floor_usage":[12],"damage_taken":[{"damage":0,"enemies":"Cultist","floor":1,"turns":3},{"damage":4,"enemies":"Small Slimes","floor":2,"turns":3},{"damage":7,"enemies":"Jaw Worm","floor":5,"turns":3},{"damage":7,"enemies":"Gremlin Nob","floor":6,"turns":3},{"damage":25,"enemies":"Lagavulin","floor":8,"turns":5},{"damage":2,"enemies":"Large Slime","floor":11,"turns":3},{"damage":7,"enemies":"Exordium Thugs","floor":12,"turns":1}],"seed_played":"1087379727447918017","potions_obtained":[{"floor":8,"key":"Strength Potion"}],"is_trial":false,"path_per_floor":["M","M","$","?","M","E","R","E","T","?","M","M"],"character_chosen":"DEFECT","items_purchased":["Scrape"],"campfire_rested":0,"item_purchase_floors":[3],"current_hp_per_floor":[75,71,71,55,48,41,41,16,16,9,7,0],"gold":110,"neow_bonus":"RANDOM_COMMON_RELIC","is_prod":false,"is_daily":false,"chose_seed":false,"campfire_upgraded":1,"win_rate":0,"timestamp":1564773914,"path_taken":["M","M","?","?","M","E","R","E","T","?","?","M"],"build_version":"2019-07-17","purchased_purges":1,"victory":false,"max_hp_per_floor":[82,82,82,82,82,82,82,82,82,82,82,82],"card_choices":[{"not_picked":["Beam Cell","BootSequence"],"picked":"Go for the Eyes","floor":1},{"not_picked":["Stack","Leap"],"picked":"Beam Cell","floor":2},{"not_picked":["Conserve Battery","Self Repair"],"picked":"White Noise","floor":5},{"not_picked":["Compile Driver","Fusion","Redo"],"picked":"SKIP","floor":6},{"not_picked":["Hologram","Sweeping Beam"],"picked":"Ball Lightning","floor":8},{"not_picked":["Heatsinks","Force Field"],"picked":"Ball Lightning","floor":11}],"player_experience":566445,"relics_obtained":[{"floor":6,"key":"Vajra"},{"floor":8,"key":"Sundial"},{"floor":9,"key":"PreservedInsect"}],"event_choices":[{"damage_healed":0,"gold_gain":0,"player_choice":"Entered Light","damage_taken":16,"max_hp_gain":0,"max_hp_loss":0,"event_name":"Shining Light","floor":4,"gold_loss":0,"cards_upgraded":["Strike_B","Strike_B"]},{"cards_removed":["Strike_B"],"damage_healed":0,"gold_gain":0,"player_choice":"Card Removal","damage_taken":7,"max_hp_gain":0,"max_hp_loss":0,"event_name":"Golden Wing","floor":10,"gold_loss":0}],"is_beta":false,"boss_relics":[],"items_purged_floors":[3],"is_endless":false,"potions_floor_spawned":[8],"killed_by":"Exordium Thugs","ascension_level":11}