{"gold_per_floor":[113,213,2,17,36,70,70,84,84,84,99,119,119,137,137,137],"floor_reached":16,"playtime":1341,"items_purged":["Defend_G"],"score":134,"play_id":"8d0d9206-a913-421b-96e9-8def804927ba","local_time":"20190915190437","is_ascension_mode":true,"campfire_choices":[{"data":"Adrenaline","floor":7,"key":"SMITH"},{"floor":10,"key":"REST"},{"floor":15,"key":"REST"}],"neow_cost":"NONE","seed_source_timestamp":2558087413309500,"circlet_count":0,"master_deck":["Strike_G","Strike_G","Strike_G","Strike_G","Strike_G","Defend_G","Defend_G","Defend_G","Defend_G","Survivor","Neutralize","Backflip","Adrenaline+1","Backflip","Backflip","Backflip"],"relics":["Lizard Tail","Blood Vial","Meat on the Bone"],"potions_floor_usage":[6,16,16,16],"damage_taken":[{"damage":0,"enemies":"2 Louse","floor":1,"turns":4},{"damage":2,"enemies":"Cultist","floor":4,"turns":6},{"damage":0,"enemies":"Small Slimes","floor":5,"turns":5},{"damage":39,"enemies":"Gremlin Nob","floor":6,"turns":6},{"damage":1,"enemies":"3 Louse","floor":8,"turns":5},{"damage":0,"enemies":"2 Fungi Beasts","floor":11,"turns":5},{"damage":0,"enemies":"Looter","floor":12,"turns":5},{"damage":4,"enemies":"Red Slaver","floor":14,"turns":4},{"damage":128,"enemies":"The Guardian","floor":16,"turns":31}],"seed_played":"-6756547410888917823","potions_obtained":[{"floor":1,"key":"GamblersBrew"},{"floor":5,"key":"Block Potion"},{"floor":8,"key":"Energy Potion"},{"floor":11,"key":"Block Potion"},{"floor":12,"key":"SkillPotion"}],"is_trial":false,"path_per_floor":["M","?","$","M","M","E","R","M","T","R","M","M","?","M","R","B"],"character_chosen":"THE_SILENT","items_purchased":["Adrenaline"],"campfire_rested":2,"item_purchase_floors":[3],"current_hp_per_floor":[70,70,70,68,68,29,29,30,30,51,53,55,55,53,70,0],"gold":137,"neow_bonus":"BOSS_RELIC","is_prod":false,"is_daily":false,"chose_seed":false,"campfire_upgraded":1,"win_rate":0,"timestamp":1568588677,"path_taken":["M","?","$","M","?","E","R","M","T","R","M","?","?","M","R","BOSS"],"build_version":"2019-07-17","purchased_purges":1,"victory":false,"max_hp_per_floor":[70,70,70,70,70,70,70,70,70,70,70,70,70,70,70,70],"card_choices":[{"not_picked":["Terror","Deadly Poison"],"picked":"Backflip","floor":1},{"not_picked":["PiercingWail","Terror"],"picked":"Backflip","floor":4},{"not_picked":["Deadly Poison","Blade Dance","Dagger Throw"],"picked":"SKIP","floor":5},{"not_picked":["Accuracy","Dagger Spray"],"picked":"Backflip","floor":6},{"not_picked":["Flechettes","Blade Dance","Predator"],"picked":"SKIP","floor":8},{"not_picked":["Expertise","Bane","Caltrops"],"picked":"SKIP","floor":11},{"not_picked":["Catalyst","Dodge and Roll"],"picked":"Backflip","floor":12},{"not_picked":["Crippling Poison","Dagger Spray","Flying Knee"],"picked":"SKIP","floor":14}],"player_experience":491485,"relics_obtained":[{"floor":6,"key":"Blood Vial"},{"floor":9,"key":"Meat on the Bone"}],"event_choices":[{"damage_healed":0,"gold_gain":100,"player_choice":"Gold","damage_taken":0,"max_hp_gain":0,"max_hp_loss":0,"event_name":"Wheel of Change","floor":2,"gold_loss":0},{"damage_healed":0,"gold_gain":0,"player_choice":"Ignored","damage_taken":0,"max_hp_gain":0,"max_hp_loss":0,"event_name":"Liars Game","floor":13,"gold_loss":0}],"is_beta":false,"boss_relics":[],"items_purged_floors":[3],"is_endless":false,"potions_floor_spawned":[1,5,8,11,12],"killed_by":"The Guardian","ascension_level":1}