{"gold_per_floor":[109,184,184,184,203,203,214,214,214,232,245,263,263,279,279,380,380,395,494,494,119,119,119,132,132,132,132,159,171,201,230,242,254],"floor_reached":33,"playtime":740,"items_purged":["Strike_B"],"score":346,"play_id":"de6356d8-9951-42e7-994c-d263dd3b845c","local_time":"20181226234313","is_ascension_mode":true,"campfire_choices":[{"data":"Gash","floor":6,"key":"SMITH"},{"data":"Gash","floor":8,"key":"SMITH"},{"floor":13,"key":"REST"},{"data":"Gash","floor":15,"key":"SMITH"},{"data":"Steam","floor":23,"key":"SMITH"},{"floor":25,"key":"REST"},{"data":"Reinforced Body","floor":27,"key":"SMITH"},{"floor":32,"key":"REST"}],"neow_cost":"TEN_PERCENT_HP_LOSS","seed_source_timestamp":539542053421424,"circlet_count":0,"master_deck":["Strike_B","Defend_B","Defend_B","Defend_B","Zap","Dualcast","Sweeping Beam","Gash+1","Gash+1","Gash+1","Reinforced Body+1","Hyperbeam+1","All For One+1","Gash+1","Steam+1","Streamline+1","Steam","Gash+1","Go for the Eyes+1","All For One+1","Gash+1","Gash+1","Decay"],"relics":["Cracked Core","Molten Egg 2","Orrery","DollysMirror","Bird Faced Urn","MawBank"],"potions_floor_usage":[11,16,16,30,30,33],"damage_taken":[{"damage":7,"enemies":"Small Slimes","floor":1,"turns":2},{"damage":4,"enemies":"2 Louse","floor":5,"turns":2},{"damage":2,"enemies":"Jaw Worm","floor":7,"turns":3},{"damage":7,"enemies":"Large Slime","floor":10,"turns":3},{"damage":0,"enemies":"2 Fungi Beasts","floor":11,"turns":2},{"damage":14,"enemies":"Gremlin Gang","floor":12,"turns":2},{"damage":0,"enemies":"Red Slaver","floor":14,"turns":3},{"damage":30,"enemies":"Hexaghost","floor":16,"turns":8},{"damage":1,"enemies":"Chosen","floor":18,"turns":3},{"damage":16,"enemies":"Shell Parasite","floor":24,"turns":3},{"damage":25,"enemies":"Book of Stabbing","floor":28,"turns":4},{"damage":12,"enemies":"Snake Plant","floor":30,"turns":3},{"damage":3,"enemies":"3 Cultists","floor":31,"turns":3},{"damage":60,"enemies":"Collector","floor":33,"turns":5}],"seed_played":"2105574601950679669","potions_obtained":[{"floor":7,"key":"Swift Potion"},{"floor":10,"key":"Explosive Potion"},{"floor":12,"key":"Weak Potion"},{"floor":24,"key":"SpeedPotion"},{"floor":28,"key":"SkillPotion"},{"floor":30,"key":"LiquidBronze"}],"is_trial":false,"path_per_floor":["M","?","?","?","M","R","M","R","T","M","M","M","R","M","R","B",null,"M","?","?","$","?","R","M","R","T","R","E","?","M","M","R","B"],"character_chosen":"DEFECT","items_purchased":["Gash+1","Go for the Eyes+1","DollysMirror"],"campfire_rested":3,"item_purchase_floors":[21,21,21],"current_hp_per_floor":[61,50,43,43,39,39,37,37,37,30,30,16,36,36,36,6,53,52,52,52,52,52,52,36,56,56,56,31,31,19,16,36,0],"gold":254,"neow_bonus":"TRANSFORM_TWO_CARDS","is_prod":false,"is_daily":false,"chose_seed":false,"campfire_upgraded":5,"win_rate":0,"timestamp":1545864193,"path_taken":["M","?","?","?","M","R","M","R","T","M","M","M","R","M","R","BOSS","M","?","?","$","?","R","M","R","T","R","E","?","M","M","R","BOSS"],"build_version":"2018-12-20","purchased_purges":1,"victory":false,"max_hp_per_floor":[68,68,68,68,68,68,68,68,68,68,68,68,68,68,68,68,68,68,68,68,68,68,68,68,68,68,68,68,68,68,68,68,68],"card_choices":[{"not_picked":["Cold Snap","Darkness"],"picked":"Gash","floor":1},{"not_picked":["Heatsinks","Conserve Battery","Redo"],"picked":"SKIP","floor":5},{"not_picked":["Steam Power","Turbo"],"picked":"Gash","floor":7},{"not_picked":["Defragment","Rip and Tear+1"],"picked":"Reinforced Body","floor":10},{"not_picked":["Redo","Ball Lightning+1"],"picked":"Hyperbeam+1","floor":11},{"not_picked":["Barrage+1","Consume","Rebound+1"],"picked":"SKIP","floor":12},{"not_picked":["Conserve Battery","Coolheaded","Ball Lightning+1"],"picked":"SKIP","floor":14},{"not_picked":["Echo Form","Machine Learning"],"picked":"All For One+1","floor":16},{"not_picked":["Static Discharge","Ball Lightning+1"],"picked":"Gash+1","floor":17},{"not_picked":["Doom and Gloom+1","Undo"],"picked":"Steam","floor":17},{"not_picked":["Doom and Gloom+1","Glacier"],"picked":"Streamline+1","floor":17},{"not_picked":["Ball Lightning+1","Hello World+1"],"picked":"Steam","floor":18},{"not_picked":["Coolheaded","Hyperbeam+1"],"picked":"Gash+1","floor":24},{"not_picked":["Ball Lightning+1","Storm","Thunder Strike+1"],"picked":"SKIP","floor":28},{"not_picked":["Rebound+1","Hello World+1","Cold Snap+1"],"picked":"SKIP","floor":30},{"not_picked":["Sweeping Beam+1","Cold Snap+1","Streamline+1"],"picked":"SKIP","floor":31}],"player_experience":345278,"relics_obtained":[{"floor":9,"key":"Molten Egg 2"},{"floor":26,"key":"Bird Faced Urn"},{"floor":28,"key":"MawBank"}],"event_choices":[{"damage_healed":0,"gold_gain":75,"player_choice":"Gather Gold","damage_taken":11,"max_hp_gain":0,"max_hp_loss":0,"event_name":"World of Goop","floor":2,"gold_loss":0},{"cards_removed":["Defend_B"],"damage_healed":0,"gold_gain":0,"player_choice":"Card Removal","damage_taken":7,"max_hp_gain":0,"max_hp_loss":0,"event_name":"Golden Wing","floor":3,"gold_loss":0},{"damage_healed":0,"gold_gain":0,"player_choice":"Fled","damage_taken":0,"max_hp_gain":0,"max_hp_loss":0,"event_name":"Scrap Ooze","floor":4,"gold_loss":0},{"damage_healed":0,"gold_gain":99,"player_choice":"Stole From Cult","damage_taken":0,"max_hp_gain":0,"max_hp_loss":0,"event_name":"Nest","floor":19,"gold_loss":0},{"damage_healed":0,"gold_gain":0,"player_choice":"Ignored","damage_taken":0,"max_hp_gain":0,"max_hp_loss":0,"event_name":"Cursed Tome","floor":20,"gold_loss":0},{"damage_healed":0,"gold_gain":0,"player_choice":"Read","damage_taken":0,"max_hp_gain":0,"max_hp_loss":0,"event_name":"The Library","floor":22,"gold_loss":0,"cards_obtained":["Gash"]},{"damage_healed":0,"gold_gain":0,"player_choice":"Smashed Altar","damage_taken":0,"max_hp_gain":0,"max_hp_loss":0,"event_name":"Forgotten Altar","floor":29,"gold_loss":0,"cards_obtained":["Decay"]}],"is_beta":false,"boss_relics":[{"not_picked":["Ectoplasm","Coffee Dripper"],"picked":"Orrery"}],"items_purged_floors":[21],"is_endless":false,"potions_floor_spawned":[7,10,12,24,28,30],"killed_by":"Collector","ascension_level":5}