{"gold_per_floor":[112,88,88,104,54,82,93,93,93,93,128,128,159,175,175,274,274,284,304,304,323,238,238],"floor_reached":23,"playtime":959,"items_purged":[],"score":246,"play_id":"3ceabc11-aefb-48bc-8407-55d995d61661","local_time":"20190916124815","is_ascension_mode":true,"campfire_choices":[{"data":"Shrug It Off","floor":10,"key":"SMITH"},{"data":"Bash","floor":12,"key":"SMITH"},{"data":"Pommel Strike","floor":15,"key":"SMITH"}],"neow_cost":"NONE","seed_source_timestamp":30281505402900,"circlet_count":0,"master_deck":["Strike_R","Strike_R","Strike_R","Strike_R","Strike_R","Defend_R","Defend_R","Defend_R","Bash+1","Perfected Strike+1","Twin Strike+1","Shrug It Off+1","Pommel Strike+1","Shrug It Off"],"relics":["Black Blood","NeowsBlessing","Champion Belt","Turnip","Bottled Flame","Bag of Preparation","Frozen Egg 2"],"potions_floor_usage":[11,11,16,19],"damage_taken":[{"damage":0,"enemies":"Jaw Worm","floor":1,"turns":1},{"damage":0,"enemies":"Small Slimes","floor":4,"turns":1},{"damage":0,"enemies":"3 Sentries","floor":6,"turns":2},{"damage":1,"enemies":"Cultist","floor":7,"turns":3},{"damage":15,"enemies":"Lagavulin","floor":11,"turns":7},{"damage":10,"enemies":"Gremlin Nob","floor":13,"turns":3},{"damage":3,"enemies":"Large Slime","floor":14,"turns":6},{"damage":29,"enemies":"Hexaghost","floor":16,"turns":7},{"damage":22,"enemies":"Shell Parasite","floor":18,"turns":7},{"damage":18,"enemies":"3 Byrds","floor":19,"turns":7},{"damage":25,"enemies":"Cultist and Chosen","floor":21,"turns":6},{"damage":54,"enemies":"Gremlin Leader","floor":23,"turns":4}],"seed_played":"-224064241220925002","potions_obtained":[{"floor":4,"key":"Weak Potion"},{"floor":6,"key":"Swift Potion"},{"floor":7,"key":"PowerPotion"},{"floor":8,"key":"Dexterity Potion"},{"floor":8,"key":"Fire Potion"},{"floor":13,"key":"SkillPotion"},{"floor":18,"key":"Strength Potion"}],"is_trial":false,"path_per_floor":["M","$","?","M","?","E","M","?","T","R","E","R","E","M","R","B",null,"M","M","?","M","?","E"],"character_chosen":"IRONCLAD","items_purchased":["Twin Strike"],"campfire_rested":0,"item_purchase_floors":[2],"current_hp_per_floor":[80,80,80,80,80,80,80,80,80,80,71,71,67,70,70,47,80,68,60,60,45,45,0],"gold":238,"neow_bonus":"THREE_ENEMY_KILL","is_prod":false,"is_daily":false,"chose_seed":false,"campfire_upgraded":3,"win_rate":0,"timestamp":1568652495,"path_taken":["M","$","?","M","?","E","M","?","T","R","E","R","E","?","R","BOSS","M","M","?","?","?","E"],"build_version":"2019-07-17","purchased_purges":0,"victory":false,"max_hp_per_floor":[80,80,80,80,80,80,80,80,80,80,80,80,80,80,80,80,80,80,80,80,80,80,80],"card_choices":[{"not_picked":["Sword Boomerang","Heavy Blade"],"picked":"Perfected Strike","floor":1},{"not_picked":["Rage","Whirlwind","Burning Pact"],"picked":"SKIP","floor":4},{"not_picked":["Shockwave","Wild Strike","Uppercut"],"picked":"SKIP","floor":6},{"not_picked":["Iron Wave","Body Slam"],"picked":"Shrug It Off","floor":7},{"not_picked":["Intimidate","Carnage"],"picked":"Pommel Strike","floor":11},{"not_picked":["Blood for Blood","Body Slam","Flex"],"picked":"SKIP","floor":13},{"not_picked":["Infernal Blade","Havoc","Sword Boomerang"],"picked":"SKIP","floor":14},{"not_picked":["Pummel+1","Searing Blow","Thunderclap"],"picked":"SKIP","floor":18},{"not_picked":["Pummel","True Grit","Havoc"],"picked":"SKIP","floor":19},{"not_picked":["Evolve","Thunderclap"],"picked":"Shrug It Off","floor":21}],"player_experience":529539,"relics_obtained":[{"floor":6,"key":"Champion Belt"},{"floor":9,"key":"Turnip"},{"floor":11,"key":"Bottled Flame"},{"floor":13,"key":"Bag of Preparation"}],"event_choices":[{"damage_healed":0,"gold_gain":0,"player_choice":"Grow","damage_taken":0,"max_hp_gain":0,"max_hp_loss":0,"event_name":"Living Wall","floor":3,"gold_loss":0,"cards_upgraded":["Perfected Strike"]},{"cards_removed":["Defend_R"],"damage_healed":0,"gold_gain":0,"player_choice":"Card Removal","damage_taken":0,"max_hp_gain":0,"max_hp_loss":0,"event_name":"The Cleric","floor":5,"gold_loss":50},{"damage_healed":0,"gold_gain":0,"player_choice":"Got Potions","damage_taken":0,"max_hp_gain":0,"max_hp_loss":0,"event_name":"Lab","floor":8,"gold_loss":0},{"damage_healed":0,"gold_gain":0,"player_choice":"Forge","damage_taken":0,"max_hp_gain":0,"max_hp_loss":0,"event_name":"Accursed Blacksmith","floor":20,"gold_loss":0,"cards_upgraded":["Twin Strike"]},{"damage_healed":0,"gold_gain":0,"player_choice":"Obtained Relic","damage_taken":0,"relics_obtained":["Frozen Egg 2"],"max_hp_gain":0,"max_hp_loss":0,"event_name":"Addict","floor":22,"gold_loss":85}],"is_beta":false,"boss_relics":[{"not_picked":["Runic Cube","Mark of Pain"],"picked":"Black Blood"}],"items_purged_floors":[],"is_endless":false,"potions_floor_spawned":[4,6,7,13,18],"killed_by":"Gremlin Leader","ascension_level":1}