{"gold_per_floor":[127,139,170,200,212,234,246,273,285,297,326,350,362,403,415,528,540,477,489,600,537,43,43,43,43,70,70,70,81,96,115,115,212,212,226,226,241,241,257,285,285,285,285,285,300,300,313,324,354,354],"floor_reached":51,"playtime":2214,"items_purged":["Strike_B"],"score":758,"play_id":"4539c0c0-87c0-49fe-b1d9-b04bdc2d007d","local_time":"20180729223006","is_ascension_mode":true,"campfire_choices":[{"data":"Zap","floor":10,"key":"SMITH"},{"data":"Dualcast","floor":13,"key":"SMITH"},{"data":"Glacier","floor":15,"key":"SMITH"},{"data":"Fission","floor":23,"key":"SMITH"},{"data":"Ball Lightning","floor":25,"key":"SMITH"},{"data":"Compile Driver","floor":28,"key":"SMITH"},{"data":"Machine Learning","floor":32,"key":"SMITH"},{"floor":42,"key":"REST"},{"floor":44,"key":"REST"},{"floor":49,"key":"DIG"}],"neow_cost":"NONE","seed_source_timestamp":332115688345254,"circlet_count":0,"master_deck":["Defend_B","Defend_B","Defend_B","Zap+1","Dualcast+1","Compile Driver+1","Cold Snap","Glacier+1","Machine Learning+1","Cold Snap","Fission+1","Go for the Eyes+1","Leap+1","Ball Lightning+1","Core Surge","Barrage+1","Barrage+1","Madness","Madness"],"relics":["Cracked Core","MawBank","Bottled Lightning","Regal Pillow","Vajra","Astrolabe","NlothsMask","ClockworkSouvenir","Letter Opener","Centennial Puzzle","Nuclear Battery","Shovel","Molten Egg 2","Kunai","Tiny Chest"],"potions_floor_usage":[16,16,40,50,50,50],"damage_taken":[{"damage":3,"enemies":"Jaw Worm","floor":1,"turns":5},{"damage":0,"enemies":"2 Louse","floor":3,"turns":1},{"damage":0,"enemies":"Cultist","floor":4,"turns":3},{"damage":0,"enemies":"Blue Slaver","floor":6,"turns":4},{"damage":13,"enemies":"Exordium Thugs","floor":8,"turns":6},{"damage":1,"enemies":"Large Slime","floor":11,"turns":5},{"damage":3,"enemies":"Blue Slaver","floor":12,"turns":4},{"damage":20,"enemies":"Gremlin Nob","floor":14,"turns":6},{"damage":40,"enemies":"Hexaghost","floor":16,"turns":10},{"damage":5,"enemies":"2 Thieves","floor":18,"turns":5},{"damage":0,"enemies":"Shell Parasite","floor":29,"turns":5},{"damage":0,"enemies":"Cultist and Chosen","floor":30,"turns":6},{"damage":3,"enemies":"Centurion and Healer","floor":31,"turns":7},{"damage":33,"enemies":"Champ","floor":33,"turns":14},{"damage":0,"enemies":"Orb Walker","floor":35,"turns":3},{"damage":11,"enemies":"3 Darklings","floor":37,"turns":8},{"damage":0,"floor":38,"turns":11},{"damage":11,"enemies":"Flame Bruiser 2 Orb","floor":39,"turns":6},{"damage":63,"enemies":"2 Orb Walkers","floor":40,"turns":7},{"damage":10,"enemies":"4 Shapes","floor":45,"turns":4},{"damage":17,"enemies":"3 Darklings","floor":47,"turns":4},{"damage":0,"enemies":"Maw","floor":48,"turns":7},{"damage":26,"enemies":"Awakened One","floor":50,"turns":12}],"seed_played":"309327513774445157","potions_obtained":[{"floor":3,"key":"AttackPotion"},{"floor":6,"key":"EssenceOfSteel"},{"floor":12,"key":"SteroidPotion"},{"floor":29,"key":"FocusPotion"},{"floor":38,"key":"SkillPotion"},{"floor":40,"key":"EssenceOfSteel"}],"is_trial":false,"path_per_floor":["M","?","M","M","T","M","?","M","T","R","M","M","R","E","R","B",null,"M","?","?","$","$","R","T","R","T","?","R","M","M","M","R","B",null,"M","?","M","?","M","E","?","R","T","R","M","?","M","M","R","B"],"character_chosen":"DEFECT","items_purchased":["ClockworkSouvenir","Letter Opener","Ball Lightning"],"campfire_rested":2,"item_purchase_floors":[22,22,22],"current_hp_per_floor":[72,72,72,72,72,72,85,72,72,72,71,68,68,48,48,8,85,80,80,80,80,80,80,80,80,80,64,64,64,64,61,61,28,90,90,90,79,79,68,5,5,47,47,89,79,68,51,51,51,25],"gold":354,"neow_bonus":"RANDOM_COMMON_RELIC","is_prod":false,"is_daily":false,"chose_seed":false,"campfire_upgraded":7,"win_rate":0,"timestamp":1532917806,"path_taken":["M","?","M","M","?","?","?","M","T","R","M","M","R","E","R","BOSS","M","?","?","?","$","R","?","R","T","?","R","?","M","M","R","BOSS","M","?","M","?","?","E","?","R","T","R","M","?","M","M","R","BOSS"],"build_version":"2018-07-26","purchased_purges":1,"victory":true,"max_hp_per_floor":[75,75,75,75,75,75,85,85,85,85,85,85,85,85,85,85,85,85,85,85,85,85,85,85,85,85,90,90,90,90,90,90,90,90,90,90,90,90,90,90,90,90,90,90,90,90,90,90,90,90],"card_choices":[{"not_picked":["Go for the Eyes","Hologram"],"picked":"Compile Driver","floor":1},{"not_picked":["Beam Cell","Auto Shields"],"picked":"Cold Snap","floor":3},{"not_picked":["Sweeping Beam","Go for the Eyes"],"picked":"Glacier","floor":4},{"not_picked":["Blizzard","Redo"],"picked":"Machine Learning","floor":6},{"not_picked":["Rebound","Leap","Steam"],"picked":"SKIP","floor":8},{"not_picked":["Reinforced Body","Chill","Consume"],"picked":"SKIP","floor":11},{"not_picked":["Turbo","Conserve Battery","Aggregate"],"picked":"SKIP","floor":12},{"not_picked":["Rainbow","Hyperbeam"],"picked":"Cold Snap","floor":14},{"not_picked":["Meteor Strike","Creative AI"],"picked":"Fission","floor":16},{"not_picked":["Conserve Battery","Streamline+1","Aggregate"],"picked":"SKIP","floor":18},{"not_picked":["Steam","Chaos","Coolheaded+1"],"picked":"SKIP","floor":29},{"not_picked":["Streamline","Stack","Recycle+1"],"picked":"SKIP","floor":30},{"not_picked":["Steam","Conserve Battery","Sweeping Beam"],"picked":"SKIP","floor":31},{"not_picked":["Hyperbeam","Echo Form"],"picked":"Core Surge","floor":33},{"not_picked":["Hologram+1","Tempest+1","Consume"],"picked":"SKIP","floor":35},{"not_picked":["FTL","Chill","Sweeping Beam+1"],"picked":"SKIP","floor":37},{"not_picked":["Sweeping Beam","Chaos+1"],"picked":"Barrage+1","floor":38},{"not_picked":["Redo+1","Glacier+1"],"picked":"Barrage+1","floor":39},{"not_picked":["Auto Shields","Loop+1","Leap+1"],"picked":"SKIP","floor":40},{"not_picked":["Compile Driver+1","Sunder+1","Melter+1"],"picked":"SKIP","floor":45},{"not_picked":["Coolheaded","Auto Shields","Go for the Eyes+1"],"picked":"SKIP","floor":47},{"not_picked":["Heatsinks+1","Hello World","Seek"],"picked":"SKIP","floor":48}],"player_experience":850918,"relics_obtained":[{"floor":5,"key":"Bottled Lightning"},{"floor":9,"key":"Regal Pillow"},{"floor":14,"key":"Vajra"},{"floor":26,"key":"Centennial Puzzle"},{"floor":38,"key":"Shovel"},{"floor":40,"key":"Molten Egg 2"},{"floor":43,"key":"Kunai"},{"floor":49,"key":"Tiny Chest"}],"event_choices":[{"event_name":"Living Wall","player_choice":"Change","floor":2,"damage_taken":0},{"event_name":"Bonfire Elementals","player_choice":"RARE","floor":7,"damage_taken":0},{"event_name":"FaceTrader","player_choice":"Trade","floor":19,"damage_taken":0},{"event_name":"Nest","player_choice":"Stole From Cult","floor":20,"damage_taken":0},{"event_name":"Forgotten Altar","player_choice":"Shed Blood","floor":27,"damage_taken":0},{"event_name":"Falling","player_choice":"Removed Skill","floor":36,"damage_taken":0},{"event_name":"MindBloom","player_choice":"Fight","floor":38,"damage_taken":0},{"event_name":"SecretPortal","player_choice":"Rejected Portal.","floor":41,"damage_taken":0},{"event_name":"Winding Halls","player_choice":"Embrace Madness","floor":46,"damage_taken":0}],"is_beta":true,"boss_relics":[{"not_picked":["Runic Dome","Velvet Choker"],"picked":"Astrolabe"},{"not_picked":["Snecko Eye","Calling Bell"],"picked":"Nuclear Battery"}],"items_purged_floors":[21],"is_endless":false,"potions_floor_spawned":[3,6,12,14,29,38,40,48],"ascension_level":1}