{"path_per_floor":["M","?","M","M","M","R","M","E","T","R","M","M","M","M","R","B",null,"M","?","M","M","$","R","M","$","T"],"character_chosen":"DEFECT","items_purchased":["Ball Lightning","Potion Belt","FairyPotion","Fire Potion"],"gold_per_floor":[112,112,131,147,160,160,179,212,235,235,255,272,291,301,301,399,399,410,410,425,435,9,9,26,26,77,77],"floor_reached":27,"campfire_rested":0,"playtime":905,"item_purchase_floors":[22,22,22,22],"current_hp_per_floor":[76,76,73,73,73,73,44,35,35,35,49,47,47,51,51,58,82,61,61,61,54,54,54,41,41,41,0],"items_purged":["Strike_B"],"gold":77,"score":221,"play_id":"1e438d40-e45e-4bd3-92d3-c3433ed0ad96","local_time":"20180523220806","is_prod":false,"is_daily":false,"chose_seed":false,"is_ascension_mode":false,"campfire_upgraded":4,"win_rate":0.057692308,"timestamp":1527127686,"campfire_choices":[{"data":"Zap","floor":6,"key":"SMITH"},{"data":"Self Repair","floor":10,"key":"SMITH"},{"data":"Electrodynamics","floor":15,"key":"SMITH"},{"data":"Creative AI","floor":23,"key":"SMITH"}],"path_taken":["M","?","M","M","M","R","M","E","T","R","M","M","?","M","R","BOSS","M","?","M","M","$","R","M","?","T","M"],"build_version":"2018-05-22","seed_source_timestamp":76344003149906,"purchased_purges":1,"victory":false,"master_deck":["Strike_B","Strike_B","Strike_B","Defend_B","Defend_B","Defend_B","Defend_B","Zap+1","Dualcast","Compile Driver","Ball Lightning","Storm","Self Repair+1","Coolheaded","Electrodynamics+1","Capacitor","Self Repair","Creative AI+1","Melter","White Noise","Ball Lightning","Redo"],"max_hp_per_floor":[82,82,82,82,82,82,82,82,82,82,82,82,82,82,82,82,82,82,82,82,82,82,82,82,82,82,82],"relics":["Cracked Core","Dream Catcher","Oddly Smooth Stone","Runic Dome","Potion Belt","Blood Vial"],"card_choices":[{"not_picked":["Fusion","Streamline"],"picked":"Compile Driver","floor":1},{"not_picked":["Hello World","Steam Power"],"picked":"Ball Lightning","floor":3},{"not_picked":["Aggregate","Blizzard","Scrape"],"picked":"SKIP","floor":4},{"not_picked":["FTL","Axe Kick"],"picked":"Storm","floor":5},{"not_picked":["Sweeping Beam","Compile Driver"],"picked":"Self Repair","floor":7},{"not_picked":["Recycle","Sweeping Beam"],"picked":"Coolheaded","floor":8},{"not_picked":["Stack","Coolheaded"],"picked":"Electrodynamics","floor":11},{"not_picked":["Go for the Eyes","Coolheaded"],"picked":"Capacitor","floor":12},{"not_picked":["Aggregate","Streamline","Stack"],"picked":"SKIP","floor":13},{"not_picked":["Hologram","Streamline"],"picked":"Self Repair","floor":14},{"not_picked":["Hyperbeam","Seek"],"picked":"Creative AI","floor":16},{"not_picked":["Compile Driver","Go for the Eyes"],"picked":"Melter","floor":18},{"not_picked":["Scrape","Cold Snap"],"picked":"White Noise","floor":20},{"not_picked":["Steam Power+1","Turbo+1","Barrage"],"picked":"SKIP","floor":21},{"not_picked":["Stack+1","Compile Driver"],"picked":"Redo","floor":24}],"player_experience":494952,"potions_floor_usage":[7,11,11,16,24,27],"damage_taken":[{"damage":6,"enemies":"Cultist","floor":1,"turns":4},{"damage":3,"enemies":"Small Slimes","floor":3,"turns":3},{"damage":0,"enemies":"2 Louse","floor":4,"turns":2},{"damage":0,"enemies":"Looter","floor":5,"turns":3},{"damage":29,"enemies":"Exordium Thugs","floor":7,"turns":5},{"damage":16,"enemies":"Lagavulin","floor":8,"turns":7},{"damage":8,"enemies":"Gremlin Gang","floor":11,"turns":4},{"damage":12,"enemies":"Exordium Wildlife","floor":12,"turns":3},{"damage":10,"enemies":"Large Slime","floor":13,"turns":5},{"damage":6,"enemies":"3 Louse","floor":14,"turns":2},{"damage":10,"enemies":"The Guardian","floor":16,"turns":7},{"damage":38,"enemies":"3 Byrds","floor":18,"turns":5},{"damage":0,"enemies":"Spheric Guardian","floor":20,"turns":1},{"damage":17,"enemies":"Snake Plant","floor":21,"turns":3},{"damage":30,"enemies":"3 Cultists","floor":24,"turns":4},{"damage":62,"enemies":"Slaver and Parasite","floor":27,"turns":4}],"relics_obtained":[{"floor":8,"key":"Dream Catcher"},{"floor":9,"key":"Oddly Smooth Stone"},{"floor":26,"key":"Blood Vial"}],"event_choices":[{"event_name":"Liars Game","player_choice":"disagreed","floor":2,"damage_taken":0},{"event_name":"Drug Dealer","player_choice":"Ignored","floor":19,"damage_taken":0}],"boss_relics":[{"not_picked":["Calling Bell","Black Star"],"picked":"Runic Dome"}],"items_purged_floors":[22],"potions_floor_spawned":[4,5,7,8,13,14,20],"seed_played":"-1034743372596973620","killed_by":"Slaver and Parasite","ascension_level":0,"potions_obtained":[{"floor":4,"key":"SkillPotion"},{"floor":5,"key":"SteroidPotion"},{"floor":7,"key":"Regen Potion"},{"floor":8,"key":"AttackPotion"},{"floor":13,"key":"SneckoOil"},{"floor":14,"key":"PowerPotion"},{"floor":20,"key":"GamblersBrew"}],"is_trial":false}