{"gold_per_floor":[110,121,121,121,196,224,234,264,264,264,276,276,289,43,43,147,147,160,259,279,294,305,336,261,261,285,285,185,204,204,224,224,224],"floor_reached":33,"playtime":133706,"items_purged":["Perfected Strike+1","Decay"],"score":302,"play_id":"18ceb898-783c-441f-9e83-b5e1f858031c","local_time":"20180707193608","is_ascension_mode":false,"campfire_choices":[{"data":"Entrench","floor":10,"key":"SMITH"},{"data":"Bash","floor":12,"key":"SMITH"},{"data":"Dropkick","floor":15,"key":"SMITH"},{"data":"Shrug It Off","floor":25,"key":"SMITH"},{"floor":32,"key":"REST"}],"neow_cost":"NONE","seed_source_timestamp":310909146121726,"circlet_count":0,"master_deck":["Bash+1","Entrench+1","Dropkick+1","Battle Trance","Body Slam+1","Sword Boomerang+1","Headbutt+1","Feed+1","Thunderclap+1","Perfected Strike+1","Seeing Red","Intimidate","Heavy Blade+1","Bloodletting","Flex","Iron Wave+1","Shrug It Off+1","Sword Boomerang+1","Flame Barrier","Iron Wave+1","Feel No Pain"],"relics":["Burning Blood","Bottled Flame","Molten Egg 2","Matryoshka","Pantograph","Pandora\u0027s Box","Toolbox","Orichalcum","Bag of Marbles"],"potions_floor_usage":[16,20,20,21,33],"damage_taken":[{"damage":1,"enemies":"Cultist","floor":1,"turns":3},{"damage":3,"enemies":"2 Louse","floor":2,"turns":4},{"damage":39,"enemies":"3 Sentries","floor":6,"turns":11},{"damage":6,"enemies":"Jaw Worm","floor":7,"turns":2},{"damage":30,"enemies":"Gremlin Nob","floor":8,"turns":4},{"damage":4,"enemies":"Blue Slaver","floor":11,"turns":4},{"damage":1,"enemies":"2 Fungi Beasts","floor":13,"turns":3},{"damage":35,"enemies":"Hexaghost","floor":16,"turns":9},{"damage":36,"enemies":"Spheric Guardian","floor":18,"turns":4},{"damage":2,"enemies":"3 Byrds","floor":20,"turns":3},{"damage":8,"enemies":"Snecko","floor":21,"turns":3},{"damage":13,"enemies":"Snake Plant","floor":22,"turns":3},{"damage":56,"enemies":"Gremlin Leader","floor":23,"turns":6},{"damage":6,"enemies":"Chosen and Byrds","floor":29,"turns":3},{"damage":17,"enemies":"Sentry and Sphere","floor":31,"turns":6},{"damage":69,"enemies":"Champ","floor":33,"turns":9}],"seed_played":"-8839501267654320265","potions_obtained":[{"floor":8,"key":"Fire Potion"},{"floor":11,"key":"Strength Potion"},{"floor":13,"key":"EssenceOfSteel"},{"floor":18,"key":"BloodPotion"},{"floor":29,"key":"SteroidPotion"}],"is_trial":false,"path_per_floor":["M","M","?","?","?","E","M","E","T","R","M","R","M","$","R","B",null,"M","?","M","M","M","E","$","R","T","?","$","M","?","M","R"],"character_chosen":"IRONCLAD","items_purchased":["Pantograph"],"campfire_rested":1,"item_purchase_floors":[14],"current_hp_per_floor":[88,88,88,88,77,44,44,20,20,20,22,22,27,27,27,23,88,58,58,70,68,65,15,15,15,15,15,15,19,19,12,42,0],"gold":224,"neow_bonus":"TEN_PERCENT_HP_BONUS","is_prod":false,"is_daily":false,"chose_seed":false,"campfire_upgraded":4,"win_rate":0,"timestamp":1531006568,"path_taken":["M","M","?","?","?","E","M","E","T","R","M","R","M","?","R","BOSS","M","?","M","M","M","E","$","R","T","?","?","M","?","M","R","BOSS"],"build_version":"2018-07-03","purchased_purges":2,"victory":false,"max_hp_per_floor":[88,88,88,88,88,88,88,88,88,88,88,88,88,88,88,88,88,88,88,88,88,92,92,92,92,92,92,92,96,96,100,100,100],"card_choices":[{"not_picked":["Clothesline","Clash"],"picked":"Entrench","floor":1},{"not_picked":["Clothesline","Wild Strike"],"picked":"Dropkick","floor":2},{"not_picked":["Flex","Intimidate"],"picked":"Battle Trance","floor":6},{"not_picked":["Cleave","Iron Wave","Spot Weakness"],"picked":"SKIP","floor":7},{"not_picked":["Cleave","Havoc"],"picked":"Body Slam","floor":8},{"not_picked":["Clothesline+1","Iron Wave+1"],"picked":"Sword Boomerang+1","floor":11},{"not_picked":["Twin Strike+1","Rampage+1"],"picked":"Headbutt+1","floor":13},{"not_picked":["Limit Break","Dark Embrace"],"picked":"Feed+1","floor":16},{"not_picked":["Havoc","Burning Pact+1"],"picked":"Iron Wave+1","floor":18},{"not_picked":["Pommel Strike+1","Iron Wave+1"],"picked":"Shrug It Off","floor":20},{"not_picked":["Body Slam+1","Hemokinesis+1"],"picked":"Sword Boomerang+1","floor":21},{"not_picked":["Twin Strike+1","Whirlwind+1"],"picked":"Flame Barrier","floor":22},{"not_picked":["Combust","Twin Strike+1","Havoc+1"],"picked":"SKIP","floor":23},{"not_picked":["Clothesline+1","Twin Strike+1"],"picked":"Iron Wave+1","floor":29},{"not_picked":["Havoc","Double Tap"],"picked":"Feel No Pain","floor":31}],"player_experience":590459,"relics_obtained":[{"floor":6,"key":"Bottled Flame"},{"floor":8,"key":"Molten Egg 2"},{"floor":9,"key":"Matryoshka"},{"floor":23,"key":"Toolbox"},{"floor":26,"key":"Orichalcum"},{"floor":26,"key":"Bag of Marbles"}],"event_choices":[{"event_name":"Purifier","player_choice":"One Purge","floor":3,"damage_taken":0},{"event_name":"Liars Game","player_choice":"disagreed","floor":4,"damage_taken":0},{"event_name":"World of Goop","player_choice":"Gather Gold","floor":5,"damage_taken":0},{"event_name":"Nest","player_choice":"Stole From Cult","floor":19,"damage_taken":0},{"event_name":"Forgotten Altar","player_choice":"Smashed Altar","floor":27,"damage_taken":0},{"event_name":"Cursed Tome","player_choice":"Ignored","floor":30,"damage_taken":0}],"boss_relics":[{"not_picked":["Snecko Eye","Fusion Hammer"],"picked":"Pandora\u0027s Box"}],"items_purged_floors":[24,28],"is_endless":false,"potions_floor_spawned":[8,11,13,18,29],"killed_by":"Champ","ascension_level":0}