{"gold_per_floor":[20,34,142,67,80,80,98,98,98,29,42,42,75,85,85,184,184,201,234,246,170,170,170,188,188,188,202,168,198,198,213,213,213],"floor_reached":33,"playtime":1227,"items_purged":["Strike_G"],"score":320,"play_id":"85a6568d-fd9f-4460-84cd-8074785e7c7d","local_time":"20190426011904","is_ascension_mode":true,"campfire_choices":[{"data":"Accuracy","floor":6,"key":"SMITH"},{"data":"Blade Dance","floor":12,"key":"SMITH"},{"floor":15,"key":"REST"},{"data":"strawberrySpire:KnifeParty","floor":23,"key":"SMITH"},{"data":"hubris:Counter","floor":25,"key":"SMITH"},{"floor":32,"key":"REST"}],"neow_cost":"NO_GOLD","seed_source_timestamp":286579415091928,"circlet_count":0,"master_deck":["Defend_G","Defend_G","Defend_G+1","Defend_G","Defend_G+1","Strike_G","Strike_G","Strike_G","Strike_G","Survivor","Neutralize","Blade Dance+1","Accuracy+1","PiercingWail","Choke+1","Dagger Spray","ReplayTheSpireMod:Scrap Shanks","hubris:SlightOfHand","hubris:Counter+1","strawberrySpire:KnifeParty+1","strawberrySpire:Rummage","Accuracy","Eviscerate","ShadowRift+1","Reflex+1","Concentrate","Dash","Leg Sweep+1"],"relics":["Ring of the Snake","Blood Vial","hubris:SlimyHat","infinitespire:WardingShard","hubris:RunicObelisk","Red Mask","strawberrySpire:ShipInABottle","Bag of Preparation","War Paint"],"potions_floor_usage":[13,13,16,29,29],"damage_taken":[{"damage":0,"enemies":"2 Louse","floor":1,"turns":2},{"damage":1,"enemies":"Jaw Worm","floor":2,"turns":3},{"damage":0,"enemies":"Cultist","floor":5,"turns":3},{"damage":9,"enemies":"Looter","floor":7,"turns":3},{"damage":9,"enemies":"Blue Slaver","floor":11,"turns":5},{"damage":34,"enemies":"Gremlin Nob","floor":13,"turns":5},{"damage":19,"enemies":"3 Louse","floor":14,"turns":3},{"damage":12,"enemies":"Slime Boss","floor":16,"turns":10},{"damage":2,"enemies":"conspire:FuzzyDice","floor":18,"turns":8},{"damage":12,"enemies":"Masked Bandits","floor":19,"turns":4},{"damage":6,"enemies":"2 Thieves","floor":20,"turns":4},{"damage":11,"enemies":"Cultist and Chosen","floor":24,"turns":6},{"damage":31,"enemies":"conspire:HollyBat","floor":27,"turns":7},{"damage":27,"enemies":"Slavers","floor":29,"turns":7},{"damage":3,"enemies":"Snake Plant","floor":31,"turns":4},{"damage":36,"enemies":"hubris:MusketHawk","floor":33,"turns":6}],"seed_played":"3946518349588891907","potions_obtained":[{"floor":2,"key":"FearPotion"},{"floor":5,"key":"Swift Potion"},{"floor":11,"key":"Languid Potion"},{"floor":16,"key":"Adrenaline Potion"},{"floor":19,"key":"EssenceOfSteel"},{"floor":20,"key":"Languid Potion"},{"floor":27,"key":"Strength Potion"},{"floor":29,"key":"SneckoOil"}],"is_trial":false,"path_per_floor":["M","M","?","$","M","R","M","?","T","$","M","R","E","M","R","B",null,"M","?","M","$","?","R","M","R","T","M","$","E","?","M","R","B"],"character_chosen":"THE_SILENT","items_purchased":["ReplayTheSpireMod:Scrap Shanks","Eviscerate","Concentrate"],"campfire_rested":2,"item_purchase_floors":[10,21,28],"current_hp_per_floor":[84,83,62,62,64,64,57,57,57,57,50,50,18,1,26,16,84,82,72,68,68,68,68,59,59,59,30,30,5,5,4,29,0],"gold":213,"neow_bonus":"TWENTY_PERCENT_HP_BONUS","is_prod":false,"is_daily":false,"chose_seed":false,"campfire_upgraded":4,"win_rate":0,"timestamp":1556255944,"path_taken":["M","M","?","$","M","R","?","?","T","$","M","R","E","M","R","BOSS","M","?","M","$","?","R","M","R","T","M","?","E","?","M","R","BOSS"],"build_version":"2019-01-23","purchased_purges":1,"victory":false,"max_hp_per_floor":[84,84,84,84,84,84,84,84,84,84,84,84,84,84,84,84,84,84,84,84,84,84,84,84,84,84,84,84,84,84,84,84,84],"card_choices":[{"not_picked":["strawberrySpire:Urgency","Dagger Spray"],"picked":"Blade Dance","floor":1},{"not_picked":["strawberrySpire:SpinKick","Backflip"],"picked":"Accuracy","floor":2},{"not_picked":["Backflip","Hidden Blade"],"picked":"PiercingWail","floor":3},{"not_picked":["Catalyst","Dagger Throw"],"picked":"Choke","floor":3},{"not_picked":["Backflip","Hidden Blade","strawberrySpire:Plunge"],"picked":"SKIP","floor":5},{"not_picked":["Replay:Poison Smokescreen","Footwork"],"picked":"Dagger Spray","floor":7},{"not_picked":["Bullet Time","Quick Slash","Sneak Up"],"picked":"SKIP","floor":11},{"not_picked":["Hidden Blade","Tactician"],"picked":"hubris:SlightOfHand","floor":13},{"not_picked":["Endless Agony","Slice"],"picked":"hubris:Counter","floor":14},{"not_picked":["Bullet Time","infinitespire:Neurotoxin"],"picked":"strawberrySpire:KnifeParty","floor":16},{"not_picked":["Escape Plan","conspire:PoisonWeapons"],"picked":"strawberrySpire:Rummage","floor":18},{"not_picked":["ReplayTheSpireMod:The Works","Deflect"],"picked":"Accuracy","floor":19},{"not_picked":["Dagger Spray","hubris:Counter+1","Acrobatics"],"picked":"SKIP","floor":20},{"not_picked":["Dodge and Roll","hubris:SlightOfHand"],"picked":"ShadowRift+1","floor":24},{"not_picked":["Toxin Wave","PiercingWail"],"picked":"Reflex+1","floor":27},{"not_picked":["strawberrySpire:Fastroyer+1","aspiration:Lunge+1"],"picked":"Dash","floor":29},{"not_picked":["strawberrySpire:HopSkipAndJump+1","Deadly Poison"],"picked":"Leg Sweep+1","floor":31}],"player_experience":749508,"relics_obtained":[{"floor":3,"key":"Blood Vial"},{"floor":9,"key":"hubris:SlimyHat"},{"floor":13,"key":"infinitespire:WardingShard"},{"floor":19,"key":"Red Mask"},{"floor":26,"key":"strawberrySpire:ShipInABottle"},{"floor":29,"key":"War Paint"}],"event_choices":[{"damage_healed":0,"gold_gain":0,"player_choice":"Fought Bandits","damage_taken":0,"max_hp_gain":0,"max_hp_loss":0,"event_name":"Masked Bandits","floor":19,"gold_loss":0},{"damage_healed":0,"gold_gain":0,"player_choice":"Ignored","damage_taken":0,"max_hp_gain":0,"max_hp_loss":0,"event_name":"Ghosts","floor":30,"gold_loss":0}],"is_beta":false,"boss_relics":[{"not_picked":["Lizard Tail","hubris:GrandSneckoEye"],"picked":"hubris:RunicObelisk"}],"items_purged_floors":[4],"is_endless":false,"potions_floor_spawned":[2,5,11,16,19,20,27,29],"killed_by":"hubris:MusketHawk","ascension_level":4}