{"gold_per_floor":[212,287,10,22,22,55,55,55,55,85,85,85,96,121,121,223,223,234,250,37,57,57,85,85,95,95,120,120],"floor_reached":28,"playtime":2173,"items_purged":["Defend_B"],"score":329,"play_id":"901a1803-44c5-4cf0-9a77-a741f2dc9bff","local_time":"20190204163825","is_ascension_mode":true,"campfire_choices":[{"floor":8,"key":"REST"},{"data":"Dualcast","floor":15,"key":"SMITH"},{"floor":24,"key":"REST"}],"neow_cost":"NONE","seed_source_timestamp":244644887824342,"circlet_count":0,"master_deck":["Strike_B","Strike_B","Strike_B","Defend_B","Defend_B","Defend_B","Zap+1","Dualcast+1","Ball Lightning","Conserve Battery","Reboot","Beam Cell","Leap","Go for the Eyes","Echo Form","Recycle+1","Metamorphosis","Gash","Sunder","Beam Cell+1","Hologram+1","Coolheaded"],"relics":["Cracked Core","ClockworkSouvenir","Bag of Marbles","Shuriken","PreservedInsect","Sozu","NlothsMask","Question Card","Juzu Bracelet"],"potions_floor_usage":[6,16,23,23],"damage_taken":[{"damage":9,"enemies":"Jaw Worm","floor":1,"turns":3},{"damage":0,"enemies":"Small Slimes","floor":4,"turns":2},{"damage":18,"enemies":"Lagavulin","floor":6,"turns":7},{"damage":30,"enemies":"3 Sentries","floor":10,"turns":6},{"damage":1,"enemies":"2 Louse","floor":13,"turns":2},{"damage":7,"enemies":"Lagavulin","floor":14,"turns":4},{"damage":3,"enemies":"Slime Boss","floor":16,"turns":8},{"damage":27,"enemies":"2 Thieves","floor":18,"turns":4},{"damage":6,"enemies":"3 Byrds","floor":19,"turns":5},{"damage":12,"enemies":"Cultist and Chosen","floor":21,"turns":4},{"damage":28,"enemies":"Slavers","floor":23,"turns":3},{"damage":10,"enemies":"Snake Plant","floor":25,"turns":2},{"damage":0,"enemies":"Gremlin Leader","floor":27,"turns":4},{"damage":16,"enemies":"Shelled Parasite and Fungi","floor":28,"turns":2}],"seed_played":"-6052796721361049909","potions_obtained":[{"floor":4,"key":"Weak Potion"},{"floor":10,"key":"Explosive Potion"},{"floor":13,"key":"Block Potion"},{"floor":16,"key":"GamblersBrew"}],"is_trial":false,"path_per_floor":["M","?","$","M","?","E","?","R","T","E","?","?","M","E","R","B",null,"M","M","$","M","?","E","R","M","T","E","M"],"character_chosen":"DEFECT","items_purchased":["ClockworkSouvenir","Metamorphosis","Gash"],"campfire_rested":2,"item_purchase_floors":[3,20,20],"current_hp_per_floor":[66,55,55,55,55,37,30,52,52,22,22,22,21,14,14,11,75,48,42,42,30,30,2,24,14,14,14,0],"gold":120,"neow_bonus":"HUNDRED_GOLD","is_prod":false,"is_daily":false,"chose_seed":false,"campfire_upgraded":1,"win_rate":0,"timestamp":1549327105,"path_taken":["M","?","$","M","?","E","?","R","T","E","?","?","?","E","R","BOSS","M","M","$","M","?","E","R","?","T","E","M"],"build_version":"2019-01-23","purchased_purges":1,"victory":false,"max_hp_per_floor":[75,75,75,75,75,75,75,75,75,75,75,75,75,75,75,75,75,75,75,75,75,75,75,75,75,75,75,75],"card_choices":[{"not_picked":["Sweeping Beam","Conserve Battery"],"picked":"Ball Lightning","floor":1},{"not_picked":["Barrage","Coolheaded"],"picked":"Conserve Battery","floor":4},{"not_picked":["Steam","Compile Driver"],"picked":"Reboot","floor":6},{"not_picked":["Static Discharge","Chaos"],"picked":"Beam Cell","floor":10},{"not_picked":["Barrage","Multi-Cast"],"picked":"Leap","floor":13},{"not_picked":["Redo","Rebound"],"picked":"Go for the Eyes","floor":14},{"not_picked":["Amplify","Core Surge"],"picked":"Echo Form","floor":16},{"not_picked":["Rebound","Go for the Eyes","Darkness"],"picked":"SKIP","floor":18},{"not_picked":["Redo","Auto Shields"],"picked":"Recycle+1","floor":19},{"not_picked":["Beam Cell","Conserve Battery"],"picked":"Sunder","floor":21},{"not_picked":["Storm","Leap"],"picked":"Beam Cell+1","floor":23},{"not_picked":["Barrage","Tempest","Turbo+1"],"picked":"Hologram+1","floor":25},{"not_picked":["Tempest","Recycle","Heatsinks"],"picked":"Coolheaded","floor":27}],"player_experience":451375,"relics_obtained":[{"floor":6,"key":"Bag of Marbles"},{"floor":10,"key":"Shuriken"},{"floor":14,"key":"PreservedInsect"},{"floor":23,"key":"Question Card"},{"floor":27,"key":"Juzu Bracelet"}],"event_choices":[{"damage_healed":0,"gold_gain":75,"player_choice":"Gather Gold","damage_taken":11,"max_hp_gain":0,"max_hp_loss":0,"event_name":"World of Goop","floor":2,"gold_loss":0},{"damage_healed":0,"gold_gain":0,"player_choice":"Leave","damage_taken":0,"max_hp_gain":0,"max_hp_loss":0,"event_name":"The Cleric","floor":5,"gold_loss":0},{"cards_removed":["Strike_B"],"damage_healed":0,"gold_gain":0,"player_choice":"Card Removal","damage_taken":7,"max_hp_gain":0,"max_hp_loss":0,"event_name":"Golden Wing","floor":7,"gold_loss":0},{"damage_healed":0,"gold_gain":0,"player_choice":"Fled","damage_taken":0,"max_hp_gain":0,"max_hp_loss":0,"event_name":"Scrap Ooze","floor":11,"gold_loss":0},{"damage_healed":0,"gold_gain":0,"player_choice":"Grow","damage_taken":0,"max_hp_gain":0,"max_hp_loss":0,"event_name":"Living Wall","floor":12,"gold_loss":0,"cards_upgraded":["Zap"]},{"damage_healed":0,"gold_gain":0,"player_choice":"Trade","damage_taken":0,"relics_obtained":["NlothsMask"],"max_hp_gain":0,"max_hp_loss":0,"event_name":"FaceTrader","floor":22,"gold_loss":0}],"is_beta":false,"boss_relics":[{"not_picked":["Runic Pyramid","Ectoplasm"],"picked":"Sozu"}],"items_purged_floors":[3],"is_endless":false,"potions_floor_spawned":[4,10,13,16,23,25,27],"killed_by":"Shelled Parasite and Fungi","ascension_level":2}