{"gold_per_floor":[117,130,130,148,73,73,101,26,26,52,52,52,52,79,79,156,156,174,206,206,219,230,230,255,269,269,289,304,362,362,277,289,377,389,413,445,457,691,717,760,786,832,869,881,893,939,951,538,538,538,538],"floor_reached":51,"playtime":8565,"items_purged":["Defend_P","Defend_P"],"score":1732,"play_id":"0da78d62-8cc6-4dfe-a200-7fe7133cb017","local_time":"20190914192312","is_ascension_mode":true,"campfire_choices":[{"data":"TalkToTheHand","floor":6.0,"key":"SMITH"},{"data":"MasterReality","floor":12.0,"key":"SMITH"},{"data":"Eruption","floor":15.0,"key":"SMITH"},{"data":"Nirvana","floor":23.0,"key":"SMITH"},{"data":"TalkToTheHand","floor":32.0,"key":"SMITH"},{"data":"MentalFortress","floor":44.0,"key":"SMITH"},{"floor":49.0,"key":"RECALL"}],"neow_cost":"NONE","seed_source_timestamp":0,"circlet_count":0,"master_deck":["AscendersBane","Defend_P+1","Eruption+1","Vigilance+1","MasterReality+1","SandsOfTime","TalkToTheHand+1","TalkToTheHand+1","BowlingBash","Nirvana+1","EmptyBody+1","Judgement","Protect+1","InnerPeace","Meditate+1","DeceiveReality","Crescendo","StepAndStrike+1","Establishment","Crescendo","Bite","Bite","Bite","Bite","Bite","Fasting+1","Omniscience","MentalFortress+1","Meditate"],"special_seed":0,"relics":["HolyWater","Pear","Bronze Scales","InkBottle","Oddly Smooth Stone","Coffee Dripper","Red Mask","Lizard Tail","War Paint","Tiny Chest","MawBank","Blood Vial","Bottled Tornado","Lantern","Boot","Frozen Eye"],"potions_floor_usage":[50,50,50],"damage_taken":[{"damage":3.0,"enemies":"2 Louse","floor":1.0,"turns":5.0},{"damage":7.0,"enemies":"Jaw Worm","floor":2.0,"turns":4.0},{"damage":2.0,"enemies":"Small Slimes","floor":4.0,"turns":3.0},{"damage":17.0,"enemies":"3 Sentries","floor":7.0,"turns":13.0},{"damage":0.0,"enemies":"Lagavulin","floor":10.0,"turns":5.0},{"damage":2.0,"enemies":"Gremlin Nob","floor":14.0,"turns":3.0},{"damage":0.0,"enemies":"Slime Boss","floor":16.0,"turns":5.0},{"damage":0.0,"enemies":"Chosen","floor":18.0,"turns":5.0},{"damage":6.0,"enemies":"Masked Bandits","floor":19.0,"turns":4.0},{"damage":0.0,"enemies":"Spheric Guardian","floor":21.0,"turns":1.0},{"damage":3.0,"enemies":"Snecko","floor":22.0,"turns":4.0},{"damage":8.0,"enemies":"Book of Stabbing","floor":24.0,"turns":5.0},{"damage":4.0,"enemies":"Snake Plant","floor":25.0,"turns":4.0},{"damage":0.0,"enemies":"Cultist and Chosen","floor":27.0,"turns":3.0},{"damage":11.0,"enemies":"Shelled Parasite and Fungi","floor":28.0,"turns":4.0},{"damage":9.0,"enemies":"Gremlin Leader","floor":29.0,"turns":6.0},{"damage":6.0,"enemies":"Champ","floor":33.0,"turns":13.0},{"damage":25.0,"enemies":"3 Darklings","floor":35.0,"turns":10.0},{"damage":3.0,"enemies":"3 Shapes","floor":36.0,"turns":6.0},{"damage":26.0,"enemies":"Spire Growth","floor":39.0,"turns":10.0},{"damage":0.0,"enemies":"Nemesis","floor":40.0,"turns":7.0},{"damage":2.0,"enemies":"4 Shapes","floor":41.0,"turns":7.0},{"damage":42.0,"enemies":"Reptomancer","floor":42.0,"turns":5.0},{"damage":17.0,"enemies":"Nemesis","floor":46.0,"turns":23.0},{"damage":102,"enemies":"Time Eater","floor":50,"turns":12},{"damage":57,"enemies":"Awakened One","floor":51,"turns":2}],"seed_played":"-4095016008465836476","potions_obtained":[{"floor":1.0,"key":"Fire Potion"},{"floor":2.0,"key":"Poison Potion"},{"floor":10.0,"key":"Fire Potion"},{"floor":14.0,"key":"GamblersBrew"},{"floor":18.0,"key":"GamblersBrew"},{"floor":22.0,"key":"AttackPotion"},{"floor":28.0,"key":"SteroidPotion"},{"floor":29.0,"key":"Energy Potion"},{"floor":42.0,"key":"Weak Potion"},{"floor":46.0,"key":"FearPotion"}],"is_trial":false,"path_per_floor":["M","M","?","M","?","R","E","$","T","E","$","R","?","E","R","B",null,"M","?","?","M","M","R","E","M","T","M","M","E","?","?","R","B",null,"M","M","$","?","M","E","M","E","T","R","?","E","T","$","R","B","B"],"character_chosen":"WATCHER","items_purchased":["Frozen Eye","SpeedPotion","EntropicBrew"],"campfire_rested":0,"item_purchase_floors":[48,48,48],"current_hp_per_floor":[52,45,45,43,43,43,36,36,36,36,36,36,15,13,13,13,57,57,51,51,51,48,48,40,36,36,36,25,16,16,16,16,49,49,49,49,49,49,40,49,49,15,15,15,15,47,47,47,47,20,0],"gold":538,"neow_bonus":"ONE_RANDOM_RARE_CARD","is_prod":false,"is_daily":false,"chose_seed":false,"campfire_upgraded":6,"win_rate":0,"timestamp":1568514192,"path_taken":["M","M","?","M","?","R","E","?","T","E","$","R","?","E","R","BOSS","M","?","?","?","M","R","E","?","T","M","M","E","?","?","R","BOSS","M","M","$","?","M","E","M","E","T","R","?","E","?","$","R","BOSS","BOSS"],"build_version":"2019-09-12","purchased_purges":2,"victory":false,"max_hp_per_floor":[61,61,61,61,61,61,71,71,71,71,71,71,71,71,71,71,71,71,71,71,71,71,71,71,71,71,71,71,71,49,49,49,49,49,49,49,49,49,49,49,49,49,49,49,47,47,47,47,47,47,47],"card_choices":[{"not_picked":["WreathOfFlame","ThirdEye"],"picked":"SandsOfTime","floor":1.0},{"not_picked":["CutThroughFate","Scrawl"],"picked":"TalkToTheHand","floor":2.0},{"not_picked":["ThirdEye","Consecrate"],"picked":"TalkToTheHand","floor":4.0},{"not_picked":["ThirdEye","JustLucky"],"picked":"BowlingBash","floor":7.0},{"not_picked":["PathToVictory","EmptyBody"],"picked":"Nirvana","floor":10.0},{"not_picked":["Weave","Prostrate"],"picked":"EmptyBody","floor":14.0},{"not_picked":["FlowState","Omniscience"],"picked":"Judgement","floor":16.0},{"not_picked":["Sanctity","BowlingBash"],"picked":"Protect+1","floor":18.0},{"not_picked":["CleanseEvil","EmptyMind"],"picked":"InnerPeace","floor":19.0},{"not_picked":["Prostrate+1","Weave"],"picked":"Meditate+1","floor":21.0},{"not_picked":["Conclude","ClearTheMind"],"picked":"DeceiveReality","floor":22.0},{"not_picked":["Perseverance","Prostrate"],"picked":"Crescendo","floor":24.0},{"not_picked":["Halt","Crescendo"],"picked":"StepAndStrike+1","floor":25.0},{"not_picked":["StepAndStrike","FlyingSleeves","CleanseEvil+1"],"picked":"SKIP","floor":27.0},{"not_picked":["Protect","EmptyBody+1"],"picked":"Establishment","floor":28.0},{"not_picked":["ThirdEye","Consecrate"],"picked":"Crescendo","floor":29.0},{"not_picked":["Consecrate+1","Weave","FollowUp"],"picked":"SKIP","floor":35.0},{"not_picked":["Consecrate","Halt","Protect"],"picked":"SKIP","floor":36.0},{"not_picked":["Scrawl","EmptyFist"],"picked":"Fasting+1","floor":39.0},{"not_picked":["WreathOfFlame","ForeignInfluence"],"picked":"Omniscience","floor":40.0},{"not_picked":["ClearTheMind","CutThroughFate"],"picked":"MentalFortress","floor":41.0},{"not_picked":["Clarity","Sanctity","FearNoEvil"],"picked":"SKIP","floor":42.0},{"not_picked":["DeceiveReality","Fasting+1"],"picked":"Meditate","floor":46.0}],"player_experience":1064990,"relics_obtained":[{"floor":7.0,"key":"Pear"},{"floor":9.0,"key":"Bronze Scales"},{"floor":10.0,"key":"InkBottle"},{"floor":14.0,"key":"Oddly Smooth Stone"},{"floor":19.0,"key":"Red Mask"},{"floor":24.0,"key":"Lizard Tail"},{"floor":26.0,"key":"War Paint"},{"floor":29.0,"key":"Tiny Chest"},{"floor":40.0,"key":"Blood Vial"},{"floor":42.0,"key":"Bottled Tornado"},{"floor":46.0,"key":"Lantern"},{"floor":47.0,"key":"Boot"}],"event_choices":[{"damage_healed":0.0,"max_hp_gain":0.0,"max_hp_loss":0.0,"gold_gain":0.0,"event_name":"Liars Game","player_choice":"Ignored","floor":3.0,"gold_loss":0.0,"damage_taken":0.0},{"cards_removed":["Defend_P"],"damage_healed":0.0,"max_hp_gain":0.0,"max_hp_loss":0.0,"gold_gain":0.0,"event_name":"The Cleric","player_choice":"Card Removal","floor":5.0,"gold_loss":75.0,"damage_taken":0.0},{"damage_healed":0.0,"max_hp_gain":0.0,"max_hp_loss":0.0,"gold_gain":0.0,"event_name":"Shining Light","player_choice":"Entered Light","floor":13.0,"gold_loss":0.0,"damage_taken":21.0,"cards_upgraded":["Strike_P","Defend_P"]},{"damage_healed":0.0,"max_hp_gain":0.0,"max_hp_loss":0.0,"gold_gain":0.0,"event_name":"Masked Bandits","player_choice":"Fought Bandits","floor":19.0,"gold_loss":0.0,"damage_taken":0.0},{"damage_healed":0.0,"max_hp_gain":0.0,"max_hp_loss":0.0,"gold_gain":0.0,"event_name":"N\u0027loth","player_choice":"Ignored","floor":20.0,"gold_loss":0.0,"damage_taken":0.0},{"damage_healed":0.0,"max_hp_gain":0.0,"max_hp_loss":22.0,"gold_gain":0.0,"event_name":"Vampires","player_choice":"Became a vampire","floor":30.0,"gold_loss":0.0,"damage_taken":0.0,"cards_obtained":["Bite","Bite","Bite","Bite","Bite"]},{"damage_healed":0.0,"max_hp_gain":0.0,"max_hp_loss":0.0,"gold_gain":0.0,"event_name":"Addict","player_choice":"Obtained Relic","floor":31.0,"gold_loss":85.0,"damage_taken":0.0,"relics_obtained":["MawBank"]},{"damage_healed":0.0,"max_hp_gain":0.0,"max_hp_loss":0.0,"gold_gain":222.0,"event_name":"Tomb of Lord Red Mask","player_choice":"Wore Mask","floor":38.0,"gold_loss":0.0,"damage_taken":0.0},{"damage_healed":0.0,"max_hp_gain":0.0,"max_hp_loss":2.0,"gold_gain":0.0,"event_name":"Winding Halls","player_choice":"Max HP","floor":45.0,"gold_loss":0.0,"damage_taken":0.0}],"is_beta":true,"boss_relics":[{"not_picked":["Runic Dome","Empty Cage"],"picked":"Coffee Dripper"},{"not_picked":["Cursed Key","Tiny House"],"picked":"HolyWater"}],"items_purged_floors":[8,48],"is_endless":false,"potions_floor_spawned":[1,2,10,14,18,22,28,29,42,46],"killed_by":"Awakened One","ascension_level":20}