{"path_per_floor":["M","$","M","M","M","R","E","M","T","$","M","R","M","?","R","B",null,"M","M","M","T","$","R","M","M","T","?","R","M","M"],"character_chosen":"DEFECT","items_purchased":["Loop","Storm","Bottled Lightning"],"gold_per_floor":[113,43,54,64,80,80,107,62,116,79,96,96,116,116,116,213,213,230,244,263,263,15,15,33,48,48,48,48,58,76,76],"floor_reached":31,"campfire_rested":0,"playtime":1345,"item_purchase_floors":[2,10,22],"current_hp_per_floor":[75,75,75,72,72,72,54,45,45,45,34,34,15,40,40,34,75,70,50,38,38,38,38,14,9,9,9,9,1,1,0],"items_purged":[],"gold":76,"score":241,"play_id":"c491bd95-99ad-491e-bcc0-8cb9e985bced","local_time":"20180529201828","is_prod":false,"is_daily":false,"chose_seed":false,"is_ascension_mode":false,"campfire_upgraded":5,"win_rate":0,"timestamp":1527639508,"campfire_choices":[{"data":"Redo","floor":6,"key":"SMITH"},{"data":"Creative AI","floor":12,"key":"SMITH"},{"data":"Storm","floor":15,"key":"SMITH"},{"data":"Zap","floor":23,"key":"SMITH"},{"data":"Barrage","floor":28,"key":"SMITH"}],"path_taken":["M","$","M","M","M","R","E","M","T","$","M","R","M","?","R","BOSS","M","?","M","?","$","R","M","M","T","?","R","M","?","M"],"build_version":"2018-05-28","seed_source_timestamp":587727475325827,"purchased_purges":0,"victory":false,"master_deck":["Zap+1","Dualcast","Scrape","Force Field","Hologram","Turbo","Stack","Undo","Leap","Barrage+1","Sweeping Beam","Loop","Redo+1","Rebound","Chill","Creative AI+1","Glacier","Storm+1","Cold Snap","Go for the Eyes","Buffer","Steam","Defragment","Darkness","Self Repair","White Noise","Storm+1","Beam Cell+1","Aggregate+1","Cold Snap+1","Sweeping Beam","Redo+1","Echo Form"],"max_hp_per_floor":[75,75,75,75,75,75,75,75,75,75,75,75,75,75,75,75,75,75,75,75,75,75,75,75,75,75,75,75,75,75,75],"relics":["Pandora\u0027s Box","Pantograph","Omamori","Orrery","Toxic Egg 2","Bottled Lightning","Ancient Tea Set"],"card_choices":[{"not_picked":["Leap","Turbo"],"picked":"Sweeping Beam","floor":1},{"not_picked":["Sweeping Beam","Hologram"],"picked":"Redo","floor":3},{"not_picked":["Cold Snap","Steam Power"],"picked":"Rebound","floor":4},{"not_picked":["Hologram","Compile Driver"],"picked":"Chill","floor":5},{"not_picked":["Hologram","Defragment"],"picked":"Creative AI","floor":7},{"not_picked":["Steam","Rebound"],"picked":"Glacier","floor":8},{"not_picked":["Barrage","Redo"],"picked":"Cold Snap","floor":11},{"not_picked":["Turbo","Rebound"],"picked":"Go for the Eyes","floor":13},{"not_picked":["Hyperbeam","Biased Cognition"],"picked":"Buffer","floor":16},{"not_picked":["Leap","Redo"],"picked":"Steam","floor":17},{"not_picked":["Steam","Scrape"],"picked":"Defragment","floor":17},{"not_picked":["Hologram","Cold Snap"],"picked":"Darkness","floor":17},{"not_picked":["Beam Cell","Steam Power"],"picked":"Self Repair","floor":17},{"not_picked":["Redo","Hologram"],"picked":"White Noise","floor":17},{"not_picked":["Chaos","Cold Snap"],"picked":"Storm+1","floor":18},{"not_picked":["Rebound","Barrage"],"picked":"Beam Cell+1","floor":19},{"not_picked":["Creative AI","Scrape+1"],"picked":"Aggregate+1","floor":20},{"not_picked":["Hologram+1","Leap+1"],"picked":"Cold Snap+1","floor":24},{"not_picked":["Ball Lightning","Turbo+1"],"picked":"Sweeping Beam","floor":25},{"not_picked":["Sweeping Beam","Gash"],"picked":"Redo+1","floor":29},{"not_picked":["Beam Cell","Rebound"],"picked":"Echo Form","floor":30}],"player_experience":516710,"potions_floor_usage":[16,29],"damage_taken":[{"damage":0,"enemies":"Jaw Worm","floor":1,"turns":5},{"damage":0,"enemies":"Small Slimes","floor":3,"turns":3},{"damage":3,"enemies":"Cultist","floor":4,"turns":5},{"damage":0,"enemies":"Red Slaver","floor":5,"turns":3},{"damage":18,"enemies":"Lagavulin","floor":7,"turns":8},{"damage":9,"enemies":"Looter","floor":8,"turns":5},{"damage":11,"enemies":"Large Slime","floor":11,"turns":7},{"damage":19,"enemies":"3 Louse","floor":13,"turns":3},{"damage":45,"enemies":"Hexaghost","floor":16,"turns":8},{"damage":19,"enemies":"3 Byrds","floor":18,"turns":6},{"damage":20,"enemies":"Shell Parasite","floor":19,"turns":5},{"damage":19,"enemies":"Snake Plant","floor":20,"turns":3},{"damage":24,"enemies":"3 Cultists","floor":24,"turns":4},{"damage":5,"enemies":"Chosen and Byrds","floor":25,"turns":4},{"damage":8,"enemies":"Centurion and Healer","floor":29,"turns":5},{"damage":0,"enemies":"Sentry and Sphere","floor":30,"turns":5},{"damage":14,"enemies":"Chosen and Byrds","floor":31,"turns":1}],"relics_obtained":[{"floor":7,"key":"Pantograph"},{"floor":9,"key":"Omamori"},{"floor":21,"key":"Toxic Egg 2"},{"floor":26,"key":"Ancient Tea Set"}],"event_choices":[{"event_name":"Big Fish","player_choice":"Banana","floor":14,"damage_taken":0},{"event_name":"Drug Dealer","player_choice":"Ignored","floor":27,"damage_taken":0}],"boss_relics":[{"not_picked":["Philosopher\u0027s Stone","Runic Pyramid"],"picked":"Orrery"}],"items_purged_floors":[],"potions_floor_spawned":[4,11,13,24,25,30],"seed_played":"-4777578055773944004","killed_by":"Chosen and Byrds","ascension_level":0,"potions_obtained":[{"floor":4,"key":"FairyPotion"},{"floor":11,"key":"Regen Potion"},{"floor":13,"key":"LiquidBronze"},{"floor":24,"key":"FocusPotion"},{"floor":25,"key":"AttackPotion"},{"floor":30,"key":"Strength Potion"}],"is_trial":false}