{"gold_per_floor":[111,121,136,166,179,179,229,229,298,314,346,346,375,387,387,459,459,432,12,32,47,47,47,66,66,66,78,90,35,63,79,79,158,158,168,179,179,6,23,23,23],"floor_reached":41,"playtime":2641,"items_purged":[],"score":871,"play_id":"08f2d225-1bb9-439b-a31c-49b7f9aaa2e2","local_time":"20190422104226","is_ascension_mode":true,"campfire_choices":[{"data":"Bash","floor":6,"key":"SMITH"},{"floor":8,"key":"REST"},{"data":"Immolate","floor":12,"key":"SMITH"},{"data":"Armaments","floor":15,"key":"SMITH"},{"floor":23,"key":"REST"},{"floor":25,"key":"REST"},{"floor":28,"key":"REST"},{"floor":32,"key":"REST"},{"floor":40,"key":"REST"}],"neow_cost":"NONE","seed_source_timestamp":9127526748844,"circlet_count":0,"master_deck":["AscendersBane","Strike_R+1","Strike_R+1","Strike_R+1","Defend_R+1","Defend_R+1","Defend_R+1","Bash+1","Flame Barrier+1","Headbutt","True Grit+1","Immolate+1","Metallicize","Pommel Strike","Barricade","Armaments+1","Impervious","Seeing Red+1","Demon Form+1","Flex+1","Sword Boomerang+1","Inflame","Iron Wave","Power Through","Metallicize","Shrug It Off","Fiend Fire","Anger","Corruption","Havoc","Shrug It Off","Parasite"],"relics":["Burning Blood","Tiny Chest","Pear","The Courier","Bottled Tornado","Astrolabe","Membership Card","Calipers","Lantern","MawBank","War Paint","Singing Bowl","Mark of Pain","Mercury Hourglass"],"potions_floor_usage":[13,14,16,18,20,22,33,33,39,39],"damage_taken":[{"damage":1,"enemies":"Small Slimes","floor":1,"turns":3},{"damage":1,"enemies":"2 Louse","floor":2,"turns":3},{"damage":7,"enemies":"Jaw Worm","floor":3,"turns":4},{"damage":9,"enemies":"Blue Slaver","floor":5,"turns":5},{"damage":0,"enemies":"2 Fungi Beasts","floor":10,"turns":4},{"damage":26,"enemies":"Gremlin Nob","floor":11,"turns":4},{"damage":20,"enemies":"Lagavulin","floor":13,"turns":6},{"damage":3,"enemies":"Lots of Slimes","floor":14,"turns":2},{"damage":31,"enemies":"The Guardian","floor":16,"turns":13},{"damage":14,"enemies":"2 Thieves","floor":18,"turns":4},{"damage":11,"enemies":"3 Byrds","floor":20,"turns":7},{"damage":42,"enemies":"Snake Plant","floor":21,"turns":4},{"damage":21,"enemies":"Colosseum Slavers","floor":22,"turns":5},{"damage":27,"enemies":"Sentry and Sphere","floor":24,"turns":6},{"damage":51,"enemies":"Book of Stabbing","floor":30,"turns":7},{"damage":7,"enemies":"Snecko","floor":31,"turns":9},{"damage":52,"enemies":"Automaton","floor":33,"turns":10},{"damage":9,"enemies":"3 Shapes","floor":35,"turns":7},{"damage":18,"enemies":"Orb Walker","floor":36,"turns":6},{"damage":53,"enemies":"Writhing Mass","floor":39,"turns":8},{"damage":49,"enemies":"Giant Head","floor":41,"turns":6}],"seed_played":"-4318108696176516427","potions_obtained":[{"floor":1,"key":"Dexterity Potion"},{"floor":5,"key":"GamblersBrew"},{"floor":13,"key":"Fire Potion"},{"floor":14,"key":"FearPotion"},{"floor":21,"key":"Strength Potion"},{"floor":24,"key":"Fire Potion"},{"floor":31,"key":"Explosive Potion"},{"floor":33,"key":"SteroidPotion"},{"floor":37,"key":"LiquidBronze"}],"is_trial":false,"path_per_floor":["M","M","M","?","M","R","?","R","T","M","E","R","E","M","R","B",null,"M","$","M","M","?","R","M","R","T","?","R","$","E","M","R","B",null,"M","M","?","$","M","R","E"],"character_chosen":"IRONCLAD","items_purchased":["Membership Card","Calipers","Lantern","Explosive Potion","Inflame","War Paint","Corruption","Mercury Hourglass","Havoc","Shrug It Off"],"campfire_rested":6,"item_purchase_floors":[19,19,19,19,19,29,38,38,38,38],"current_hp_per_floor":[80,82,81,36,33,33,33,57,67,73,53,53,39,42,42,17,73,65,65,60,24,9,36,15,42,42,42,69,69,24,25,53,7,72,71,59,59,59,14,43,0],"gold":23,"neow_bonus":"TEN_PERCENT_HP_BONUS","is_prod":false,"is_daily":false,"chose_seed":false,"campfire_upgraded":3,"win_rate":0,"timestamp":1555922546,"path_taken":["M","M","M","?","M","R","?","R","T","M","E","R","E","M","R","BOSS","M","$","M","M","?","R","M","R","T","?","R","?","E","M","R","BOSS","M","M","?","$","?","R","E"],"build_version":"2019-01-23","purchased_purges":0,"victory":false,"max_hp_per_floor":[82,82,82,82,82,82,82,82,92,92,92,92,92,92,92,92,92,92,92,92,92,92,92,92,92,92,92,92,92,92,94,94,94,94,96,96,96,96,98,98,98],"card_choices":[{"not_picked":["Havoc","Armaments"],"picked":"Flame Barrier","floor":1},{"not_picked":["Infernal Blade","Dropkick"],"picked":"Headbutt","floor":2},{"not_picked":["Perfected Strike","Wild Strike"],"picked":"True Grit","floor":3},{"not_picked":["Iron Wave","Headbutt"],"picked":"Immolate","floor":5},{"not_picked":["Power Through","Warcry"],"picked":"Metallicize","floor":10},{"not_picked":["Thunderclap","Headbutt"],"picked":"Pommel Strike","floor":11},{"not_picked":["Warcry","Rampage"],"picked":"Barricade","floor":13},{"not_picked":["Perfected Strike","Clash"],"picked":"Armaments","floor":14},{"not_picked":["Offering","Limit Break"],"picked":"Impervious","floor":16},{"not_picked":["Sever Soul","Body Slam"],"picked":"Sword Boomerang+1","floor":18},{"not_picked":["Headbutt","True Grit"],"picked":"Iron Wave","floor":20},{"not_picked":["Twin Strike","Flex"],"picked":"Power Through","floor":21},{"not_picked":["Perfected Strike","Twin Strike"],"picked":"Metallicize","floor":24},{"not_picked":["Shockwave","Wild Strike"],"picked":"Shrug It Off","floor":30},{"not_picked":["Thunderclap","Clash","Sword Boomerang"],"picked":"Singing Bowl","floor":31},{"not_picked":["Impervious","Dark Embrace"],"picked":"Fiend Fire","floor":33},{"not_picked":["Iron Wave","Rage","Heavy Blade"],"picked":"Singing Bowl","floor":35},{"not_picked":["Clash+1","Reaper"],"picked":"Anger","floor":36},{"not_picked":["Sever Soul","Corruption","Perfected Strike"],"picked":"Singing Bowl","floor":39}],"player_experience":603353,"relics_obtained":[{"floor":9,"key":"Pear"},{"floor":11,"key":"The Courier"},{"floor":13,"key":"Bottled Tornado"},{"floor":26,"key":"MawBank"},{"floor":30,"key":"Singing Bowl"}],"event_choices":[{"damage_healed":0,"gold_gain":0,"player_choice":"Success","damage_taken":45,"relics_obtained":["Tiny Chest"],"max_hp_gain":0,"max_hp_loss":0,"event_name":"Scrap Ooze","floor":4,"gold_loss":0},{"damage_healed":0,"gold_gain":50,"player_choice":"Gained Gold","damage_taken":0,"max_hp_gain":0,"max_hp_loss":0,"event_name":"Golden Wing","floor":7,"gold_loss":0},{"damage_healed":0,"gold_gain":0,"player_choice":"Fight","damage_taken":0,"max_hp_gain":0,"max_hp_loss":0,"event_name":"Colosseum","floor":22,"gold_loss":0},{"damage_healed":0,"gold_gain":0,"player_choice":"Fled From Nobs","damage_taken":0,"max_hp_gain":0,"max_hp_loss":0,"event_name":"Colosseum","floor":22,"gold_loss":0},{"damage_healed":0,"gold_gain":0,"player_choice":"Simplicity","damage_taken":0,"max_hp_gain":0,"max_hp_loss":0,"event_name":"Back to Basics","floor":27,"gold_loss":0,"cards_upgraded":["Strike_R","Strike_R","Strike_R","Defend_R","Defend_R","Defend_R"]},{"damage_healed":0,"gold_gain":0,"player_choice":"Got Potions","damage_taken":0,"max_hp_gain":0,"max_hp_loss":0,"event_name":"Lab","floor":37,"gold_loss":0}],"is_beta":false,"boss_relics":[{"not_picked":["Busted Crown","Lizard Tail"],"picked":"Astrolabe"},{"not_picked":["Black Blood","Velvet Choker"],"picked":"Mark of Pain"}],"items_purged_floors":[],"is_endless":false,"potions_floor_spawned":[1,5,13,14,21,24,31,33],"killed_by":"Giant Head","ascension_level":20}