{"path_per_floor":["M","M","M","M","M","R","E","R","T","R","$","?","M","M","R","B",null,"M","$","?","M","?","R","M","R","T","?","R","E","M","M","R","B",null,"M","?","$","$","M","E","R","M","T","M","M","$","?","M","R","B"],"character_chosen":"IRONCLAD","items_purchased":["Bottled Tornado","Bottled Lightning"],"gold_per_floor":[118,138,150,162,172,172,204,204,230,230,155,155,172,183,183,282,282,301,44,44,60,159,159,172,172,197,197,197,222,235,252,252,354,354,369,369,269,11,21,51,51,65,91,103,118,118,118,132,132,132],"floor_reached":51,"campfire_rested":1,"playtime":1220,"item_purchase_floors":[19,38],"current_hp_per_floor":[80,80,78,73,59,59,34,34,34,34,34,60,57,63,63,30,80,78,78,78,62,62,62,52,52,52,52,52,37,25,24,49,20,86,86,86,86,86,90,23,23,43,43,94,96,96,96,98,98,32],"items_purged":["Strike_R","Strike_R"],"gold":132,"score":751,"play_id":"1fbbdaeb-ca2c-483f-b758-c96bef341611","local_time":"20180614173631","is_prod":false,"is_daily":false,"chose_seed":false,"is_ascension_mode":false,"campfire_upgraded":9,"win_rate":0,"timestamp":1529012191,"campfire_choices":[{"data":"Immolate","floor":6,"key":"SMITH"},{"data":"Whirlwind","floor":8,"key":"SMITH"},{"data":"Inflame","floor":10,"key":"SMITH"},{"data":"True Grit","floor":15,"key":"SMITH"},{"data":"Limit Break","floor":23,"key":"SMITH"},{"data":"Flex","floor":25,"key":"SMITH"},{"data":"Havoc","floor":28,"key":"SMITH"},{"floor":32,"key":"REST"},{"data":"Offering","floor":41,"key":"SMITH"},{"data":"Warcry","floor":49,"key":"SMITH"}],"path_taken":["M","?","M","?","M","R","E","R","T","R","$","?","M","?","R","BOSS","M","$","?","M","?","R","?","R","T","?","R","E","M","M","R","BOSS","M","?","?","$","M","E","R","M","T","?","M","?","?","M","R","BOSS"],"build_version":"2018-06-13v3","seed_source_timestamp":1285197080030933,"purchased_purges":2,"victory":true,"master_deck":["Strike_R","Defend_R","Defend_R","Defend_R","Bash","Immolate+1","Warcry+1","Flex+1","Headbutt","Havoc+1","Whirlwind+1","Inflame+1","True Grit+1","Limit Break+1","Seeing Red+1","Limit Break+1","Reaper","Bandage Up","Offering+1"],"max_hp_per_floor":[80,80,80,80,80,80,80,80,80,80,80,80,80,80,80,80,80,80,80,80,80,80,80,80,80,80,80,80,82,84,86,86,86,86,88,88,88,88,90,90,90,92,92,94,96,96,96,98,98,98],"relics":["Burning Blood","Bronze Scales","Bag of Preparation","Empty Cage","Bottled Tornado","Singing Bowl","Omamori","Mark of Pain","Bottled Lightning","Vajra","Anchor"],"card_choices":[{"not_picked":["Fire Breathing","Iron Wave"],"picked":"Warcry","floor":1},{"not_picked":["True Grit","Bludgeon"],"picked":"Flex","floor":2},{"not_picked":["Armaments","Metallicize"],"picked":"Headbutt","floor":3},{"not_picked":["Headbutt","Feel No Pain"],"picked":"Havoc","floor":4},{"not_picked":["Intimidate","Blood for Blood"],"picked":"Whirlwind","floor":5},{"not_picked":["Power Through","Thunderclap"],"picked":"Inflame","floor":7},{"not_picked":["Whirlwind","Body Slam","Perfected Strike"],"picked":"SKIP","floor":13},{"not_picked":["Dropkick","Juggernaut"],"picked":"True Grit","floor":14},{"not_picked":["Feed","Double Tap"],"picked":"Limit Break","floor":16},{"not_picked":["Metallicize","Combust"],"picked":"Seeing Red+1","floor":18},{"not_picked":["Heavy Blade+1","Feel No Pain","Twin Strike"],"picked":"SKIP","floor":21},{"not_picked":["Infernal Blade","Warcry","Metallicize+1"],"picked":"SKIP","floor":24},{"not_picked":["Entrench","Bloodletting","Rage"],"picked":"Singing Bowl","floor":29},{"not_picked":["Second Wind","Thunderclap","Fire Breathing"],"picked":"Singing Bowl","floor":30},{"not_picked":["Immolate","Clash","Uppercut+1"],"picked":"Singing Bowl","floor":31},{"not_picked":["Fiend Fire","Berserk"],"picked":"Reaper","floor":33},{"not_picked":["Seeing Red","Heavy Blade","Thunderclap"],"picked":"Singing Bowl","floor":35},{"not_picked":["Dark Shackles","Flash of Steel"],"picked":"Bandage Up","floor":36},{"not_picked":["Ghostly Armor+1","Spot Weakness+1","Second Wind"],"picked":"Singing Bowl","floor":39},{"not_picked":["Body Slam","Pummel"],"picked":"Offering","floor":40},{"not_picked":["Sword Boomerang","Iron Wave+1","Thunderclap+1"],"picked":"Singing Bowl","floor":42},{"not_picked":["Perfected Strike+1","Clothesline","Ghostly Armor"],"picked":"Singing Bowl","floor":44},{"not_picked":["Clothesline+1","Twin Strike","Anger"],"picked":"Singing Bowl","floor":45},{"not_picked":["Dual Wield+1","Anger+1","Sever Soul+1"],"picked":"Singing Bowl","floor":48}],"player_experience":552338,"potions_floor_usage":[24,24,29,29,33],"damage_taken":[{"damage":1,"enemies":"Cultist","floor":1,"turns":3},{"damage":2,"enemies":"Small Slimes","floor":2,"turns":2},{"damage":8,"enemies":"Jaw Worm","floor":3,"turns":3},{"damage":11,"enemies":"Lots of Slimes","floor":4,"turns":3},{"damage":20,"enemies":"Exordium Thugs","floor":5,"turns":4},{"damage":31,"enemies":"Lagavulin","floor":7,"turns":4},{"damage":9,"enemies":"2 Fungi Beasts","floor":13,"turns":3},{"damage":0,"enemies":"Lots of Slimes","floor":14,"turns":1},{"damage":39,"enemies":"Slime Boss","floor":16,"turns":7},{"damage":8,"enemies":"3 Byrds","floor":18,"turns":2},{"damage":22,"enemies":"Shell Parasite","floor":21,"turns":3},{"damage":16,"enemies":"Snake Plant","floor":24,"turns":2},{"damage":23,"enemies":"Gremlin Leader","floor":29,"turns":4},{"damage":20,"enemies":"Centurion and Healer","floor":30,"turns":4},{"damage":9,"enemies":"3 Cultists","floor":31,"turns":3},{"damage":35,"enemies":"Collector","floor":33,"turns":6},{"damage":8,"enemies":"3 Shapes","floor":35,"turns":2},{"damage":21,"enemies":"Flame Bruiser 1 Orb","floor":39,"turns":4},{"damage":73,"enemies":"2 Orb Walkers","floor":40,"turns":4},{"damage":4,"enemies":"Sphere and 2 Shapes","floor":42,"turns":1},{"damage":4,"enemies":"Flame Bruiser 2 Orb","floor":44,"turns":3},{"damage":4,"enemies":"Transient","floor":45,"turns":5},{"damage":6,"enemies":"Spire Growth","floor":48,"turns":2},{"damage":76,"enemies":"Time Eater","floor":50,"turns":5}],"relics_obtained":[{"floor":7,"key":"Bronze Scales"},{"floor":9,"key":"Bag of Preparation"},{"floor":26,"key":"Singing Bowl"},{"floor":29,"key":"Omamori"},{"floor":40,"key":"Vajra"},{"floor":43,"key":"Anchor"}],"event_choices":[{"event_name":"Big Fish","player_choice":"Banana","floor":12,"damage_taken":0},{"event_name":"The Lab","player_choice":"Got Potions","floor":20,"damage_taken":0},{"event_name":"Nest","player_choice":"Stole From Cult","floor":22,"damage_taken":0},{"event_name":"Duplicator","player_choice":"One dupe","floor":27,"damage_taken":0},{"event_name":"SensoryStone","player_choice":"Memory 1","floor":36,"damage_taken":0},{"event_name":"Falling","player_choice":"Removed Skill","floor":47,"damage_taken":0}],"boss_relics":[{"not_picked":["Tiny House","Astrolabe"],"picked":"Empty Cage"},{"not_picked":["Runic Pyramid","Calling Bell"],"picked":"Mark of Pain"}],"items_purged_floors":[11,37],"potions_floor_spawned":[1,4,7,14,18,24,30,33,35,42],"seed_played":"1655667914182705569","ascension_level":0,"potions_obtained":[{"floor":1,"key":"Energy Potion"},{"floor":4,"key":"SteroidPotion"},{"floor":7,"key":"SteroidPotion"},{"floor":18,"key":"EntropicBrew"},{"floor":24,"key":"Energy Potion"},{"floor":33,"key":"Dexterity Potion"}],"is_trial":false}