{"gold_per_floor":[114,114,114,131,131,160,160,170,170,170,181,181,194,164,164,241,241,259,144,144,159,159,159,171,171,253,54,54,54],"floor_reached":29,"playtime":840,"items_purged":[],"score":406,"play_id":"9d746187-7665-433b-9d08-e91b3c66a284","local_time":"20190103064233","is_ascension_mode":true,"campfire_choices":[{"floor":7.0,"key":"DIG"},{"data":"Sunder","floor":15.0,"key":"SMITH"},{"data":"Buffer","floor":23,"key":"SMITH"},{"floor":25,"key":"DIG"},{"floor":28,"key":"DIG"}],"neow_cost":"NONE","seed_source_timestamp":1169375808415928,"circlet_count":0,"master_deck":["AscendersBane","Strike_B","Strike_B+1","Strike_B+1","Strike_B","Defend_B","Defend_B","Defend_B","Defend_B","Zap","Dualcast","Leap","Hologram","Echo Form","Sunder+1","Buffer+1","Defragment+1","Cold Snap","Gash"],"special_seed":0,"relics":["Cracked Core","NeowsBlessing","Shovel","The Courier","Kunai","Pear","Coffee Dripper","PreservedInsect","Happy Flower","Molten Egg 2","Bottled Tornado","Prayer Wheel"],"potions_floor_usage":[16,16,18],"damage_taken":[{"damage":0.0,"enemies":"Jaw Worm","floor":1.0,"turns":1.0},{"damage":0.0,"enemies":"2 Louse","floor":4.0,"turns":1.0},{"damage":0.0,"enemies":"Lagavulin","floor":6.0,"turns":1.0},{"damage":3.0,"enemies":"Small Slimes","floor":8.0,"turns":5.0},{"damage":3.0,"enemies":"Looter","floor":11.0,"turns":3.0},{"damage":9.0,"enemies":"2 Fungi Beasts","floor":13.0,"turns":4.0},{"damage":42,"enemies":"The Guardian","floor":16,"turns":11},{"damage":18,"enemies":"3 Byrds","floor":18,"turns":6},{"damage":21,"enemies":"2 Thieves","floor":21,"turns":4},{"damage":9,"enemies":"Chosen and Byrds","floor":24,"turns":9},{"damage":52,"enemies":"Gremlin Leader","floor":29,"turns":8}],"seed_played":"-5036634792019162052","potions_obtained":[{"floor":4.0,"key":"Regen Potion"},{"floor":13.0,"key":"GamblersBrew"},{"floor":16,"key":"Fire Potion"},{"floor":18,"key":"GamblersBrew"}],"is_trial":false,"path_per_floor":["M","$","?","M","?","E","R","M","T","?","M","?","M","$","R","B",null,"M","$","?","M","?","R","M","R","T","$","R","E"],"character_chosen":"DEFECT","items_purchased":["Sunder","PreservedInsect","Bottled Tornado"],"campfire_rested":0,"item_purchase_floors":[14,19,27],"current_hp_per_floor":[68,68,65,65,50,50,50,47,57,57,54,54,45,45,45,18,68,50,50,50,29,57,57,48,48,48,48,48,0],"gold":54,"neow_bonus":"THREE_ENEMY_KILL","is_prod":false,"is_daily":false,"chose_seed":false,"campfire_upgraded":2,"win_rate":0,"timestamp":1546494153,"path_taken":["M","$","?","M","?","E","R","M","T","?","M","?","M","?","R","BOSS","M","$","?","M","?","R","M","R","T","?","R","E"],"build_version":"2018-12-20","purchased_purges":0,"victory":false,"max_hp_per_floor":[75,75,75,75,75,75,75,75,85,85,85,85,85,85,85,85,85,85,85,85,85,85,85,85,85,85,85,85,85],"card_choices":[{"not_picked":["Turbo","Rebound"],"picked":"Leap","floor":1.0},{"not_picked":["Conserve Battery","Storm"],"picked":"Hologram","floor":4.0},{"not_picked":["Coolheaded","Hologram","Melter"],"picked":"SKIP","floor":6.0},{"not_picked":["Cold Snap","Lockon","Double Energy"],"picked":"SKIP","floor":8.0},{"not_picked":["Ball Lightning","Compile Driver"],"picked":"Echo Form","floor":11.0},{"not_picked":["Hologram","Barrage","Cold Snap"],"picked":"SKIP","floor":13.0},{"not_picked":["Amplify","Machine Learning"],"picked":"Buffer","floor":16},{"not_picked":["Cold Snap","Sweeping Beam"],"picked":"Defragment+1","floor":18},{"not_picked":["Doom and Gloom","Lockon+1"],"picked":"Cold Snap","floor":21},{"not_picked":["Doom and Gloom","Sweeping Beam"],"picked":"Gash","floor":24}],"player_experience":388786,"relics_obtained":[{"floor":6.0,"key":"The Courier"},{"floor":7.0,"key":"Kunai"},{"floor":9.0,"key":"Pear"},{"floor":25,"key":"Happy Flower"},{"floor":26,"key":"Molten Egg 2"},{"floor":28,"key":"Prayer Wheel"}],"event_choices":[{"damage_healed":0.0,"max_hp_gain":0.0,"max_hp_loss":0.0,"gold_gain":0.0,"event_name":"Scrap Ooze","player_choice":"Success","floor":3.0,"gold_loss":0.0,"damage_taken":3.0,"relics_obtained":["Shovel"]},{"damage_healed":0.0,"max_hp_gain":0.0,"max_hp_loss":0.0,"gold_gain":0.0,"event_name":"Shining Light","player_choice":"Entered Light","floor":5.0,"gold_loss":0.0,"damage_taken":15.0,"cards_upgraded":["Strike_B","Strike_B"]},{"damage_healed":0.0,"max_hp_gain":0.0,"max_hp_loss":0.0,"gold_gain":0.0,"event_name":"The Cleric","player_choice":"Leave","floor":10.0,"gold_loss":0.0,"damage_taken":0.0},{"damage_healed":0.0,"max_hp_gain":0.0,"max_hp_loss":0.0,"gold_gain":0.0,"event_name":"Dead Adventurer","player_choice":"Searched \u00270\u0027 times","floor":12.0,"gold_loss":0.0,"damage_taken":0.0},{"damage_healed":0,"gold_gain":0,"player_choice":"Ignored","damage_taken":0,"max_hp_gain":0,"max_hp_loss":0,"event_name":"Cursed Tome","floor":20,"gold_loss":0},{"damage_healed":28,"gold_gain":0,"player_choice":"Heal","damage_taken":0,"max_hp_gain":0,"max_hp_loss":0,"event_name":"The Library","floor":22,"gold_loss":0}],"is_beta":false,"boss_relics":[{"not_picked":["Velvet Choker","Busted Crown"],"picked":"Coffee Dripper"}],"items_purged_floors":[],"is_endless":false,"potions_floor_spawned":[4,13,16,18],"killed_by":"Gremlin Leader","ascension_level":13}