{"gold_per_floor":[117,128,128,128,146,146,158,158,236,246,306,362,380,63,63,140,140,151,151,66,43,43,43,57,57,57,74,74,92,92,109,109,109],"floor_reached":33,"playtime":1040,"items_purged":[],"score":478,"play_id":"2f5e89f5-7b25-4145-a2fb-0d5a97d344b6","local_time":"20190914151335","is_ascension_mode":true,"campfire_choices":[{"data":"Bash","floor":6.0,"key":"SMITH"},{"floor":8.0,"key":"REST"},{"floor":15.0,"key":"REST"},{"data":"Whirlwind","floor":23.0,"key":"SMITH"},{"data":"Fire Breathing","floor":25.0,"key":"SMITH"},{"floor":30.0,"key":"REST"},{"data":"Carnage","floor":32.0,"key":"SMITH"}],"neow_cost":"NONE","seed_source_timestamp":4367528446300,"circlet_count":0,"master_deck":["AscendersBane","Strike_R+1","Strike_R+1","Strike_R+1","Strike_R+1","Strike_R+1","Defend_R+1","Defend_R+1","Defend_R+1","Defend_R+1","Bash+1","Fire Breathing+1","Carnage+1","Whirlwind+1","Entrench+1","Disarm+1","Double Tap+1","Flame Barrier+1","Shrug It Off+1","Flex+1","Body Slam+1","Armaments+1"],"special_seed":0,"relics":["Black Blood","Lantern","Singing Bowl","White Beast Statue","Toxic Egg 2","Calipers","Champion Belt","Akabeko","Question Card"],"potions_floor_usage":[33,33],"damage_taken":[{"damage":13.0,"enemies":"Cultist","floor":1.0,"turns":5.0},{"damage":14.0,"enemies":"Jaw Worm","floor":2.0,"turns":4.0},{"damage":4.0,"enemies":"Small Slimes","floor":5.0,"turns":4.0},{"damage":2.0,"enemies":"2 Fungi Beasts","floor":7.0,"turns":4.0},{"damage":12.0,"enemies":"Looter","floor":10.0,"turns":3.0},{"damage":30.0,"enemies":"3 Sentries","floor":11.0,"turns":5.0},{"damage":4.0,"enemies":"Red Slaver","floor":13.0,"turns":3.0},{"damage":45.0,"enemies":"Hexaghost","floor":16.0,"turns":11.0},{"damage":24.0,"enemies":"3 Byrds","floor":18.0,"turns":6.0},{"damage":0.0,"enemies":"Masked Bandits","floor":19.0,"turns":1.0},{"damage":11.0,"enemies":"2 Thieves","floor":21.0,"turns":4.0},{"damage":21.0,"enemies":"Sentry and Sphere","floor":24.0,"turns":8.0},{"damage":15.0,"enemies":"Centurion and Healer","floor":27.0,"turns":6.0},{"damage":20.0,"enemies":"3 Cultists","floor":29.0,"turns":5.0},{"damage":7.0,"enemies":"Snake Plant","floor":31.0,"turns":2.0},{"damage":113,"enemies":"Champ","floor":33,"turns":16}],"seed_played":"8206527656619473242","potions_obtained":[{"floor":1.0,"key":"Weak Potion"},{"floor":5.0,"key":"Block Potion"},{"floor":7.0,"key":"SmokeBomb"},{"floor":13.0,"key":"FearPotion"},{"floor":16.0,"key":"PowerPotion"},{"floor":21.0,"key":"Poison Potion"},{"floor":24.0,"key":"FearPotion"},{"floor":27.0,"key":"BloodPotion"}],"is_trial":false,"path_per_floor":["M","M","?","T","M","R","M","R","T","M","?","?","M","$","R","B",null,"M","?","?","M","?","R","M","R","T","M","$","M","R","M","R","B"],"character_chosen":"IRONCLAD","items_purchased":["Champion Belt"],"campfire_rested":3,"item_purchase_floors":[14],"current_hp_per_floor":[61,53,27,27,31,31,35,58,58,52,28,28,30,30,53,14,61,49,61,61,62,62,62,55,55,55,52,52,44,67,72,72,0],"gold":109,"neow_bonus":"RANDOM_COMMON_RELIC","is_prod":false,"is_daily":false,"chose_seed":false,"campfire_upgraded":4,"win_rate":0,"timestamp":1568492015,"path_taken":["M","?","?","?","M","R","M","R","T","M","?","?","M","?","R","BOSS","M","?","?","M","?","R","M","R","T","?","?","M","R","?","R","BOSS"],"build_version":"2019-09-12","purchased_purges":0,"victory":false,"max_hp_per_floor":[75,75,75,75,77,77,77,77,77,77,77,77,77,77,77,77,77,77,77,77,77,77,77,79,79,79,79,79,79,79,79,79,79],"card_choices":[{"not_picked":["Intimidate","Rage"],"picked":"Fire Breathing","floor":1.0},{"not_picked":["Sword Boomerang","Twin Strike","Warcry"],"picked":"SKIP","floor":2.0},{"not_picked":["Fire Breathing","Clothesline","Havoc"],"picked":"Singing Bowl","floor":5.0},{"not_picked":["Cleave","Fiend Fire"],"picked":"Carnage","floor":7.0},{"not_picked":["Fire Breathing","Hemokinesis"],"picked":"Whirlwind","floor":10.0},{"not_picked":["Searing Blow","Iron Wave"],"picked":"Entrench+1","floor":11.0},{"not_picked":["Fire Breathing","Clash"],"picked":"Disarm+1","floor":13.0},{"not_picked":["Exhume+1","Barricade"],"picked":"Double Tap+1","floor":16.0},{"not_picked":["Sever Soul","True Grit+1"],"picked":"Flame Barrier+1","floor":18.0},{"not_picked":["Havoc+1","Pommel Strike"],"picked":"Shrug It Off+1","floor":21.0},{"not_picked":["Fire Breathing","Whirlwind","Pummel"],"picked":"Singing Bowl","floor":24.0},{"not_picked":["Shrug It Off+1","Searing Blow+1","Wild Strike+1"],"picked":"Flex+1","floor":27.0},{"not_picked":["Pommel Strike","Heavy Blade","Sentinel+1"],"picked":"Body Slam+1","floor":29.0},{"not_picked":["Heavy Blade","Anger","Ghostly Armor+1"],"picked":"Armaments+1","floor":31.0}],"player_experience":1316705,"relics_obtained":[{"floor":4.0,"key":"White Beast Statue"},{"floor":9.0,"key":"Toxic Egg 2"},{"floor":11.0,"key":"Calipers"},{"floor":26.0,"key":"Question Card"}],"event_choices":[{"damage_healed":0.0,"max_hp_gain":0.0,"max_hp_loss":0.0,"gold_gain":0.0,"event_name":"Scrap Ooze","player_choice":"Success","floor":3.0,"gold_loss":0.0,"damage_taken":26.0,"relics_obtained":["Singing Bowl"]},{"damage_healed":0.0,"max_hp_gain":0.0,"max_hp_loss":0.0,"gold_gain":0.0,"event_name":"Dead Adventurer","player_choice":"Searched \u00271\u0027 times","floor":11.0,"gold_loss":0.0,"damage_taken":0.0},{"damage_healed":0.0,"max_hp_gain":0.0,"max_hp_loss":0.0,"gold_gain":56.0,"event_name":"Golden Wing","player_choice":"Gained Gold","floor":12.0,"gold_loss":0.0,"damage_taken":0.0},{"damage_healed":0.0,"max_hp_gain":0.0,"max_hp_loss":0.0,"gold_gain":0.0,"event_name":"Masked Bandits","player_choice":"Fought Bandits","floor":19.0,"gold_loss":0.0,"damage_taken":0.0},{"damage_healed":0.0,"max_hp_gain":0.0,"max_hp_loss":0.0,"gold_gain":0.0,"event_name":"Addict","player_choice":"Obtained Relic","floor":20.0,"gold_loss":85.0,"damage_taken":0.0,"relics_obtained":["Akabeko"]},{"damage_healed":0.0,"max_hp_gain":0.0,"max_hp_loss":0.0,"gold_gain":0.0,"event_name":"Back to Basics","player_choice":"Simplicity","floor":22.0,"gold_loss":0.0,"damage_taken":0.0,"cards_upgraded":["Strike_R","Strike_R","Strike_R","Strike_R","Strike_R","Defend_R","Defend_R","Defend_R","Defend_R"]}],"is_beta":true,"boss_relics":[{"not_picked":["Empty Cage","Ectoplasm"],"picked":"Black Blood"}],"items_purged_floors":[],"is_endless":false,"potions_floor_spawned":[1,5,7,10,11,13,16,18,19,21,24,27,29,31],"killed_by":"Champ","ascension_level":20}