{"gold_per_floor":[119,14,14,14,14,14,47,128,153,153,168,179,199,230,230,329,329,348,366,50,150,163,193,212,212,258,258,271,296,296,310,310,412,412,428,478,478,494,512,512,524,538,538,538,570,586,586,101,101,101],"floor_reached":50,"playtime":1820,"items_purged":[],"score":807,"play_id":"dc6ad3e1-e2b0-48ae-be70-d29d964639aa","local_time":"20181017205843","is_ascension_mode":true,"campfire_choices":[{"data":"Perfected Strike","floor":6,"key":"SMITH"},{"data":"Inflame","floor":10,"key":"SMITH"},{"data":"Perfected Strike","floor":15,"key":"SMITH"},{"data":"Bash","floor":25,"key":"SMITH"},{"data":"Feed","floor":27,"key":"SMITH"},{"data":"Feed","floor":30,"key":"SMITH"},{"floor":32,"key":"REST"},{"floor":40,"key":"REST"},{"data":"Inflame","floor":44,"key":"SMITH"},{"floor":49,"key":"REST"}],"neow_cost":"TEN_PERCENT_HP_LOSS","seed_source_timestamp":883092446511355,"circlet_count":0,"master_deck":["Strike_R+1","Strike_R","Strike_R+1","Strike_R","Strike_R","Defend_R","Defend_R","Bash+1","Perfected Strike+1","Inflame+1","Perfected Strike+1","Feed+1","Corruption","Feed+1","Armaments+1","Clothesline","Feel No Pain+1","Dark Embrace","Berserk+1","Heavy Blade+1","Infernal Blade+1","Heavy Blade","Second Wind+1","Inflame+1","Feel No Pain","Impervious+1","Sever Soul"],"relics":["Burning Blood","Nunchaku","Bag of Preparation","Kunai","Orichalcum","Regal Pillow","Snecko Eye","Paper Frog","Art of War","Bronze Scales","Centennial Puzzle","Astrolabe","Dead Branch","Whetstone","Toxic Egg 2","Toy Ornithopter"],"potions_floor_usage":[16,22,23,29,33,33,39,45,50,50],"damage_taken":[{"damage":2,"enemies":"Jaw Worm","floor":1,"turns":7},{"damage":40,"enemies":"Lagavulin","floor":7,"turns":5},{"damage":0,"enemies":"Small Slimes","floor":11,"turns":2},{"damage":2,"enemies":"2 Louse","floor":12,"turns":2},{"damage":0,"enemies":"2 Fungi Beasts","floor":13,"turns":2},{"damage":2,"enemies":"Gremlin Nob","floor":14,"turns":3},{"damage":12,"enemies":"Slime Boss","floor":16,"turns":5},{"damage":6,"enemies":"Chosen","floor":18,"turns":2},{"damage":8,"enemies":"Shell Parasite","floor":19,"turns":2},{"damage":0,"enemies":"Snecko","floor":22,"turns":2},{"damage":17,"enemies":"Book of Stabbing","floor":23,"turns":3},{"damage":18,"enemies":"Snake Plant","floor":24,"turns":2},{"damage":17,"enemies":"Centurion and Healer","floor":28,"turns":3},{"damage":11,"enemies":"Slavers","floor":29,"turns":3},{"damage":18,"enemies":"Sentry and Sphere","floor":31,"turns":5},{"damage":45,"enemies":"Collector","floor":33,"turns":8},{"damage":10,"enemies":"Orb Walker","floor":35,"turns":2},{"damage":34,"enemies":"2 Orb Walkers","floor":36,"turns":3},{"damage":13,"enemies":"3 Shapes","floor":38,"turns":4},{"damage":6,"enemies":"Transient","floor":39,"turns":5},{"damage":9,"enemies":"Sphere and 2 Shapes","floor":41,"turns":4},{"damage":15,"enemies":"Maw","floor":42,"turns":5},{"damage":42,"enemies":"Reptomancer","floor":45,"turns":5},{"damage":11,"enemies":"Jaw Worm Horde","floor":46,"turns":2},{"damage":138,"enemies":"Time Eater","floor":50,"turns":8}],"seed_played":"3822777014141853567","potions_obtained":[{"floor":12,"key":"Explosive Potion"},{"floor":13,"key":"GamblersBrew"},{"floor":16,"key":"FearPotion"},{"floor":22,"key":"Fruit Juice"},{"floor":23,"key":"Fire Potion"},{"floor":28,"key":"Swift Potion"},{"floor":35,"key":"BloodPotion"},{"floor":36,"key":"PowerPotion"},{"floor":42,"key":"Block Potion"},{"floor":46,"key":"SteroidPotion"}],"is_trial":false,"path_per_floor":["M","$","?","?","$","R","E","T","T","R","M","M","M","E","R","B",null,"M","M","$","?","M","E","M","R","T","R","M","E","R","M","R","B",null,"M","?","?","M","M","R","M","M","T","R","E","M","?","$","R"],"character_chosen":"IRONCLAD","items_purchased":["Perfected Strike","Inflame","Corruption","Paper Frog","Feel No Pain","Impervious+1","Toy Ornithopter","Sever Soul"],"campfire_rested":3,"item_purchase_floors":[2,2,20,20,48,48,48,48],"current_hp_per_floor":[72,72,77,77,77,77,43,43,43,43,49,53,59,63,63,57,72,72,70,70,70,81,70,58,58,58,58,47,46,46,38,80,45,82,78,54,54,51,51,96,97,92,92,92,56,59,59,59,109,0],"gold":101,"neow_bonus":"ONE_RARE_RELIC","is_prod":false,"is_daily":false,"chose_seed":false,"campfire_upgraded":7,"win_rate":0,"timestamp":1539824323,"path_taken":["M","$","?","?","?","R","E","?","T","R","M","M","M","E","R","BOSS","M","M","$","?","M","E","?","R","T","R","M","E","R","M","R","BOSS","M","?","?","M","M","R","?","M","T","R","E","M","?","$","R","BOSS"],"build_version":"2018-10-17v2","purchased_purges":0,"victory":false,"max_hp_per_floor":[72,72,77,77,77,77,77,77,77,77,77,77,77,77,77,77,77,77,77,77,77,82,82,82,82,82,82,82,86,86,90,90,94,94,94,98,98,102,102,102,106,110,110,110,110,118,118,118,118,118],"card_choices":[{"not_picked":["Heavy Blade","Sword Boomerang"],"picked":"Infernal Blade","floor":1},{"not_picked":["Exhume","Havoc"],"picked":"Headbutt","floor":7},{"not_picked":["Headbutt","Iron Wave"],"picked":"Cleave","floor":11},{"not_picked":["Pummel","Pommel Strike"],"picked":"Perfected Strike","floor":12},{"not_picked":["Iron Wave","Twin Strike","Pummel"],"picked":"SKIP","floor":13},{"not_picked":["Intimidate","Reckless Charge","Fire Breathing"],"picked":"SKIP","floor":14},{"not_picked":["Demon Form","Juggernaut"],"picked":"Feed","floor":16},{"not_picked":["True Grit+1","Pommel Strike+1","Sword Boomerang"],"picked":"SKIP","floor":18},{"not_picked":["Reckless Charge","Twin Strike","Flex+1"],"picked":"SKIP","floor":19},{"not_picked":["Cleave","Burning Pact"],"picked":"Feed","floor":22},{"not_picked":["Rampage","Body Slam","Metallicize"],"picked":"SKIP","floor":23},{"not_picked":["Body Slam+1","Armaments+1","Clash"],"picked":"SKIP","floor":24},{"not_picked":["Ghostly Armor","Body Slam"],"picked":"Armaments+1","floor":28},{"not_picked":["Clash","Sword Boomerang"],"picked":"Clothesline","floor":29},{"not_picked":["Warcry","Headbutt"],"picked":"Feel No Pain+1","floor":31},{"not_picked":["Juggernaut","Limit Break"],"picked":"Dark Embrace","floor":33},{"not_picked":["True Grit","Clash+1","Flex+1"],"picked":"SKIP","floor":35},{"not_picked":["Body Slam","Clothesline"],"picked":"Second Wind+1","floor":38},{"not_picked":["Thunderclap","Fire Breathing+1","Infernal Blade+1"],"picked":"SKIP","floor":39},{"not_picked":["Warcry+1","Evolve","Flex+1"],"picked":"SKIP","floor":41},{"not_picked":["Clothesline","Searing Blow+1"],"picked":"Inflame","floor":42},{"not_picked":["Twin Strike+1","Searing Blow+1","Whirlwind+1"],"picked":"SKIP","floor":45},{"not_picked":["Dual Wield+1","Havoc+1","Sword Boomerang+1"],"picked":"SKIP","floor":46}],"player_experience":922985,"relics_obtained":[{"floor":7,"key":"Bag of Preparation"},{"floor":8,"key":"Kunai"},{"floor":9,"key":"Orichalcum"},{"floor":14,"key":"Regal Pillow"},{"floor":23,"key":"Art of War"},{"floor":26,"key":"Bronze Scales"},{"floor":29,"key":"Centennial Puzzle"},{"floor":36,"key":"Dead Branch"},{"floor":43,"key":"Whetstone"},{"floor":45,"key":"Toxic Egg 2"}],"event_choices":[{"damage_healed":0,"gold_gain":0,"player_choice":"Donut","damage_taken":0,"max_hp_gain":5,"max_hp_loss":0,"event_name":"Big Fish","floor":3,"gold_loss":0},{"damage_healed":0,"gold_gain":0,"player_choice":"Ignored","damage_taken":0,"max_hp_gain":0,"max_hp_loss":0,"event_name":"Liars Game","floor":4,"gold_loss":0},{"damage_healed":0,"gold_gain":100,"player_choice":"Pray","damage_taken":0,"max_hp_gain":0,"max_hp_loss":0,"event_name":"Golden Shrine","floor":21,"gold_loss":0},{"damage_healed":0,"gold_gain":0,"player_choice":"Fight","damage_taken":0,"max_hp_gain":0,"max_hp_loss":0,"event_name":"Mysterious Sphere","floor":36,"gold_loss":0},{"damage_healed":0,"gold_gain":0,"cards_transformed":["Defend_R"],"player_choice":"Transformed","damage_taken":0,"max_hp_gain":0,"max_hp_loss":0,"event_name":"Transmorgrifier","floor":37,"gold_loss":0,"cards_obtained":["Heavy Blade"]},{"cards_removed":["Headbutt"],"damage_healed":0,"gold_gain":0,"player_choice":"Removed Attack","damage_taken":0,"max_hp_gain":0,"max_hp_loss":0,"event_name":"Falling","floor":47,"gold_loss":0}],"is_beta":true,"boss_relics":[{"not_picked":["Fusion Hammer","Calling Bell"],"picked":"Snecko Eye"},{"not_picked":["Pandora\u0027s Box","Tiny House"],"picked":"Astrolabe"}],"items_purged_floors":[],"is_endless":false,"potions_floor_spawned":[12,13,16,22,23,28,35,36,42,46],"killed_by":"Time Eater","ascension_level":9}