{"path_per_floor":["M","$","?","M","M","R","M","R","T","E","M","?","M","E","R","B",null,"M","M","M","M","T","R","M","E","T","R","M","M","R","M","R","B",null,"M","?"],"character_chosen":"IRONCLAD","items_purchased":["Whirlwind"],"gold_per_floor":[114,36,36,54,68,68,88,88,161,191,204,204,218,251,251,354,354,366,385,397,416,416,416,430,458,458,458,477,497,497,509,509,613,613,631,631,631],"floor_reached":37,"campfire_rested":3,"playtime":983,"current_hp_per_floor":[78,78,78,72,72,72,72,72,72,56,50,50,51,32,56,23,80,75,66,45,35,35,35,34,33,33,57,54,54,54,49,73,49,80,80,80,0],"items_purged":[],"gold":631,"score":431,"play_id":"16549817-3250-43e7-8634-823f925ae2ec","local_time":"20180330162041","is_prod":false,"is_daily":false,"is_ascension_mode":false,"campfire_upgraded":4,"timestamp":1522441241,"path_taken":["M","$","?","M","M","R","?","R","T","E","M","?","M","E","R","BOSS","M","M","M","M","?","R","M","E","T","R","M","M","R","?","R","BOSS","M","?","BOSS"],"build_version":"2018-03-29v2","purchased_purges":0,"victory":false,"master_deck":["Strike_R","Strike_R","Strike_R","Strike_R","Strike_R","Bash","Headbutt","Whirlwind+1","Flex+1","Rampage+1","Thunderclap","Clash","Demon Form","Intimidate+1","Burning Pact+1","Body Slam+1","Flex+1","Heavy Blade","Flex+1","Bloodletting+1","Reaper","Flex+1"],"max_hp_per_floor":[80,80,80,80,80,80,80,80,80,80,80,80,80,80,80,80,80,80,80,80,80,80,80,80,80,80,80,80,80,80,80,80,80,80,80,80,80],"relics":["Sozu","Meat on the Bone","Smiling Mask","Thread and Needle","Astrolabe","Gambling Chip","Calipers","Toxic Egg 2","Runic Dome"],"card_choices":[{"not_picked":["Shrug It Off","Sword Boomerang"],"picked":"Headbutt","floor":1},{"not_picked":["Shockwave","Iron Wave"],"picked":"Flex","floor":5},{"not_picked":["Fiend Fire","Cleave"],"picked":"Rampage","floor":11},{"not_picked":["Cleave","Clothesline"],"picked":"Thunderclap","floor":13},{"not_picked":["Battle Trance","Sword Boomerang"],"picked":"Clash","floor":14},{"not_picked":["Dark Embrace","Exhume"],"picked":"Demon Form","floor":16},{"not_picked":["Perfected Strike","Twin Strike"],"picked":"Flex","floor":19},{"not_picked":["Intimidate","Headbutt"],"picked":"Heavy Blade","floor":21},{"not_picked":["Wild Strike","Perfected Strike"],"picked":"Flex","floor":25},{"not_picked":["Anger","Rampage"],"picked":"Bloodletting","floor":31},{"not_picked":["Brutality","Bludgeon"],"picked":"Reaper","floor":33},{"not_picked":["Shockwave","Perfected Strike"],"picked":"Flex","floor":35}],"player_experience":285117,"potions_floor_usage":[],"damage_taken":[{"damage":2,"enemies":"2 Louse","floor":1,"turns":3},{"damage":6,"enemies":"Cultist","floor":4,"turns":3},{"damage":0,"enemies":"Small Slimes","floor":5,"turns":2},{"damage":0,"enemies":"Exordium Thugs","floor":7,"turns":2},{"damage":16,"enemies":"3 Sentries","floor":10,"turns":3},{"damage":6,"enemies":"2 Fungi Beasts","floor":11,"turns":2},{"damage":11,"enemies":"3 Louse","floor":13,"turns":2},{"damage":31,"enemies":"Lagavulin","floor":14,"turns":4},{"damage":45,"enemies":"The Guardian","floor":16,"turns":7},{"damage":5,"enemies":"Spheric Guardian","floor":18,"turns":3},{"damage":9,"enemies":"Shell Parasite","floor":19,"turns":3},{"damage":21,"enemies":"Snecko","floor":20,"turns":4},{"damage":22,"enemies":"Snake Plant","floor":21,"turns":3},{"damage":13,"enemies":"Centurion and Healer","floor":24,"turns":3},{"damage":13,"enemies":"Slavers","floor":25,"turns":3},{"damage":3,"enemies":"Snecko","floor":28,"turns":3},{"damage":0,"enemies":"Snake Plant","floor":29,"turns":2},{"damage":5,"enemies":"Cultist and Chosen","floor":31,"turns":4},{"damage":36,"enemies":"Collector","floor":33,"turns":7},{"damage":0,"enemies":"Orb Walker","floor":35,"turns":1},{"damage":85,"enemies":"Donu and Deca","floor":37,"turns":4}],"event_choices":[{"event_name":"Purifier","player_choice":"One Purge","floor":3,"damage_taken":0},{"event_name":"The Lab","player_choice":"Got Potions","floor":12,"damage_taken":0},{"event_name":"SecretPortal","player_choice":"Took Portal.","floor":36,"damage_taken":0}],"boss_relics":[{"not_picked":["Tiny House","Orrery"],"picked":"Astrolabe"},{"not_picked":["White Beast Statue","Eternal Feather"],"picked":"Runic Dome"}],"potions_floor_spawned":[11,16,20,21,29,35],"seed_played":"6750016615838265686","killed_by":"Donu and Deca","ascension_level":0,"is_trial":false}