{"gold_per_floor":[14,24,43,43,66,66,86,110,156,156,156,170,18,18,18,143,143,158,257,61,82,98,98,98,98,122,122,143,166,88,88,88,219,219,244,244,258,258,258],"floor_reached":39,"playtime":1126,"items_purged":["Strike_B"],"score":429,"play_id":"b779ea33-ecd6-432d-972e-cdac206ca12b","local_time":"20181223064017","is_ascension_mode":true,"campfire_choices":[{"data":"Zap","floor":6,"key":"SMITH"},{"data":"Storm","floor":10,"key":"SMITH"},{"data":"Defragment","floor":15,"key":"SMITH"},{"data":"Dualcast","floor":23,"key":"SMITH"},{"data":"Thunder Strike","floor":25,"key":"SMITH"},{"floor":32,"key":"REST"}],"neow_cost":"NO_GOLD","seed_source_timestamp":218547325680149,"circlet_count":0,"master_deck":["Defend_B+1","Defend_B","Defend_B","Defend_B","Zap+1","Dualcast+1","Storm+1","Leap","Machine Learning+1","Defragment+1","FTL","Thunder Strike+1","Redo+1","Hologram","Redo+1","Capacitor","Biased Cognition","Electrodynamics","Static Discharge+1"],"special_seed":0,"relics":["Cracked Core","Golden Idol","Omamori","Cursed Key","Art of War","Happy Flower","Boot"],"potions_floor_usage":[12,16,22,22],"damage_taken":[{"damage":0.0,"enemies":"2 Louse","floor":1.0,"turns":2.0},{"damage":1.0,"enemies":"Cultist","floor":2.0,"turns":3.0},{"damage":3,"enemies":"Small Slimes","floor":3,"turns":3},{"damage":8,"enemies":"Blue Slaver","floor":5,"turns":3},{"damage":3,"enemies":"2 Fungi Beasts","floor":7,"turns":4},{"damage":3,"enemies":"Looter","floor":8,"turns":3},{"damage":0,"enemies":"Lots of Slimes","floor":12,"turns":1},{"damage":3,"enemies":"The Guardian","floor":16,"turns":9},{"damage":13,"enemies":"Spheric Guardian","floor":18,"turns":4},{"damage":5,"enemies":"Shell Parasite","floor":21,"turns":4},{"damage":15,"enemies":"Centurion and Healer","floor":22,"turns":4},{"damage":1,"enemies":"Cultist and Chosen","floor":28,"turns":3},{"damage":12,"enemies":"Chosen and Byrds","floor":29,"turns":3},{"damage":22,"enemies":"Colosseum Slavers","floor":31,"turns":2},{"damage":32,"enemies":"Champ","floor":33,"turns":6},{"damage":8,"enemies":"Orb Walker","floor":35,"turns":2},{"damage":29,"enemies":"3 Darklings","floor":37,"turns":3},{"damage":52,"enemies":"Writhing Mass","floor":39,"turns":2}],"seed_played":"-4823778796101694722","potions_obtained":[{"floor":3,"key":"Swift Potion"},{"floor":5,"key":"Weak Potion"},{"floor":8,"key":"Explosive Potion"},{"floor":16,"key":"AttackPotion"},{"floor":22,"key":"SkillPotion"},{"floor":29,"key":"Explosive Potion"}],"is_trial":false,"path_per_floor":["M","M","M","?","M","R","M","M","T","R","?","M","$","?","R","B",null,"M","?","$","M","M","R","?","R","T","?","M","M","$","?","R","B",null,"M","?","M","?","M"],"character_chosen":"DEFECT","items_purchased":["FTL","Art of War","Hologram","Biased Cognition"],"campfire_rested":1,"item_purchase_floors":[13,20,20,30],"current_hp_per_floor":[75,74,71,69,61,61,58,55,55,55,55,55,55,41,41,38,69,56,56,56,51,36,36,59,59,59,59,58,46,46,24,44,12,69,61,61,32,32,0],"gold":258,"neow_bonus":"REMOVE_TWO","is_prod":false,"is_daily":false,"chose_seed":false,"campfire_upgraded":5,"win_rate":0,"timestamp":1545543617,"path_taken":["M","M","M","?","M","R","M","M","T","R","?","?","?","?","R","BOSS","M","?","$","M","M","R","?","R","T","?","?","?","$","?","R","BOSS","M","?","?","?","M"],"build_version":"2018-12-20","purchased_purges":1,"victory":false,"max_hp_per_floor":[75,75,75,69,69,69,69,69,69,69,69,69,69,69,69,69,69,69,69,69,69,69,69,69,69,69,69,69,69,69,69,69,69,69,69,69,69,69,69],"card_choices":[{"not_picked":["Stack","Go for the Eyes","White Noise"],"picked":"SKIP","floor":1.0},{"not_picked":["Compile Driver","Skim"],"picked":"Storm","floor":2.0},{"not_picked":["Conserve Battery","Reprogram"],"picked":"Leap","floor":3},{"not_picked":["Cold Snap","Conserve Battery"],"picked":"Rebound","floor":5},{"not_picked":["Ball Lightning","Double Energy"],"picked":"Machine Learning","floor":7},{"not_picked":["Reprogram","Conserve Battery","Sweeping Beam"],"picked":"SKIP","floor":8},{"not_picked":["Go for the Eyes","Beam Cell"],"picked":"Defragment","floor":12},{"not_picked":["Buffer","Rainbow"],"picked":"Thunder Strike","floor":16},{"not_picked":["Compile Driver","Go for the Eyes"],"picked":"Redo+1","floor":18},{"not_picked":["Gash","Leap","Conserve Battery"],"picked":"SKIP","floor":21},{"not_picked":["Sunder+1","Barrage"],"picked":"Redo+1","floor":22},{"not_picked":["Scrape","Consume+1","Gash"],"picked":"SKIP","floor":28},{"not_picked":["Gash","Coolheaded"],"picked":"Capacitor","floor":29},{"not_picked":["Meteor Strike","Rainbow"],"picked":"Electrodynamics","floor":33},{"not_picked":["Rebound","Turbo","Blizzard+1"],"picked":"SKIP","floor":35},{"not_picked":["Double Energy+1","Rebound"],"picked":"Static Discharge+1","floor":37}],"player_experience":327430,"relics_obtained":[{"floor":9,"key":"Omamori"},{"floor":26,"key":"Happy Flower"}],"event_choices":[{"damage_healed":0,"gold_gain":0,"player_choice":"Lose Max HP","damage_taken":0,"relics_obtained":["Golden Idol"],"max_hp_gain":0,"max_hp_loss":6,"event_name":"Golden Idol","floor":4,"gold_loss":0},{"damage_healed":0,"gold_gain":0,"player_choice":"Forge","damage_taken":0,"max_hp_gain":0,"max_hp_loss":0,"event_name":"Accursed Blacksmith","floor":11,"gold_loss":0,"cards_upgraded":["Machine Learning"]},{"damage_healed":0,"gold_gain":0,"player_choice":"Entered Light","damage_taken":14,"max_hp_gain":0,"max_hp_loss":0,"event_name":"Shining Light","floor":14,"gold_loss":0,"cards_upgraded":["Defend_B","Strike_B"]},{"damage_healed":0,"gold_gain":99,"player_choice":"Stole From Cult","damage_taken":0,"max_hp_gain":0,"max_hp_loss":0,"event_name":"Nest","floor":19,"gold_loss":0},{"damage_healed":23,"gold_gain":0,"player_choice":"Heal","damage_taken":0,"max_hp_gain":0,"max_hp_loss":0,"event_name":"The Library","floor":24,"gold_loss":0},{"damage_healed":0,"gold_gain":0,"player_choice":"Gave Potion","damage_taken":0,"relics_obtained":["Boot"],"max_hp_gain":0,"max_hp_loss":0,"event_name":"WeMeetAgain","floor":27,"gold_loss":0},{"damage_healed":0,"gold_gain":0,"player_choice":"Fight","damage_taken":0,"max_hp_gain":0,"max_hp_loss":0,"event_name":"Colosseum","floor":31,"gold_loss":0},{"damage_healed":0,"gold_gain":0,"player_choice":"Fled From Nobs","damage_taken":0,"max_hp_gain":0,"max_hp_loss":0,"event_name":"Colosseum","floor":31,"gold_loss":0},{"cards_removed":["Strike_B"],"damage_healed":0,"gold_gain":0,"player_choice":"Purged","damage_taken":0,"max_hp_gain":0,"max_hp_loss":0,"event_name":"Purifier","floor":36,"gold_loss":0},{"cards_removed":["Rebound"],"damage_healed":0,"gold_gain":0,"player_choice":"Removed Attack","damage_taken":0,"max_hp_gain":0,"max_hp_loss":0,"event_name":"Falling","floor":38,"gold_loss":0}],"is_beta":false,"boss_relics":[{"not_picked":["Nuclear Battery","Fusion Hammer"],"picked":"Cursed Key"},{"not_picked":["Black Star","Calling Bell","Pandora\u0027s Box"]}],"items_purged_floors":[13],"is_endless":false,"potions_floor_spawned":[3,5,8,16,22,29,31],"killed_by":"Writhing Mass","ascension_level":3}