{"gold_per_floor":[117,117,117,15,26,26,54,54,54,54,72,72,92,107,107,186,186,201,217,132,142,142,142,142],"floor_reached":24,"playtime":1025,"items_purged":[],"score":442,"play_id":"45699f27-da0f-4e8b-befa-c3dd877a2129","local_time":"20190430073051","is_ascension_mode":true,"campfire_choices":[{"data":"Bash","floor":6,"key":"SMITH"},{"data":"Anger","floor":8,"key":"SMITH"},{"data":"Spot Weakness","floor":10,"key":"SMITH"},{"floor":12,"key":"RECALL"},{"data":"Armaments","floor":15,"key":"SMITH"},{"floor":23,"key":"REST"}],"neow_cost":"NONE","seed_source_timestamp":4426276724425,"circlet_count":0,"master_deck":["AscendersBane","Strike_R","Strike_R","Strike_R","Defend_R","Defend_R","Defend_R","Defend_R","Bash+1","Wild Strike","Spot Weakness+1","Shrug It Off","Anger+1","Impervious","Armaments+1","Spot Weakness","Reaper","Fire Breathing+1","Second Wind+1"],"relics":["Burning Blood","NeowsBlessing","Sundial","Oddly Smooth Stone","Letter Opener","Velvet Choker","Pear"],"potions_floor_usage":[16,19,21],"damage_taken":[{"damage":0,"enemies":"2 Louse","floor":1,"turns":1},{"damage":0,"enemies":"Jaw Worm","floor":5,"turns":1},{"damage":0,"enemies":"Gremlin Nob","floor":7,"turns":1},{"damage":0,"enemies":"Cultist","floor":11,"turns":2},{"damage":7,"enemies":"3 Louse","floor":13,"turns":3},{"damage":2,"enemies":"Lots of Slimes","floor":14,"turns":4},{"damage":48,"enemies":"Slime Boss","floor":16,"turns":15},{"damage":12,"enemies":"3 Byrds","floor":18,"turns":4},{"damage":18,"enemies":"Chosen","floor":19,"turns":5},{"damage":54,"enemies":"Snecko","floor":21,"turns":7},{"damage":63,"enemies":"Book of Stabbing","floor":24,"turns":5}],"seed_played":"-4958791139595298234","potions_obtained":[{"floor":11,"key":"Swift Potion"},{"floor":13,"key":"PowerPotion"},{"floor":16,"key":"PowerPotion"}],"is_trial":false,"path_per_floor":["M","?","?","$","M","R","E","R","T","R","M","R","M","M","R","B",null,"M","M","?","M","?","R","E"],"character_chosen":"IRONCLAD","items_purchased":["Spot Weakness","Shrug It Off"],"campfire_rested":1,"item_purchase_floors":[4,4],"current_hp_per_floor":[74,67,56,56,62,62,68,68,68,68,74,74,73,75,75,33,65,69,57,67,23,23,48,0],"gold":142,"neow_bonus":"THREE_ENEMY_KILL","is_prod":false,"is_daily":false,"chose_seed":false,"campfire_upgraded":4,"win_rate":0,"timestamp":1556602251,"path_taken":["M","?","?","?","M","R","E","R","T","R","M","R","M","?","R","BOSS","M","M","?","M","?","R","E"],"build_version":"2019-01-23","purchased_purges":0,"victory":false,"max_hp_per_floor":[75,75,75,75,75,75,75,75,75,75,75,75,75,75,75,75,75,75,75,85,85,85,85,85],"card_choices":[{"not_picked":["Perfected Strike","True Grit"],"picked":"Wild Strike","floor":1},{"not_picked":["Metallicize","Sword Boomerang"],"picked":"Anger","floor":5},{"not_picked":["Perfected Strike","Intimidate"],"picked":"Impervious","floor":7},{"not_picked":["Sword Boomerang","Iron Wave","Cleave"],"picked":"SKIP","floor":11},{"not_picked":["Clothesline","Body Slam"],"picked":"Armaments","floor":13},{"not_picked":["Uppercut","Warcry"],"picked":"Spot Weakness","floor":14},{"not_picked":["Offering","Brutality"],"picked":"Reaper","floor":16},{"not_picked":["Clothesline","Twin Strike"],"picked":"Fire Breathing+1","floor":18},{"not_picked":["Warcry","Second Wind","Flex"],"picked":"SKIP","floor":19},{"not_picked":["Havoc","Body Slam"],"picked":"Second Wind+1","floor":21}],"player_experience":617958,"relics_obtained":[{"floor":7,"key":"Oddly Smooth Stone"},{"floor":9,"key":"Letter Opener"}],"event_choices":[{"cards_removed":["Strike_R"],"damage_healed":0,"gold_gain":0,"player_choice":"Card Removal","damage_taken":7,"max_hp_gain":0,"max_hp_loss":0,"event_name":"Golden Wing","floor":2,"gold_loss":0},{"damage_healed":0,"gold_gain":0,"player_choice":"Success","damage_taken":11,"relics_obtained":["Sundial"],"max_hp_gain":0,"max_hp_loss":0,"event_name":"Scrap Ooze","floor":3,"gold_loss":0},{"damage_healed":0,"gold_gain":0,"player_choice":"Obtained Relic","damage_taken":0,"relics_obtained":["Pear"],"max_hp_gain":0,"max_hp_loss":0,"event_name":"Addict","floor":20,"gold_loss":85},{"cards_removed":["Strike_R"],"damage_healed":0,"gold_gain":0,"player_choice":"Purged","damage_taken":0,"max_hp_gain":0,"max_hp_loss":0,"event_name":"Purifier","floor":22,"gold_loss":0}],"is_beta":false,"boss_relics":[{"not_picked":["Tiny House","Runic Pyramid"],"picked":"Velvet Choker"}],"items_purged_floors":[],"is_endless":false,"potions_floor_spawned":[11,13,16,18],"killed_by":"Book of Stabbing","ascension_level":20}