{"path_per_floor":["M","M","?","?","$","E","R","M","T","M","R","?","R","?","R","B",null,"M","M","M","$","?","R","E","R","T","E","$"],"character_chosen":"IRONCLAD","items_purchased":["Thunderclap","Omamori","Molten Egg 2","Demon Form"],"gold_per_floor":[116,127,302,302,203,232,232,245,245,263,263,263,263,263,263,364,364,377,396,407,2,2,2,35,35,58,92,24,24],"floor_reached":29,"campfire_rested":3,"playtime":877,"current_hp_per_floor":[74,73,73,73,73,50,50,56,56,56,56,53,53,53,77,49,72,72,56,38,38,22,46,34,58,58,17,17,0],"items_purged":["Doubt"],"gold":24,"score":337,"play_id":"742bd3d8-1cc3-41c8-913d-d040c3007c5a","local_time":"20180324163045","is_prod":false,"is_daily":false,"is_ascension_mode":true,"campfire_upgraded":1,"timestamp":1521923445,"path_taken":["M","M","?","?","$","E","R","M","T","M","R","?","R","?","R","BOSS","M","M","M","$","?","R","E","R","T","E","$","M"],"build_version":"2018-03-22v2","purchased_purges":1,"victory":false,"master_deck":["Strike_R","Strike_R","Strike_R","Strike_R","Defend_R","Defend_R","Defend_R","Defend_R","Bash","Disarm","Rampage+1","Battle Trance","Thunderclap","Flex","Double Tap","Armaments+1","Shrug It Off","Demon Form"],"max_hp_per_floor":[80,80,80,80,80,80,80,80,80,80,80,80,80,80,80,80,80,80,80,80,80,80,80,80,80,80,80,80,80],"relics":["Burning Blood","Girya","Bag of Marbles","Cursed Key","Omamori","Molten Egg 2","Nilry\u0027s Codex","Red Skull","Blood Vial","Prayer Wheel"],"card_choices":[{"not_picked":["Heavy Blade","Power Through"],"picked":"Rampage","floor":1},{"not_picked":["Iron Wave","Evolve"],"picked":"Battle Trance","floor":2},{"not_picked":["Blood for Blood","Second Wind"],"picked":"Flex","floor":8},{"not_picked":["Demon Form","Juggernaut"],"picked":"Double Tap","floor":16},{"not_picked":["Evolve","Cleave"],"picked":"Armaments","floor":20},{"not_picked":["Searing Blow","Havoc"],"picked":"Shrug It Off","floor":24}],"player_experience":262691,"potions_floor_usage":[],"damage_taken":[{"damage":4,"enemies":"Jaw Worm","floor":1,"turns":6},{"damage":7,"enemies":"2 Louse","floor":2,"turns":4},{"damage":29,"enemies":"Gremlin Nob","floor":6,"turns":5},{"damage":0,"enemies":"Small Slimes","floor":8,"turns":2},{"damage":6,"enemies":"2 Fungi Beasts","floor":10,"turns":2},{"damage":34,"enemies":"The Guardian","floor":16,"turns":9},{"damage":6,"enemies":"Spheric Guardian","floor":18,"turns":3},{"damage":22,"enemies":"2 Thieves","floor":19,"turns":2},{"damage":24,"enemies":"Snake Plant","floor":20,"turns":4},{"damage":18,"enemies":"Gremlin Leader","floor":24,"turns":7},{"damage":49,"enemies":"Book of Stabbing","floor":27,"turns":6},{"damage":24,"enemies":"Centurion and Healer","floor":29,"turns":2}],"event_choices":[{"event_name":"Liars Game","player_choice":"agreed","floor":3,"damage_taken":0},{"event_name":"Golden Wing","player_choice":"Ignored","floor":4,"damage_taken":0},{"event_name":"Scrap Ooze","player_choice":"unsuccessful","floor":12,"damage_taken":3},{"event_name":"Shining Light","player_choice":"Ignored","floor":14,"damage_taken":0},{"event_name":"Cursed Tome","player_choice":"Obtained Book","floor":22,"damage_taken":0}],"boss_relics":[{"not_picked":["Snecko Eye","Tiny House"],"picked":"Cursed Key"}],"potions_floor_spawned":[10,19,20,27],"seed_played":"2851344010059063908","killed_by":"Centurion and Healer","ascension_level":6,"is_trial":false}