{"gold_per_floor":[219,235,36,48,48,82,101,134,134,134,167,167,183,32,32,132,132,147,72,91,68,79,79,79],"floor_reached":24,"playtime":764,"items_purged":[],"score":292,"play_id":"cf33780e-2eb3-4013-86b8-52294c8b5de5","local_time":"20181002163538","is_ascension_mode":true,"campfire_choices":[{"floor":10,"key":"REST"},{"data":"Catalyst","floor":15,"key":"SMITH"},{"data":"Noxious Fumes","floor":23,"key":"SMITH"}],"neow_cost":"NONE","seed_source_timestamp":632249863265610,"circlet_count":0,"master_deck":["Defend_G+1","Defend_G","Defend_G","Defend_G","Defend_G","Strike_G","Strike_G","Strike_G","Strike_G","Survivor+1","Neutralize","All Out Attack","Dagger Spray","Noxious Fumes+1","Deadly Poison","Catalyst+1","Dagger Spray","Adrenaline","Calculated Gamble","Backstab","All Out Attack","Tactician","Underhanded Strike","Escape Plan"],"relics":["Ring of the Snake","ClockworkSouvenir","Pocketwatch","Ninja Scroll","Meat on the Bone","Juzu Bracelet","War Paint","Orrery"],"potions_floor_usage":[8,8,11,11,16,22,24],"damage_taken":[{"damage":5,"enemies":"Cultist","floor":1,"turns":5},{"damage":7,"enemies":"Jaw Worm","floor":2,"turns":5},{"damage":8,"enemies":"Small Slimes","floor":4,"turns":2},{"damage":22,"enemies":"3 Sentries","floor":6,"turns":5},{"damage":1,"enemies":"Exordium Wildlife","floor":7,"turns":5},{"damage":16,"enemies":"Gremlin Nob","floor":8,"turns":3},{"damage":10,"enemies":"Lagavulin","floor":11,"turns":3},{"damage":2,"enemies":"Red Slaver","floor":13,"turns":3},{"damage":25,"enemies":"The Guardian","floor":16,"turns":7},{"damage":9,"enemies":"2 Thieves","floor":18,"turns":4},{"damage":4,"enemies":"Shell Parasite","floor":20,"turns":4},{"damage":24,"enemies":"Shelled Parasite and Fungi","floor":22,"turns":5},{"damage":36,"enemies":"Gremlin Leader","floor":24,"turns":4}],"seed_played":"4236770367350829626","potions_obtained":[{"floor":4,"key":"AttackPotion"},{"floor":5,"key":"Poison Potion"},{"floor":5,"key":"FearPotion"},{"floor":8,"key":"SteroidPotion"},{"floor":11,"key":"FearPotion"},{"floor":13,"key":"Block Potion"},{"floor":20,"key":"Energy Potion"}],"is_trial":false,"path_per_floor":["M","M","$","M","?","E","M","E","T","R","E","?","M","$","R","B",null,"M","?","M","$","M","R"],"character_chosen":"THE_SILENT","items_purchased":["ClockworkSouvenir","War Paint","Underhanded Strike"],"campfire_rested":1,"item_purchase_floors":[3,14,21],"current_hp_per_floor":[58,51,51,43,43,21,20,4,4,25,27,27,37,37,37,24,59,50,50,46,46,34,34,0],"gold":79,"neow_bonus":"HUNDRED_GOLD","is_prod":false,"is_daily":false,"chose_seed":false,"campfire_upgraded":2,"win_rate":0,"timestamp":1538512538,"path_taken":["M","M","$","?","?","E","M","E","T","R","E","?","M","$","R","BOSS","M","?","M","?","M","R","E"],"build_version":"2018-10-01","purchased_purges":0,"victory":false,"max_hp_per_floor":[70,70,70,70,70,70,70,70,70,70,70,70,70,70,70,70,70,70,70,70,70,70,70,70],"card_choices":[{"not_picked":["PiercingWail","Poisoned Stab"],"picked":"All Out Attack","floor":1},{"not_picked":["Deflect","Flying Knee"],"picked":"Dagger Spray","floor":2},{"not_picked":["Caltrops","Riddle With Holes"],"picked":"Noxious Fumes","floor":4},{"not_picked":["Endless Agony","Quick Slash","Dagger Throw"],"picked":"SKIP","floor":6},{"not_picked":["Reflex","Flying Knee"],"picked":"Deadly Poison","floor":7},{"not_picked":["Terror","Unload"],"picked":"Catalyst","floor":8},{"not_picked":["PiercingWail","Caltrops"],"picked":"Dagger Spray","floor":11},{"not_picked":["Blade Dance","Flying Knee","Slice"],"picked":"SKIP","floor":13},{"not_picked":["Storm of Steel","A Thousand Cuts"],"picked":"Adrenaline","floor":16},{"not_picked":["Sucker Punch","Underhanded Strike"],"picked":"Calculated Gamble","floor":17},{"not_picked":["Escape Plan","Predator"],"picked":"Backstab","floor":17},{"not_picked":["Deflect","Backflip"],"picked":"All Out Attack","floor":17},{"not_picked":["Sucker Punch","Flying Knee+1"],"picked":"Tactician","floor":18},{"not_picked":["After Image","PiercingWail+1","Blade Dance"],"picked":"SKIP","floor":20},{"not_picked":["Dodge and Roll","Dagger Throw"],"picked":"Escape Plan","floor":22}],"player_experience":914805,"relics_obtained":[{"floor":6,"key":"Pocketwatch"},{"floor":8,"key":"Ninja Scroll"},{"floor":9,"key":"Meat on the Bone"},{"floor":11,"key":"Juzu Bracelet"}],"event_choices":[{"event_name":"The Lab","player_choice":"Got Potions","floor":5,"damage_taken":0},{"event_name":"Shining Light","player_choice":"Ignored","floor":12,"damage_taken":0},{"event_name":"Beggar","player_choice":"Gave Gold","floor":19,"damage_taken":0}],"is_beta":true,"boss_relics":[{"not_picked":["Snecko Eye","Runic Pyramid"],"picked":"Orrery"}],"items_purged_floors":[],"is_endless":false,"potions_floor_spawned":[4,7,8,11,13,20],"killed_by":"Gremlin Leader","ascension_level":7}