{"gold_per_floor":[110,110,60,72,72,104,50,50],"floor_reached":8,"playtime":437,"items_purged":[],"score":57,"play_id":"93e5d802-3245-489f-a9dd-04c609328d82","local_time":"20190916123205","is_ascension_mode":true,"campfire_choices":[],"neow_cost":"NONE","seed_source_timestamp":29833743451000,"circlet_count":0,"master_deck":["Strike_R","Strike_R","Strike_R","Defend_R","Defend_R","Defend_R","Defend_R","Bash","Perfected Strike","Shrug It Off"],"relics":["Burning Blood","Kunai"],"potions_floor_usage":[6,6,8,8],"damage_taken":[{"damage":10,"enemies":"Small Slimes","floor":1,"turns":4},{"damage":1,"enemies":"Jaw Worm","floor":4,"turns":6},{"damage":52,"enemies":"Lagavulin","floor":6,"turns":10},{"damage":51,"enemies":"3 Sentries","floor":8,"turns":7}],"seed_played":"4045294445175054368","potions_obtained":[{"floor":0,"key":"LiquidBronze"},{"floor":0,"key":"SpeedPotion"},{"floor":0,"key":"Regen Potion"},{"floor":6,"key":"PowerPotion"}],"is_trial":false,"path_per_floor":["M","?","?","M","?","E","$","E"],"character_chosen":"IRONCLAD","items_purchased":["Shrug It Off"],"campfire_rested":0,"item_purchase_floors":[7],"current_hp_per_floor":[76,76,76,80,80,49,49,0],"gold":50,"neow_bonus":"THREE_SMALL_POTIONS","is_prod":false,"is_daily":false,"chose_seed":false,"campfire_upgraded":0,"win_rate":0,"timestamp":1568651525,"path_taken":["M","?","?","M","?","E","$","E"],"build_version":"2019-07-17","purchased_purges":0,"victory":false,"max_hp_per_floor":[80,80,80,80,80,80,80,80],"card_choices":[{"not_picked":["Inflame","Feel No Pain","Spot Weakness"],"picked":"SKIP","floor":1},{"not_picked":["Combust","Sentinel","Rage"],"picked":"SKIP","floor":4},{"not_picked":["Flex","Second Wind"],"picked":"Perfected Strike","floor":6}],"player_experience":529102,"relics_obtained":[{"floor":6,"key":"Kunai"}],"event_choices":[{"cards_removed":["Strike_R"],"damage_healed":0,"gold_gain":0,"player_choice":"Forget","damage_taken":0,"max_hp_gain":0,"max_hp_loss":0,"event_name":"Living Wall","floor":2,"gold_loss":0},{"cards_removed":["Strike_R"],"damage_healed":0,"gold_gain":0,"player_choice":"Card Removal","damage_taken":0,"max_hp_gain":0,"max_hp_loss":0,"event_name":"The Cleric","floor":3,"gold_loss":50},{"damage_healed":0,"gold_gain":0,"player_choice":"Bought 0 Potions","damage_taken":0,"max_hp_gain":0,"max_hp_loss":0,"event_name":"The Woman in Blue","floor":5,"gold_loss":0}],"is_beta":false,"boss_relics":[],"items_purged_floors":[],"is_endless":false,"potions_floor_spawned":[4,6],"killed_by":"3 Sentries","ascension_level":1}