{"gold_per_floor":[110,121,135,36,52,52,106,106,177,242,267,285,285,285,285,388,388,408,426,441,65,81,81,81,81,81,99,12,23,23,23,23,23],"floor_reached":33,"playtime":2500,"items_purged":[],"score":247,"play_id":"1b213d76-8e01-45d5-a3aa-04cab2244d76","local_time":"20190629001201","is_ascension_mode":false,"campfire_choices":[{"data":"Searing Blow","floor":6,"key":"SMITH"},{"data":"Searing Blow+1","floor":8,"key":"SMITH"},{"data":"Searing Blow+2","floor":13,"key":"SMITH"},{"floor":15,"key":"REST"},{"floor":23,"key":"REST"},{"floor":32,"key":"REST"}],"neow_cost":"NONE","seed_source_timestamp":1393123920186916,"circlet_count":0,"master_deck":["Strike_R","Strike_R","Strike_R+1","Strike_R","Defend_R","Defend_R","Defend_R","Defend_R","Bash","Rage","Seeing Red","Rampage","Thunderclap","True Grit+1","Searing Blow+3","True Grit","Clothesline","Dropkick","Headbutt","Double Tap","Twin Strike+1","Anger","Flex+1","Enlightenment","Armaments","Battle Trance","Sadistic Nature","Dual Wield","Rage","Bash","Blood for Blood+1","Trip","Inflame"],"relics":["Burning Blood","Sundial","Blood Vial","Self Forming Clay","Black Star","Mummified Hand"],"potions_floor_usage":[11,11,16,27,29,29,29],"damage_taken":[{"damage":5,"enemies":"Cultist","floor":1,"turns":5},{"damage":1,"enemies":"2 Louse","floor":2,"turns":2},{"damage":0,"enemies":"Jaw Worm","floor":3,"turns":2},{"damage":11,"enemies":"Looter","floor":5,"turns":3},{"damage":31,"enemies":"Gremlin Nob","floor":10,"turns":4},{"damage":23,"enemies":"3 Sentries","floor":11,"turns":6},{"damage":0,"enemies":"Large Slime","floor":12,"turns":5},{"damage":14,"enemies":"Hexaghost","floor":16,"turns":9},{"damage":15,"enemies":"Shell Parasite","floor":18,"turns":5},{"damage":18,"enemies":"3 Byrds","floor":19,"turns":6},{"damage":27,"enemies":"Cultist and Chosen","floor":20,"turns":9},{"damage":15,"enemies":"Snecko","floor":22,"turns":6},{"damage":27,"enemies":"Snake Plant","floor":27,"turns":4},{"damage":18,"enemies":"Centurion and Healer","floor":29,"turns":6},{"damage":64,"enemies":"Champ","floor":33,"turns":9}],"seed_played":"6364888967859099548","potions_obtained":[{"floor":1,"key":"FearPotion"},{"floor":2,"key":"EssenceOfSteel"},{"floor":12,"key":"Energy Potion"},{"floor":16,"key":"SpeedPotion"},{"floor":19,"key":"Poison Potion"},{"floor":22,"key":"PowerPotion"},{"floor":27,"key":"FearPotion"}],"is_trial":false,"path_per_floor":["M","M","M","$","M","R","?","R","T","?","E","M","R","?","R","B",null,"M","M","M","$","M","R","?","?","T","M","$","M","$","?","R","B"],"character_chosen":"IRONCLAD","items_purchased":["True Grit","Searing Blow","Enlightenment","Armaments","Battle Trance","Sadistic Nature","Trip"],"campfire_rested":3,"item_purchase_floors":[4,4,21,21,21,21,28],"current_hp_per_floor":[80,80,80,80,75,75,75,75,75,50,35,43,43,27,51,45,80,71,61,42,42,35,59,44,44,44,25,25,15,15,15,40,0],"gold":23,"neow_bonus":"TRANSFORM_CARD","is_prod":false,"is_daily":false,"chose_seed":false,"campfire_upgraded":3,"win_rate":0.0,"timestamp":1561781521,"path_taken":["M","M","M","$","M","R","?","R","T","?","E","M","R","?","R","BOSS","M","M","M","$","M","R","?","?","T","?","?","M","$","?","R","BOSS"],"build_version":"2019-01-23","purchased_purges":0,"victory":false,"max_hp_per_floor":[80,80,80,80,80,80,80,80,80,80,80,80,80,80,80,80,80,80,80,80,80,80,80,85,85,85,85,85,85,85,85,85,85],"card_choices":[{"not_picked":["Clothesline","Wild Strike"],"picked":"Seeing Red","floor":1},{"not_picked":["Warcry","Body Slam"],"picked":"Rampage","floor":2},{"not_picked":["True Grit","Warcry"],"picked":"Thunderclap","floor":3},{"not_picked":["Carnage","Thunderclap"],"picked":"True Grit","floor":5},{"not_picked":["Heavy Blade","Wild Strike"],"picked":"Clothesline","floor":10},{"not_picked":["Corruption","Warcry"],"picked":"Dropkick","floor":11},{"not_picked":["Bloodletting","Barricade"],"picked":"Headbutt","floor":12},{"not_picked":["Fiend Fire","Brutality"],"picked":"Double Tap","floor":16},{"not_picked":["Armaments","Uppercut"],"picked":"Twin Strike+1","floor":18},{"not_picked":["Heavy Blade","Flex"],"picked":"Anger","floor":19},{"not_picked":["Corruption","Inflame"],"picked":"Flex+1","floor":20},{"not_picked":["Pummel","Feel No Pain"],"picked":"Dual Wield","floor":22},{"not_picked":["Dropkick","Rage"],"picked":"Blood for Blood","floor":27},{"not_picked":["Rupture","Perfected Strike"],"picked":"Inflame","floor":29}],"player_experience":28393,"relics_obtained":[{"floor":9,"key":"Sundial"},{"floor":10,"key":"Blood Vial"},{"floor":11,"key":"Self Forming Clay"},{"floor":26,"key":"Mummified Hand"}],"event_choices":[{"damage_healed":0,"gold_gain":54,"player_choice":"Gained Gold","damage_taken":0,"max_hp_gain":0,"max_hp_loss":0,"event_name":"Golden Wing","floor":7,"gold_loss":0},{"damage_healed":0,"gold_gain":30,"player_choice":"Searched \u00272\u0027 times","damage_taken":0,"max_hp_gain":0,"max_hp_loss":0,"event_name":"Dead Adventurer","floor":10,"gold_loss":0},{"damage_healed":0,"gold_gain":0,"player_choice":"Entered Light","damage_taken":16,"max_hp_gain":0,"max_hp_loss":0,"event_name":"Shining Light","floor":14,"gold_loss":0,"cards_upgraded":["Strike_R","True Grit"]},{"damage_healed":0,"gold_gain":0,"player_choice":"Shed Blood","damage_taken":20,"max_hp_gain":5,"max_hp_loss":0,"event_name":"Forgotten Altar","floor":24,"gold_loss":0},{"damage_healed":0,"gold_gain":0,"player_choice":"2 cards matched","damage_taken":0,"max_hp_gain":0,"max_hp_loss":0,"event_name":"Match and Keep!","floor":25,"gold_loss":0,"cards_obtained":["Rage","Bash"]},{"damage_healed":0,"gold_gain":0,"player_choice":"Upgraded","damage_taken":0,"max_hp_gain":0,"max_hp_loss":0,"event_name":"Upgrade Shrine","floor":31,"gold_loss":0,"cards_upgraded":["Blood for Blood"]}],"is_beta":false,"boss_relics":[{"not_picked":["Mark of Pain","Runic Dome"],"picked":"Black Star"}],"items_purged_floors":[],"is_endless":false,"potions_floor_spawned":[1,2,12,16,19,22,27],"killed_by":"Champ","ascension_level":0}