{"gold_per_floor":[114,114,129,94,109,109,135,152,202,45,45,45,45,23,23,125,125,137,87,87,87,107,107,138,148,194,208,208,208,208,118,118,217,217,237,237,253,272,272,272,282,282,305,315,315,349,349,362,362,362,362,362,39,73,73],"floor_reached":55,"playtime":2719,"items_purged":[],"score":688,"play_id":"517f4424-4982-43d1-8af7-e5d060ff0dd3","local_time":"20190913154608","is_ascension_mode":false,"campfire_choices":[{"data":"Neutralize","floor":6.0,"key":"SMITH"},{"data":"Noxious Fumes","floor":12.0,"key":"SMITH"},{"data":"Footwork","floor":15.0,"key":"SMITH"},{"data":"After Image","floor":23.0,"key":"SMITH"},{"data":"Cloak And Dagger","floor":28.0,"key":"SMITH"},{"floor":30.0,"key":"RECALL"},{"data":"Blade Dance","floor":32.0,"key":"SMITH"},{"data":"Wraith Form v2","floor":40.0,"key":"SMITH"},{"data":"Leg Sweep","floor":42.0,"key":"SMITH"},{"data":"Deflect","floor":45.0,"key":"SMITH"},{"data":"Survivor","floor":49.0,"key":"SMITH"},{"data":"Deflect","floor":52.0,"key":"SMITH"}],"neow_cost":"NONE","seed_source_timestamp":86324024072600,"circlet_count":0,"master_deck":["Strike_G","Strike_G","Strike_G","Defend_G","Defend_G","Defend_G","Defend_G","Defend_G","Survivor+1","Neutralize+1","Cloak And Dagger+1","Footwork+1","Dagger Spray","Backstab","Deflect+1","Noxious Fumes+1","Escape Plan","Quick Slash","After Image+1","Backflip","Blade Dance+1","RitualDagger","Unload","Leg Sweep+1","Cloak And Dagger+1","Finesse","Wraith Form v2+1","Terror+1","Riddle With Holes","Dash+1","Backflip+1","Deflect+1","Flechettes+1","Malaise","Master of Strategy"],"special_seed":0,"relics":["Ring of the Serpent","NeowsBlessing","Letter Opener","Eternal Feather","Lantern","Smiling Mask","Unceasing Top","Coffee Dripper","Vajra","Singing Bowl"],"potions_floor_usage":[55,55,55],"damage_taken":[{"damage":0.0,"enemies":"Small Slimes","floor":1.0,"turns":1.0},{"damage":0.0,"enemies":"2 Louse","floor":3.0,"turns":1.0},{"damage":0.0,"enemies":"Jaw Worm","floor":5.0,"turns":1.0},{"damage":41.0,"enemies":"Gremlin Nob","floor":7.0,"turns":7.0},{"damage":1.0,"enemies":"Blue Slaver","floor":8.0,"turns":3.0},{"damage":22.0,"enemies":"The Guardian","floor":16.0,"turns":12.0},{"damage":11.0,"enemies":"Spheric Guardian","floor":18.0,"turns":9.0},{"damage":18.0,"enemies":"2 Thieves","floor":22.0,"turns":4.0},{"damage":24.0,"enemies":"Slavers","floor":24.0,"turns":7.0},{"damage":0.0,"enemies":"Snake Plant","floor":25.0,"turns":6.0},{"damage":0.0,"enemies":"Centurion and Healer","floor":27.0,"turns":8.0},{"damage":10.0,"enemies":"Collector","floor":33.0,"turns":11.0},{"damage":5.0,"enemies":"Orb Walker","floor":35.0,"turns":4.0},{"damage":0.0,"enemies":"3 Shapes","floor":37.0,"turns":5.0},{"damage":23.0,"enemies":"Jaw Worm Horde","floor":38.0,"turns":5.0},{"damage":7.0,"enemies":"Spire Growth","floor":41.0,"turns":6.0},{"damage":6.0,"enemies":"Maw","floor":44.0,"turns":8.0},{"damage":8.0,"enemies":"Reptomancer","floor":46.0,"turns":7.0},{"damage":0.0,"enemies":"Transient","floor":48.0,"turns":5.0},{"damage":27.0,"enemies":"Awakened One","floor":50.0,"turns":18.0},{"damage":23.0,"enemies":"Shield and Spear","floor":54.0,"turns":10.0},{"damage":58,"enemies":"The Heart","floor":55,"turns":11}],"seed_played":"-3649131965036894076","potions_obtained":[{"floor":3.0,"key":"SteroidPotion"},{"floor":5.0,"key":"Weak Potion"},{"floor":8.0,"key":"Poison Potion"},{"floor":16.0,"key":"SpeedPotion"},{"floor":22.0,"key":"Swift Potion"},{"floor":25.0,"key":"PowerPotion"},{"floor":27.0,"key":"Strength Potion"},{"floor":54.0,"key":"SpeedPotion"}],"is_trial":false,"path_per_floor":["M","?","M","$","M","R","E","M","T","$","?","R","T","$","R","B",null,"M","$","?","?","M","R","E","M","T","M","R","?","R","$","R","B",null,"M","?","M","M","?","R","M","R","T","M","R","E","?","M","R","B",null,"R","$","E","B"],"character_chosen":"THE_SILENT","items_purchased":["Footwork","Noxious Fumes","Escape Plan","Quick Slash","Blade Dance","Finesse","Malaise","Master of Strategy"],"campfire_rested":0,"item_purchase_floors":[4,10,10,14,19,31,53,53],"current_hp_per_floor":[70,75,75,75,75,75,34,33,33,33,33,33,33,33,45,23,75,64,64,58,58,40,55,31,31,31,31,46,46,61,61,75,65,75,70,70,70,47,47,65,58,75,75,69,75,69,69,69,77,50,77,77,77,56,0],"gold":73,"neow_bonus":"THREE_ENEMY_KILL","is_prod":false,"is_daily":false,"chose_seed":false,"campfire_upgraded":11,"win_rate":0,"timestamp":1568407568,"path_taken":["M","?","M","$","M","R","E","M","T","$","?","R","?","?","R","BOSS","M","$","?","?","M","R","E","?","T","M","R","?","R","?","R","BOSS","M","?","M","?","?","R","?","R","T","M","R","E","?","M","R","BOSS","R","$","E","BOSS"],"build_version":"2019-09-12","purchased_purges":0,"victory":false,"max_hp_per_floor":[70,75,75,75,75,75,75,75,75,75,75,75,75,75,75,75,75,75,75,75,75,75,75,75,75,75,75,75,75,75,75,75,75,75,75,75,75,75,75,75,75,75,75,75,75,77,77,77,77,77,77,77,77,79,79],"card_choices":[{"not_picked":["Slice","Backstab"],"picked":"Cloak And Dagger","floor":1.0},{"not_picked":["Acrobatics","Quick Slash","Skewer"],"picked":"SKIP","floor":3.0},{"not_picked":["Dodge and Roll","Distraction"],"picked":"Dagger Spray","floor":5.0},{"not_picked":["Quick Slash","Reflex"],"picked":"Backstab","floor":7.0},{"not_picked":["Eviscerate","Prepared"],"picked":"Deflect","floor":8.0},{"not_picked":["Adrenaline","Burst"],"picked":"After Image","floor":16.0},{"not_picked":["Underhanded Strike+1","Sucker Punch"],"picked":"Backflip","floor":18.0},{"not_picked":["Backstab","Footwork"],"picked":"Leg Sweep","floor":22.0},{"not_picked":["Well Laid Plans","Deadly Poison"],"picked":"Cloak And Dagger+1","floor":24.0},{"not_picked":["Acrobatics","PiercingWail","Tactician"],"picked":"SKIP","floor":25.0},{"not_picked":["Expertise","Outmaneuver","Sucker Punch"],"picked":"SKIP","floor":27.0},{"not_picked":["Venomology","Corpse Explosion"],"picked":"Wraith Form v2","floor":33.0},{"not_picked":["Bane+1","Escape Plan+1"],"picked":"Terror+1","floor":35.0},{"not_picked":["Bane+1","Prepared"],"picked":"Dash+1","floor":37.0},{"not_picked":["Blade Dance","Dagger Spray+1"],"picked":"Backflip+1","floor":38.0},{"not_picked":["Predator","Dagger Throw","Slice+1"],"picked":"SKIP","floor":41.0},{"not_picked":["Acrobatics","Dagger Spray+1"],"picked":"Deflect","floor":44.0},{"not_picked":["Quick Slash","Infinite Blades","Endless Agony+1"],"picked":"Singing Bowl","floor":46.0},{"not_picked":["Riddle With Holes+1","Bane"],"picked":"Flechettes+1","floor":48.0},{"not_picked":["Tools of the Trade","Sucker Punch+1","Bane"],"picked":"Singing Bowl","floor":54.0}],"player_experience":1285612,"relics_obtained":[{"floor":7.0,"key":"Letter Opener"},{"floor":13.0,"key":"Eternal Feather"},{"floor":24.0,"key":"Lantern"},{"floor":26.0,"key":"Smiling Mask"},{"floor":43.0,"key":"Vajra"},{"floor":46.0,"key":"Singing Bowl"}],"event_choices":[{"damage_healed":0.0,"max_hp_gain":5.0,"max_hp_loss":0.0,"gold_gain":0.0,"event_name":"Big Fish","player_choice":"Donut","floor":2.0,"gold_loss":0.0,"damage_taken":0.0},{"damage_healed":0.0,"max_hp_gain":0.0,"max_hp_loss":0.0,"gold_gain":0.0,"event_name":"Liars Game","player_choice":"Ignored","floor":11.0,"gold_loss":0.0,"damage_taken":0.0},{"damage_healed":0.0,"max_hp_gain":0.0,"max_hp_loss":0.0,"gold_gain":0.0,"event_name":"Nest","player_choice":"Joined the Cult","floor":20.0,"gold_loss":0.0,"damage_taken":6.0,"cards_obtained":["RitualDagger"]},{"damage_healed":0.0,"max_hp_gain":0.0,"max_hp_loss":0.0,"gold_gain":0.0,"cards_transformed":["Strike_G"],"event_name":"Transmorgrifier","player_choice":"Transformed","floor":21.0,"gold_loss":0.0,"damage_taken":0.0,"cards_obtained":["Unload"]},{"damage_healed":0.0,"max_hp_gain":0.0,"max_hp_loss":0.0,"gold_gain":0.0,"event_name":"The Mausoleum","player_choice":"Opened","floor":29.0,"gold_loss":0.0,"damage_taken":0.0,"relics_obtained":["Unceasing Top"]},{"damage_healed":0.0,"max_hp_gain":0.0,"max_hp_loss":0.0,"gold_gain":0.0,"event_name":"Match and Keep!","player_choice":"1 cards matched","floor":36.0,"gold_loss":0.0,"damage_taken":0.0,"cards_obtained":["Riddle With Holes"]},{"cards_removed":["Strike_G"],"damage_healed":0.0,"max_hp_gain":0.0,"max_hp_loss":0.0,"gold_gain":0.0,"event_name":"Bonfire Elementals","player_choice":"Offered Basic","floor":39.0,"gold_loss":0.0,"damage_taken":0.0},{"damage_healed":0.0,"max_hp_gain":0.0,"max_hp_loss":0.0,"gold_gain":0.0,"event_name":"Lab","player_choice":"Got Potions","floor":47.0,"gold_loss":0.0,"damage_taken":0.0}],"is_beta":true,"boss_relics":[{"not_picked":["Calling Bell","Philosopher\u0027s Stone"],"picked":"Ring of the Serpent"},{"not_picked":["Snecko Eye","Runic Pyramid"],"picked":"Coffee Dripper"}],"items_purged_floors":[],"is_endless":false,"potions_floor_spawned":[3,5,8,16,22,25,27,37,44,46,54],"killed_by":"The Heart","ascension_level":0}