{"gold_per_floor":[112,129,54,67,41,41,53,79,149,184,184,184,202,229,229,329,329,347,54,54,54,64,98,98,111,141,241,241,270,270,270],"floor_reached":31,"playtime":3086,"items_purged":["Strike_B"],"score":316,"play_id":"3f83bb32-4dff-4f72-b9a1-38a8310320d3","local_time":"20190202222157","is_ascension_mode":false,"campfire_choices":[{"data":"Redo","floor":6,"key":"SMITH"},{"data":"Dualcast","floor":11,"key":"SMITH"},{"data":"Double Energy","floor":15,"key":"SMITH"},{"floor":24,"key":"REST"},{"floor":30,"key":"REST"}],"neow_cost":"NONE","seed_source_timestamp":91544268783087,"circlet_count":0,"master_deck":["Strike_B","Strike_B","Strike_B","Defend_B","Defend_B","Defend_B","Defend_B","Zap+1","Dualcast+1","Ball Lightning","Ball Lightning","Auto Shields","Redo+1","Reboot","Glacier","Double Energy+1","Conserve Battery","Hologram","Machine Learning","Leap","Defragment","Leap","Capacitor","Cold Snap","Blizzard","Sweeping Beam"],"relics":["Cracked Core","Gambling Chip","Singing Bowl","Orichalcum","FaceOfCleric","Nunchaku","Sozu","ClockworkSouvenir","The Courier","Tiny Chest","Shovel","Bottled Flame","Gremlin Horn","Blue Candle"],"potions_floor_usage":[10,16,23,27],"damage_taken":[{"damage":0,"enemies":"Small Slimes","floor":1,"turns":2},{"damage":0,"enemies":"Cultist","floor":2,"turns":2},{"damage":0,"enemies":"2 Louse","floor":4,"turns":2},{"damage":0,"enemies":"Blue Slaver","floor":7,"turns":3},{"damage":26,"enemies":"Lagavulin","floor":8,"turns":4},{"damage":0,"enemies":"Gremlin Nob","floor":10,"turns":2},{"damage":0,"enemies":"Looter","floor":13,"turns":2},{"damage":3,"enemies":"3 Sentries","floor":14,"turns":5},{"damage":12,"enemies":"Slime Boss","floor":16,"turns":10},{"damage":0,"enemies":"Spheric Guardian","floor":18,"turns":3},{"damage":6,"enemies":"3 Byrds","floor":22,"turns":5},{"damage":55,"enemies":"Gremlin Leader","floor":23,"turns":9},{"damage":3,"enemies":"Centurion and Healer","floor":25,"turns":8},{"damage":19,"enemies":"Colosseum Slavers","floor":27,"turns":4},{"damage":11,"enemies":"Colosseum Nobs","floor":27,"turns":5},{"damage":8,"enemies":"Book of Stabbing","floor":29,"turns":7},{"damage":40,"enemies":"Slavers","floor":31,"turns":4}],"seed_played":"-3340361233054800922","potions_obtained":[{"floor":1,"key":"Poison Potion"},{"floor":2,"key":"AttackPotion"},{"floor":7,"key":"Explosive Potion"},{"floor":8,"key":"Swift Potion"},{"floor":14,"key":"Poison Potion"}],"is_trial":false,"path_per_floor":["M","M","$","M","$","R","M","E","T","E","R","?","M","E","R","B",null,"M","$","?","?","M","E","R","M","T","?","T","E","R","E"],"character_chosen":"DEFECT","items_purchased":["Redo","Defragment","ClockworkSouvenir","Leap"],"campfire_rested":2,"item_purchase_floors":[5,19,19,19],"current_hp_per_floor":[75,75,75,75,75,75,75,49,49,49,49,49,50,48,48,37,78,79,79,79,79,76,24,49,47,47,19,19,12,38,0],"gold":270,"neow_bonus":"UPGRADE_CARD","is_prod":false,"is_daily":false,"chose_seed":false,"campfire_upgraded":3,"win_rate":0.0,"timestamp":1549174917,"path_taken":["M","M","$","M","$","R","M","E","T","E","R","?","?","E","R","BOSS","M","$","?","?","M","E","R","M","T","?","?","E","R","E"],"build_version":"2019-01-23","purchased_purges":1,"victory":false,"max_hp_per_floor":[75,75,75,75,75,75,75,75,75,75,75,75,76,77,77,78,78,79,79,79,79,82,85,85,86,86,88,88,89,89,89],"card_choices":[{"not_picked":["Aggregate","Cold Snap"],"picked":"Ball Lightning","floor":1},{"not_picked":["Streamline","Redo"],"picked":"Ball Lightning","floor":2},{"not_picked":["Doom and Gloom","Self Repair"],"picked":"Auto Shields","floor":4},{"not_picked":["Gash","Streamline"],"picked":"Reboot","floor":7},{"not_picked":["Go for the Eyes","Leap"],"picked":"Glacier","floor":8},{"not_picked":["Ball Lightning","Heatsinks"],"picked":"Double Energy","floor":10},{"not_picked":["Hologram","Beam Cell"],"picked":"Conserve Battery","floor":13},{"not_picked":["Gash","Rip and Tear"],"picked":"Hologram","floor":14},{"not_picked":["Creative AI","Seek"],"picked":"Machine Learning","floor":16},{"not_picked":["Self Repair","Tempest"],"picked":"Leap","floor":18},{"not_picked":["Sweeping Beam","Barrage","Beam Cell"],"picked":"Singing Bowl","floor":22},{"not_picked":["Gash","Streamline","Sweeping Beam"],"picked":"Singing Bowl","floor":23},{"not_picked":["Rip and Tear","Stack"],"picked":"Cold Snap","floor":25},{"not_picked":["Doom and Gloom","Compile Driver"],"picked":"Blizzard","floor":27},{"not_picked":["Compile Driver","Barrage"],"picked":"Sweeping Beam","floor":29}],"player_experience":434919,"relics_obtained":[{"floor":8,"key":"Gambling Chip"},{"floor":9,"key":"Singing Bowl"},{"floor":10,"key":"Orichalcum"},{"floor":14,"key":"Nunchaku"},{"floor":23,"key":"The Courier"},{"floor":26,"key":"Tiny Chest"},{"floor":27,"key":"Shovel"},{"floor":27,"key":"Bottled Flame"},{"floor":28,"key":"Gremlin Horn"},{"floor":29,"key":"Blue Candle"}],"event_choices":[{"damage_healed":0,"gold_gain":0,"player_choice":"Trade","damage_taken":0,"relics_obtained":["FaceOfCleric"],"max_hp_gain":0,"max_hp_loss":0,"event_name":"FaceTrader","floor":12,"gold_loss":0},{"damage_healed":0,"gold_gain":0,"player_choice":"Ignored","damage_taken":0,"max_hp_gain":0,"max_hp_loss":0,"event_name":"Vampires","floor":20,"gold_loss":0},{"damage_healed":0,"gold_gain":0,"player_choice":"Read","damage_taken":0,"max_hp_gain":0,"max_hp_loss":0,"event_name":"The Library","floor":21,"gold_loss":0,"cards_obtained":["Capacitor"]},{"damage_healed":0,"gold_gain":0,"player_choice":"Fight","damage_taken":0,"max_hp_gain":0,"max_hp_loss":0,"event_name":"Colosseum","floor":27,"gold_loss":0},{"damage_healed":0,"gold_gain":0,"player_choice":"Fought Nobs","damage_taken":0,"max_hp_gain":0,"max_hp_loss":0,"event_name":"Colosseum","floor":27,"gold_loss":0}],"is_beta":false,"boss_relics":[{"not_picked":["Nuclear Battery","Tiny House"],"picked":"Sozu"}],"items_purged_floors":[3],"is_endless":false,"potions_floor_spawned":[1,2,7,8,14,23,25,27,27],"killed_by":"Slavers","ascension_level":0}