{"path_per_floor":["M","?","$","?","?","E","R","M","T","M","M","M","M","M","R","B",null,"M","M","?","$","M","R","M","R","T","M","M","R","M","M","R"],"character_chosen":"THE_SILENT","items_purchased":["Catalyst","Riddle With Holes","Panache"],"gold_per_floor":[115,290,145,109,109,141,141,158,226,245,265,280,291,303,303,399,399,379,392,307,25,35,35,51,51,51,70,88,88,106,120,120],"floor_reached":33,"campfire_rested":5,"playtime":1634,"current_hp_per_floor":[70,70,70,70,70,70,70,70,70,70,57,50,42,12,33,27,70,68,58,58,58,29,50,44,65,79,36,27,52,47,21,46],"items_purged":["Strike_G"],"gold":120,"score":331,"play_id":"4a128cec-432f-4949-8b8d-cf606c7e83e2","is_prod":false,"is_daily":false,"is_ascension_mode":false,"campfire_upgraded":1,"path_taken":["M","?","$","?","?","E","R","M","T","M","M","M","?","M","R","BOSS","M","M","?","$","M","R","M","R","T","M","M","R","M","M","R","BOSS"],"build_version":"2018-02-15-PROD1","purchased_purges":1,"victory":false,"master_deck":["Defend_G","Defend_G","Defend_G","Defend_G","Defend_G","Strike_G","Strike_G","Strike_G","Strike_G","Survivor","Neutralize","Caltrops","Catalyst+1","Riddle With Holes","Bullet Time+1","Deflect+1","PiercingWail+1","Deadly Poison+1","Poisoned Stab","Burst+1","Blur+1","Corpse Explosion","Poisoned Stab","Poisoned Stab","Panache","Backstab","Deadly Poison+1","Masterful Stab+1","Poisoned Stab","Poisoned Stab","Envenom"],"max_hp_per_floor":[70,70,70,70,70,70,70,70,70,70,70,70,70,70,70,70,70,70,70,70,70,70,70,70,70,84,84,84,84,84,84,84],"relics":["Ring of the Snake","NeowsBlessing","Toxic Egg 2","Toolbox","Question Card","Bag of Marbles","Mango"],"card_choices":[{"not_picked":["PiercingWail","Catalyst"],"picked":"Caltrops"},{"not_picked":["Blade Dance","Skewer"],"picked":"Bullet Time"},{"not_picked":["Backflip","Finisher"],"picked":"Deflect"},{"not_picked":["Outmaneuver","Finisher"],"picked":"PiercingWail"},{"not_picked":["Caltrops","Flying Knee"],"picked":"Deadly Poison"},{"not_picked":["Finisher","Acrobatics"],"picked":"Poisoned Stab"},{"not_picked":["Deflect","Slice"],"picked":"Burst"},{"not_picked":["Dodge and Roll","Outmaneuver"],"picked":"Blur"},{"not_picked":["Tools of the Trade","After Image"],"picked":"Corpse Explosion"},{"not_picked":["Prepared","Dagger Throw","Slice"],"picked":"Poisoned Stab"},{"not_picked":["Dodge and Roll","Sucker Punch","Flying Knee"],"picked":"Poisoned Stab"},{"not_picked":["Dagger Spray","Dash","Deflect"],"picked":"Backstab"},{"not_picked":["Predator","Dodge and Roll","A Thousand Cuts"],"picked":"Deadly Poison"},{"not_picked":["Prepared","Slice","Outmaneuver"],"picked":"Masterful Stab"},{"not_picked":["Sucker Punch","Distraction","PiercingWail"],"picked":"Poisoned Stab"},{"not_picked":["Masterful Stab","Sucker Punch","Backflip"],"picked":"Poisoned Stab"},{"not_picked":["Poisoned Stab","Acrobatics","Bane"],"picked":"Envenom"}],"player_experience":61162,"potions_floor_usage":[11,16,33,33,33],"damage_taken":[{"damage":0,"enemies":"Jaw Worm","floor":1,"turns":1},{"damage":0,"enemies":"Gremlin Nob","floor":6,"turns":1},{"damage":0,"enemies":"2 Louse","floor":8,"turns":1},{"damage":0,"enemies":"Small Slimes","floor":10,"turns":4},{"damage":13,"enemies":"Gremlin Gang","floor":11,"turns":5},{"damage":7,"enemies":"3 Louse","floor":12,"turns":3},{"damage":8,"enemies":"2 Fungi Beasts","floor":13,"turns":3},{"damage":30,"enemies":"Gremlin Gang","floor":14,"turns":6},{"damage":6,"enemies":"Hexaghost","floor":16,"turns":8},{"damage":2,"enemies":"2 Thieves","floor":18,"turns":4},{"damage":10,"enemies":"3 Byrds","floor":19,"turns":4},{"damage":29,"enemies":"Snecko","floor":22,"turns":5},{"damage":6,"enemies":"Centurion and Healer","floor":24,"turns":5},{"damage":43,"enemies":"Chosen and Byrds","floor":27,"turns":6},{"damage":9,"enemies":"3 Cultists","floor":28,"turns":5},{"damage":5,"enemies":"Cultist and Chosen","floor":30,"turns":5},{"damage":26,"enemies":"Centurion and Healer","floor":31,"turns":6},{"damage":70,"enemies":"Automaton","floor":33,"turns":6}],"event_choices":[{"event_name":"Liars Game","player_choice":"agreed","floor":2,"damage_taken":0},{"event_name":"World of Goop","player_choice":"Left","floor":4,"damage_taken":0},{"event_name":"Fountain of Cleansing","player_choice":"Removed Curse","floor":5,"damage_taken":0},{"event_name":"Addict","player_choice":"Obtained Relic","floor":20,"damage_taken":0}],"boss_relics":[{"not_picked":["Ectoplasm","Velvet Choker"],"picked":"Question Card"}],"potions_floor_spawned":[6,8,12,19,27,28,30,31],"seed_played":"-1562442473513725323","killed_by":"Automaton","ascension_level":0,"is_trial":false}