{"gold_per_floor":[119,69,89,100,113,144,144,176,176,205,205,205,205,225,225,323,323,341,341],"floor_reached":19,"playtime":1398,"items_purged":[],"score":196,"play_id":"768e610a-b6f8-45d9-8c7c-c22f168fa056","local_time":"20190205121829","is_ascension_mode":true,"campfire_choices":[{"floor":7,"key":"RECALL"},{"data":"Armaments","floor":12,"key":"SMITH"},{"data":"Armaments","floor":15,"key":"SMITH"}],"neow_cost":"NONE","seed_source_timestamp":19477366984299,"circlet_count":0,"master_deck":["Strike_R","Strike_R","Strike_R","Strike_R","Defend_R","Defend_R","Defend_R","Defend_R","Bash","Anger","Heavy Blade","Armaments+1","Armaments","Armaments+1","Parasite","Offering"],"relics":["Burning Blood","Red Skull","Dodecahedron","Calipers","Coffee Dripper"],"potions_floor_usage":[8,14,14,14,14,16,16],"damage_taken":[{"damage":7,"enemies":"2 Louse","floor":1,"turns":3},{"damage":3,"enemies":"Jaw Worm","floor":3,"turns":4},{"damage":1,"enemies":"Cultist","floor":4,"turns":3},{"damage":0,"enemies":"Looter","floor":5,"turns":4},{"damage":25,"enemies":"Gremlin Nob","floor":6,"turns":4},{"damage":57,"enemies":"Lagavulin","floor":8,"turns":9},{"damage":18,"enemies":"3 Sentries","floor":10,"turns":6},{"damage":4,"enemies":"Gremlin Gang","floor":14,"turns":4},{"damage":52,"enemies":"The Guardian","floor":16,"turns":10},{"damage":17,"enemies":"Spheric Guardian","floor":18,"turns":5},{"damage":17,"enemies":"Colosseum Slavers","floor":19,"turns":7},{"damage":68,"enemies":"Colosseum Nobs","floor":19,"turns":4}],"seed_played":"-368164643952930712","potions_obtained":[{"floor":1,"key":"Regen Potion"},{"floor":13,"key":"EntropicBrew"},{"floor":13,"key":"Energy Potion"},{"floor":13,"key":"Fire Potion"},{"floor":14,"key":"SteroidPotion"}],"is_trial":false,"path_per_floor":["M","?","M","M","M","E","R","E","T","E","?","R","?","M","R","B",null,"M","?"],"character_chosen":"IRONCLAD","items_purchased":[],"campfire_rested":0,"item_purchase_floors":[],"current_hp_per_floor":[87,87,88,88,88,69,69,33,33,21,43,43,43,53,53,7,88,77,0],"gold":341,"neow_bonus":"TEN_PERCENT_HP_BONUS","is_prod":false,"is_daily":false,"chose_seed":false,"campfire_upgraded":2,"win_rate":0,"timestamp":1549365509,"path_taken":["M","?","M","M","M","E","R","E","T","E","?","R","?","M","R","BOSS","M","?"],"build_version":"2019-01-23","purchased_purges":0,"victory":false,"max_hp_per_floor":[88,88,88,88,88,88,88,88,88,88,88,88,88,88,88,88,88,88,88],"card_choices":[{"not_picked":["Dual Wield","Blood for Blood"],"picked":"Anger","floor":1},{"not_picked":["Flex","Headbutt"],"picked":"Heavy Blade","floor":3},{"not_picked":["Hemokinesis","Headbutt"],"picked":"Armaments","floor":4},{"not_picked":["Power Through","Second Wind"],"picked":"Armaments","floor":5},{"not_picked":["Dual Wield","Clothesline","Rampage"],"picked":"SKIP","floor":6},{"not_picked":["Fiend Fire","Sword Boomerang"],"picked":"Armaments","floor":8},{"not_picked":["Burning Pact","Twin Strike","Rupture"],"picked":"SKIP","floor":10},{"not_picked":["Power Through","Uppercut","Hemokinesis"],"picked":"SKIP","floor":14},{"not_picked":["Exhume","Immolate"],"picked":"Offering","floor":16},{"not_picked":["Thunderclap","Anger","Blood for Blood"],"picked":"SKIP","floor":18}],"player_experience":128777,"relics_obtained":[{"floor":6,"key":"Red Skull"},{"floor":8,"key":"Dodecahedron"},{"floor":10,"key":"Calipers"}],"event_choices":[{"cards_removed":["Strike_R"],"damage_healed":0,"gold_gain":0,"player_choice":"Card Removal","damage_taken":0,"max_hp_gain":0,"max_hp_loss":0,"event_name":"The Cleric","floor":2,"gold_loss":50},{"damage_healed":22,"gold_gain":0,"player_choice":"Healed and dodged fight","damage_taken":0,"max_hp_gain":0,"max_hp_loss":0,"event_name":"Mushrooms","floor":11,"gold_loss":0,"cards_obtained":["Parasite"]},{"damage_healed":0,"gold_gain":0,"player_choice":"Got Potions","damage_taken":0,"max_hp_gain":0,"max_hp_loss":0,"event_name":"Lab","floor":13,"gold_loss":0},{"damage_healed":0,"gold_gain":0,"player_choice":"Fight","damage_taken":0,"max_hp_gain":0,"max_hp_loss":0,"event_name":"Colosseum","floor":19,"gold_loss":0},{"damage_healed":0,"gold_gain":0,"player_choice":"Fought Nobs","damage_taken":0,"max_hp_gain":0,"max_hp_loss":0,"event_name":"Colosseum","floor":19,"gold_loss":0}],"is_beta":false,"boss_relics":[{"not_picked":["Runic Pyramid","Lizard Tail"],"picked":"Coffee Dripper"}],"items_purged_floors":[],"is_endless":false,"potions_floor_spawned":[1,14],"killed_by":"Colosseum Nobs","ascension_level":1}