{"gold_per_floor":[114,133,58,68,85,85,105,117,117,117,146,7,17,31,31,134,134,145,162,162,176,196,196,210,210,210,222,122,122,122],"floor_reached":30,"playtime":1130,"items_purged":["Parasite","Strike_R+1"],"score":346,"play_id":"f10e042d-340d-4002-900d-0e5fe1100ffc","local_time":"20180627140348","is_ascension_mode":true,"campfire_choices":[{"data":"Headbutt","floor":6,"key":"SMITH"},{"data":"Shrug It Off","floor":10,"key":"SMITH"},{"data":"Feed","floor":15,"key":"SMITH"},{"data":"Limit Break","floor":23,"key":"SMITH"},{"floor":25,"key":"REST"},{"data":"Flex","floor":29,"key":"SMITH"}],"neow_cost":"CURSE","seed_source_timestamp":2395729720533354,"circlet_count":0,"master_deck":["Strike_R+1","Strike_R+1","Strike_R+1","Strike_R+1","Defend_R+1","Defend_R+1","Defend_R+1","Defend_R+1","Bash","Pommel Strike","Shrug It Off+1","Headbutt+1","Feed+1","Limit Break+1","Havoc+1","Flex+1"],"relics":["Burning Blood","Sundial","Regal Pillow","Art of War","Runic Pyramid","Kunai"],"potions_floor_usage":[24,24],"damage_taken":[{"damage":15,"enemies":"Cultist","floor":1,"turns":5},{"damage":7,"enemies":"2 Louse","floor":2,"turns":4},{"damage":3,"enemies":"Small Slimes","floor":4,"turns":5},{"damage":13,"enemies":"3 Louse","floor":5,"turns":5},{"damage":6,"enemies":"Red Slaver","floor":7,"turns":3},{"damage":4,"enemies":"Looter","floor":8,"turns":3},{"damage":22,"enemies":"3 Sentries","floor":11,"turns":10},{"damage":7,"enemies":"Large Slime","floor":13,"turns":7},{"damage":3,"enemies":"3 Louse","floor":14,"turns":3},{"damage":43,"enemies":"The Guardian","floor":16,"turns":13},{"damage":30,"enemies":"Spheric Guardian","floor":18,"turns":6},{"damage":17,"enemies":"3 Byrds","floor":19,"turns":5},{"damage":29,"enemies":"Snake Plant","floor":21,"turns":3},{"damage":15,"enemies":"Snecko","floor":22,"turns":4},{"damage":27,"enemies":"3 Cultists","floor":24,"turns":5},{"damage":42,"enemies":"Snake Plant","floor":27,"turns":5},{"damage":27,"enemies":"Snecko","floor":30,"turns":5}],"seed_played":"8164486139434396772","potions_obtained":[{"floor":5,"key":"FairyPotion"},{"floor":7,"key":"Swift Potion"},{"floor":11,"key":"Fire Potion"},{"floor":22,"key":"Fire Potion"}],"is_trial":false,"path_per_floor":["M","M","$","M","M","R","M","M","T","R","E","$","M","M","R","B",null,"M","M","?","M","M","R","M","R","T","M","$","R"],"character_chosen":"IRONCLAD","items_purchased":["Feed"],"campfire_rested":1,"item_purchase_floors":[12],"current_hp_per_floor":[63,62,62,65,58,58,58,60,60,60,44,44,46,52,52,15,66,46,39,39,20,15,15,15,59,59,27,27,27,0],"gold":122,"neow_bonus":"ONE_RARE_RELIC","is_prod":false,"is_daily":false,"chose_seed":false,"campfire_upgraded":5,"win_rate":0,"timestamp":1530122628,"path_taken":["M","M","$","M","M","R","M","?","T","R","E","?","M","M","R","BOSS","M","M","?","?","M","R","M","R","T","M","$","R","M"],"build_version":"2018-06-26","purchased_purges":2,"victory":false,"max_hp_per_floor":[80,80,77,77,77,77,77,77,77,77,77,77,80,83,83,83,83,87,91,91,95,99,99,99,99,99,103,103,103,103],"card_choices":[{"not_picked":["Warcry","Sever Soul"],"picked":"Pommel Strike","floor":1},{"not_picked":["Warcry","Uppercut"],"picked":"Shrug It Off","floor":2},{"not_picked":["Clash","Intimidate","Warcry"],"picked":"SKIP","floor":4},{"not_picked":["True Grit","Fire Breathing"],"picked":"Headbutt","floor":5},{"not_picked":["Heavy Blade","Warcry","Wild Strike"],"picked":"SKIP","floor":7},{"not_picked":["Burning Pact","Perfected Strike","Berserk"],"picked":"SKIP","floor":8},{"not_picked":["Corruption","Havoc","Feel No Pain"],"picked":"SKIP","floor":11},{"not_picked":["Warcry","Wild Strike","Rage"],"picked":"SKIP","floor":13},{"not_picked":["Heavy Blade","Blood for Blood","Intimidate"],"picked":"SKIP","floor":14},{"not_picked":["Dark Embrace","Juggernaut"],"picked":"Limit Break","floor":16},{"not_picked":["Shrug It Off","Rage"],"picked":"Havoc+1","floor":18},{"not_picked":["Corruption","Warcry","Sword Boomerang"],"picked":"SKIP","floor":19},{"not_picked":["Evolve","Havoc"],"picked":"Flex","floor":21},{"not_picked":["Sentinel+1","Iron Wave","Clash"],"picked":"SKIP","floor":22},{"not_picked":["Rupture+1","Blood for Blood+1","Sentinel"],"picked":"SKIP","floor":24},{"not_picked":["Hemokinesis","Entrench","Heavy Blade"],"picked":"SKIP","floor":27}],"player_experience":577792,"relics_obtained":[{"floor":9,"key":"Regal Pillow"},{"floor":11,"key":"Art of War"},{"floor":26,"key":"Kunai"}],"event_choices":[{"event_name":"Back to Basics","player_choice":"Simplicity","floor":20,"damage_taken":0}],"boss_relics":[{"not_picked":["Sozu","Runic Cube"],"picked":"Runic Pyramid"}],"items_purged_floors":[3,28],"is_endless":false,"potions_floor_spawned":[5,7,11,13,14,16,19,22],"killed_by":"Snecko","ascension_level":7}