{"path_per_floor":["M","?","?","M","M","M","E","R","T","$","E","R","E","M","R","B",null,"M","?","?","M","$","R","E","?","T","?"],"character_chosen":"IRONCLAD","items_purchased":["Lee\u0027s Waffle"],"gold_per_floor":[117,117,117,137,154,172,204,204,284,14,47,47,78,89,89,191,191,203,203,118,129,29,29,64,64,87,87,87],"floor_reached":28,"campfire_rested":1,"playtime":746,"current_hp_per_floor":[78,78,78,80,80,59,25,25,25,87,81,81,55,49,75,49,78,75,60,60,52,52,52,23,13,13,13,0],"items_purged":["Writhe","Defend_R"],"gold":87,"score":369,"play_id":"b090dd2b-5979-42cc-84b6-74ebd96f9ce8","local_time":"20180326165227","is_prod":false,"is_daily":false,"is_ascension_mode":true,"campfire_upgraded":3,"timestamp":1522097547,"path_taken":["M","?","?","?","M","M","E","R","T","$","E","R","E","M","R","BOSS","M","?","?","M","?","R","E","?","T","?","M"],"build_version":"2018-03-22v2","purchased_purges":2,"victory":false,"master_deck":["Defend_R","Defend_R","Defend_R","Bash","Uppercut+1","Finesse+1","Rampage+1","Thunderclap","Shrug It Off+1","Barricade+1","Bite","Bite","Bite","Bite","Bite"],"max_hp_per_floor":[80,80,80,80,80,80,80,80,80,87,87,87,87,87,87,87,87,87,60,60,60,60,60,60,65,65,65,65],"relics":["Burning Blood","NeowsBlessing","Paper Frog","Toxic Egg 2","Lee\u0027s Waffle","Juzu Bracelet","Kunai","Cursed Key","Dead Branch","Calipers","Art of War"],"card_choices":[{"not_picked":["Intimidate","Armaments"],"picked":"Rampage","floor":4},{"not_picked":["Iron Wave","Exhume"],"picked":"Thunderclap","floor":6},{"not_picked":["Power Through","Clash"],"picked":"Shrug It Off","floor":14},{"not_picked":["Reaper","Berserk"],"picked":"Barricade","floor":16}],"player_experience":274926,"potions_floor_usage":[24],"damage_taken":[{"damage":0,"enemies":"Small Slimes","floor":1,"turns":1},{"damage":0,"enemies":"Cultist","floor":4,"turns":1},{"damage":0,"enemies":"2 Louse","floor":5,"turns":1},{"damage":27,"enemies":"Large Slime","floor":6,"turns":6},{"damage":40,"enemies":"3 Sentries","floor":7,"turns":6},{"damage":12,"enemies":"Gremlin Nob","floor":11,"turns":3},{"damage":32,"enemies":"3 Sentries","floor":13,"turns":5},{"damage":12,"enemies":"Exordium Thugs","floor":14,"turns":4},{"damage":32,"enemies":"The Guardian","floor":16,"turns":10},{"damage":9,"enemies":"Chosen","floor":18,"turns":3},{"damage":26,"enemies":"Shell Parasite","floor":21,"turns":5},{"damage":45,"enemies":"Book of Stabbing","floor":24,"turns":7},{"damage":31,"enemies":"Sentry and Sphere","floor":28,"turns":4}],"event_choices":[{"event_name":"Match and Keep!","player_choice":"3 cards matched","floor":2,"damage_taken":0},{"event_name":"Upgrade Shrine","player_choice":"Upgraded","floor":3,"damage_taken":0},{"event_name":"Vampires","player_choice":"Became a vampire","floor":19,"damage_taken":0},{"event_name":"Addict","player_choice":"Obtained Relic","floor":20,"damage_taken":0},{"event_name":"Forgotten Altar","player_choice":"Shed Blood","floor":25,"damage_taken":0},{"event_name":"Back to Basics","player_choice":"Elegance","floor":27,"damage_taken":0}],"boss_relics":[{"not_picked":["Ectoplasm","Runic Pyramid"],"picked":"Cursed Key"}],"potions_floor_spawned":[4,5,7,13,14,21,24],"seed_played":"-8572796828646618566","killed_by":"Sentry and Sphere","ascension_level":7,"is_trial":false}