{"gold_per_floor":[115,130,130,145,65,65,77,77,133,54,54,81,81,81,81,155,155,171,171,171,190,190,190,190,205,258,258],"floor_reached":27,"playtime":938,"items_purged":[],"score":418,"play_id":"a7652210-f3e1-4f31-aaf8-5a2d5a5f099f","local_time":"20190914154754","is_ascension_mode":true,"campfire_choices":[{"data":"Bash","floor":6.0,"key":"SMITH"},{"data":"Armaments","floor":8.0,"key":"SMITH"},{"floor":11.0,"key":"REST"},{"floor":15.0,"key":"REST"},{"floor":23.0,"key":"REST"}],"neow_cost":"NONE","seed_source_timestamp":6938715425300,"circlet_count":0,"master_deck":["AscendersBane","Strike_R+1","Strike_R+1","Defend_R+1","Defend_R+1","Defend_R+1","Bash+1","Armaments+1","Intimidate","Whirlwind","Fire Breathing","Disarm","Demon Form","Reaper","Flex+1","Uppercut+1","Sword Boomerang+1","Twin Strike+1"],"special_seed":0,"relics":["Burning Blood","Omamori","Tiny Chest","Lantern","Empty Cage","Molten Egg 2","Strawberry"],"potions_floor_usage":[27],"damage_taken":[{"damage":1.0,"enemies":"Cultist","floor":1.0,"turns":3.0},{"damage":14.0,"enemies":"Small Slimes","floor":2.0,"turns":4.0},{"damage":9.0,"enemies":"Jaw Worm","floor":4.0,"turns":5.0},{"damage":20.0,"enemies":"3 Louse","floor":7.0,"turns":4.0},{"damage":30.0,"enemies":"3 Sentries","floor":12.0,"turns":5.0},{"damage":41.0,"enemies":"Slime Boss","floor":16.0,"turns":8.0},{"damage":60.0,"enemies":"Shell Parasite","floor":18.0,"turns":8.0},{"damage":51.0,"enemies":"Spheric Guardian","floor":21.0,"turns":7.0},{"damage":23.0,"enemies":"Centurion and Healer","floor":25.0,"turns":6.0},{"damage":31,"enemies":"Shelled Parasite and Fungi","floor":27,"turns":7}],"seed_played":"-2465631059851312942","potions_obtained":[{"floor":2.0,"key":"BloodPotion"},{"floor":13.0,"key":"Explosive Potion"},{"floor":25.0,"key":"Fruit Juice"}],"is_trial":false,"path_per_floor":["M","M","?","M","$","R","M","R","T","$","R","E","?","$","R","B",null,"M","T","?","M","?","R","?","M","T","M"],"character_chosen":"IRONCLAD","items_purchased":["Fire Breathing","Disarm"],"campfire_rested":3,"item_purchase_floors":[5,10],"current_hp_per_floor":[73,65,65,62,62,62,48,48,48,48,70,46,46,46,68,33,65,27,27,27,10,10,32,32,25,32,6],"gold":258,"neow_bonus":"RANDOM_COMMON_RELIC","is_prod":false,"is_daily":false,"chose_seed":false,"campfire_upgraded":2,"win_rate":0,"timestamp":1568494074,"path_taken":["M","M","?","M","$","R","M","R","T","?","R","E","?","$","R","BOSS","M","?","?","M","?","R","?","M","T","M"],"build_version":"2019-09-12","purchased_purges":0,"victory":false,"max_hp_per_floor":[75,75,75,75,75,75,75,75,75,75,75,75,75,75,75,75,75,75,75,75,75,75,75,75,75,82,87],"card_choices":[{"not_picked":["Wild Strike","Dual Wield"],"picked":"Armaments","floor":1.0},{"not_picked":["Perfected Strike","Shrug It Off"],"picked":"Intimidate","floor":2.0},{"not_picked":["Intimidate","Burning Pact","Perfected Strike"],"picked":"SKIP","floor":4.0},{"not_picked":["Havoc","Perfected Strike","Clash"],"picked":"SKIP","floor":7.0},{"not_picked":["Body Slam","Iron Wave"],"picked":"Demon Form","floor":12.0},{"not_picked":["Dark Embrace","Barricade"],"picked":"Reaper","floor":16.0},{"not_picked":["Heavy Blade","Iron Wave"],"picked":"Flex+1","floor":18.0},{"not_picked":["Warcry","Shrug It Off"],"picked":"Uppercut+1","floor":21.0},{"not_picked":["Inflame","Carnage+1"],"picked":"Twin Strike+1","floor":25.0}],"player_experience":1318216,"relics_obtained":[{"floor":9.0,"key":"Tiny Chest"},{"floor":12.0,"key":"Lantern"},{"floor":19.0,"key":"Molten Egg 2"},{"floor":26.0,"key":"Strawberry"}],"event_choices":[{"damage_healed":0.0,"max_hp_gain":0.0,"max_hp_loss":0.0,"gold_gain":0.0,"cards_transformed":["Strike_R"],"event_name":"Transmorgrifier","player_choice":"Transformed","floor":3.0,"gold_loss":0.0,"damage_taken":0.0,"cards_obtained":["Whirlwind"]},{"damage_healed":0.0,"max_hp_gain":0.0,"max_hp_loss":0.0,"gold_gain":0.0,"event_name":"Lab","player_choice":"Got Potions","floor":13.0,"gold_loss":0.0,"damage_taken":0.0},{"damage_healed":0.0,"max_hp_gain":0.0,"max_hp_loss":0.0,"gold_gain":0.0,"event_name":"Back to Basics","player_choice":"Simplicity","floor":20.0,"gold_loss":0.0,"damage_taken":0.0,"cards_upgraded":["Strike_R","Strike_R","Strike_R","Defend_R","Defend_R","Defend_R"]},{"damage_healed":0.0,"max_hp_gain":0.0,"max_hp_loss":0.0,"gold_gain":0.0,"event_name":"Cursed Tome","player_choice":"Ignored","floor":22.0,"gold_loss":0.0,"damage_taken":0.0},{"damage_healed":0.0,"max_hp_gain":0.0,"max_hp_loss":0.0,"gold_gain":0.0,"cards_transformed":["Strike_R"],"event_name":"Transmorgrifier","player_choice":"Transformed","floor":24.0,"gold_loss":0.0,"damage_taken":0.0,"cards_obtained":["Sword Boomerang"]}],"is_beta":true,"boss_relics":[{"not_picked":["Coffee Dripper","Runic Cube"],"picked":"Empty Cage"}],"items_purged_floors":[],"is_endless":false,"potions_floor_spawned":[2,25],"killed_by":"Shelled Parasite and Fungi","ascension_level":20}