{"path_per_floor":["M","?","M","?","M","E","R","M","T","M","R","?","$","?","R","B",null,"M","?","$","M","M","R","M","T","T","?","?","M","M","M","R"],"character_chosen":"DEFECT","items_purchased":["Toxic Egg 2","Go for the Eyes"],"gold_per_floor":[113,213,230,230,249,274,274,294,294,313,313,313,62,62,62,62,62,62,62,15,0,0,0,0,0,0,0,0,0,0,0,0,0],"floor_reached":33,"campfire_rested":2,"playtime":856,"item_purchase_floors":[13,20],"current_hp_per_floor":[75,75,75,75,75,29,29,26,26,15,15,15,15,15,37,20,75,61,47,47,40,40,40,33,33,33,33,33,23,15,13,52,0],"items_purged":[],"gold":0,"score":249,"play_id":"21cd4ba4-1643-471e-ae26-35b929772035","local_time":"20180519211211","is_prod":false,"is_daily":false,"chose_seed":false,"is_ascension_mode":false,"campfire_upgraded":3,"timestamp":1526778731,"campfire_choices":[{"data":"Genetic Algorithm","floor":7,"key":"SMITH"},{"data":"Hologram","floor":11,"key":"SMITH"},{"floor":15,"key":"REST"},{"data":"All For One","floor":23,"key":"SMITH"},{"floor":32,"key":"REST"}],"path_taken":["M","?","?","?","M","E","R","M","T","M","R","?","$","?","R","BOSS","M","?","$","M","M","R","?","?","T","?","?","M","M","M","R","BOSS"],"build_version":"2018-05-18","seed_source_timestamp":1554391823023445,"purchased_purges":0,"victory":false,"master_deck":["Strike_B","Strike_B","Strike_B","Defend_B","Defend_B","Defend_B","Defend_B","Zap+1","Dualcast","Hologram+1","Genetic Algorithm+1","Beam Cell","Rebound","Beam Cell","Go for the Eyes","Streamline","All For One+1","Cold Snap","Go for the Eyes","Ball Lightning","Go for the Eyes","Rainbow+1"],"max_hp_per_floor":[75,75,75,75,75,75,75,75,75,75,75,75,75,75,75,75,75,75,80,80,80,80,80,80,80,80,80,80,80,80,80,80,80],"relics":["Cracked Core","NeowsBlessing","Matryoshka","Potion Belt","Symbiotic Virus","Toxic Egg 2","Ectoplasm","Ornamental Fan","Orichalcum","Regal Pillow"],"card_choices":[{"not_picked":["Streamline","Sweeping Beam"],"picked":"Hologram","floor":1},{"not_picked":["Cold Snap","Hologram"],"picked":"Genetic Algorithm","floor":3},{"not_picked":["Blizzard","Reinforced Body"],"picked":"Beam Cell","floor":5},{"not_picked":["Turbo","Amplify"],"picked":"Rebound","floor":6},{"not_picked":["Rip and Tear","Streamline"],"picked":"Beam Cell","floor":8},{"not_picked":["Axe Kick","Beam Cell"],"picked":"Go for the Eyes","floor":10},{"not_picked":["Machine Learning","Nova"],"picked":"All For One","floor":16},{"not_picked":["Conserve Battery+1","Skim+1"],"picked":"Cold Snap","floor":18},{"not_picked":["Sweeping Beam+1","Recycle+1"],"picked":"Ball Lightning","floor":21},{"not_picked":["Aggregate+1","Leap+1"],"picked":"Go for the Eyes","floor":22},{"not_picked":["Capacitor+1","Sweeping Beam+1","Sunder+1"],"picked":"SKIP","floor":24},{"not_picked":["Streamline+1","Sweeping Beam","Genetic Algorithm+1"],"picked":"SKIP","floor":29},{"not_picked":["Capacitor","Reprogram+1"],"picked":"Rainbow+1","floor":30},{"not_picked":["Stack+1","Static Discharge+1","Scrape+1"],"picked":"SKIP","floor":31}],"player_experience":475381,"potions_floor_usage":[29,29,31],"damage_taken":[{"damage":0,"enemies":"Jaw Worm","floor":1,"turns":1},{"damage":0,"enemies":"Cultist","floor":3,"turns":1},{"damage":0,"enemies":"Small Slimes","floor":5,"turns":1},{"damage":46,"enemies":"Gremlin Nob","floor":6,"turns":6},{"damage":3,"enemies":"Red Slaver","floor":8,"turns":3},{"damage":11,"enemies":"Exordium Thugs","floor":10,"turns":4},{"damage":17,"enemies":"Slime Boss","floor":16,"turns":7},{"damage":14,"enemies":"Spheric Guardian","floor":18,"turns":4},{"damage":7,"enemies":"2 Thieves","floor":21,"turns":4},{"damage":0,"enemies":"Snecko","floor":22,"turns":2},{"damage":7,"enemies":"Cultist and Chosen","floor":24,"turns":5},{"damage":10,"enemies":"Slaver and Parasite","floor":29,"turns":4},{"damage":8,"enemies":"Snecko","floor":30,"turns":5},{"damage":11,"enemies":"Snake Plant","floor":31,"turns":3},{"damage":57,"enemies":"Champ","floor":33,"turns":11}],"relics_obtained":[{"floor":6,"key":"Matryoshka"},{"floor":9,"key":"Potion Belt"},{"floor":9,"key":"Symbiotic Virus"},{"floor":25,"key":"Ornamental Fan"},{"floor":25,"key":"Orichalcum"},{"floor":26,"key":"Regal Pillow"}],"event_choices":[{"event_name":"Golden Shrine","player_choice":"Pray","floor":2,"damage_taken":0},{"event_name":"Living Wall","player_choice":"Grow","floor":4,"damage_taken":0},{"event_name":"Transmorgrifier","player_choice":"Transform","floor":12,"damage_taken":0},{"event_name":"The Woman in Blue","player_choice":"Bought 0 Potions","floor":14,"damage_taken":0},{"event_name":"Forgotten Altar","player_choice":"Shed Blood","floor":19,"damage_taken":0},{"event_name":"The Lab","player_choice":"Got Potions","floor":27,"damage_taken":0},{"event_name":"Cursed Tome","player_choice":"Ignored","floor":28,"damage_taken":0}],"boss_relics":[{"not_picked":["Pandora\u0027s Box","Lizard Tail"],"picked":"Ectoplasm"}],"items_purged_floors":[],"potions_floor_spawned":[5,10,18,22,24,31],"seed_played":"2966543746940388224","killed_by":"Champ","ascension_level":0,"potions_obtained":[{"floor":5,"key":"Regen Potion"},{"floor":10,"key":"PowerPotion"},{"floor":18,"key":"SmokeBomb"},{"floor":22,"key":"Strength Potion"},{"floor":24,"key":"Energy Potion"},{"floor":27,"key":"Fire Potion"},{"floor":27,"key":"FocusPotion"},{"floor":27,"key":"Explosive Potion"},{"floor":31,"key":"Energy Potion"}],"is_trial":false}