{"path_per_floor":["M","$","?","?","$","E","R","$","T","$","E","M","M","M","R","B",null,"M","?","?","$","M","R"],"character_chosen":"DEFECT","items_purchased":["Deep Breath","Recycle","Coolheaded"],"gold_per_floor":[117,11,11,11,11,43,43,43,66,66,98,108,120,132,132,232,232,220,220,220,13,30,30,30],"floor_reached":24,"campfire_rested":0,"playtime":2276,"current_hp_per_floor":[75,75,70,70,70,80,80,80,80,80,87,91,90,80,80,22,92,76,60,92,92,92,92,0],"items_purged":["Strike_B"],"gold":30,"score":344,"play_id":"d1919f29-5550-4b37-9af6-406dfa563380","local_time":"20180428213331","is_prod":false,"is_daily":false,"chose_seed":false,"is_ascension_mode":true,"campfire_upgraded":3,"timestamp":1524976411,"path_taken":["M","$","?","?","?","E","R","$","T","$","E","M","M","M","R","BOSS","M","?","?","$","M","R","E"],"build_version":"2018-04-27v3","seed_source_timestamp":17922167688340,"purchased_purges":1,"victory":false,"master_deck":["Strike_B","Strike_B","Strike_B","Defend_B","Defend_B","Defend_B","Defend_B","Zap+1","Dualcast","Recycle","Deep Breath+1","Zap","Meteor Strike+1","Self Repair","Gash","Undo+1","Turbo+1","Recycle+1","Seek+1","Skim+1","Recycle+1","Coolheaded+1","Hologram+1"],"max_hp_per_floor":[75,75,82,82,82,92,92,92,92,92,92,92,92,92,92,92,92,92,92,92,92,92,92,92],"relics":["Cracked Core","NeowsBlessing","Strawberry","Pear","Ancient Tea Set","Toxic Egg 2","Cursed Key","Nilry\u0027s Codex"],"card_choices":[{"not_picked":["Rebound","Reinforced Body"],"picked":"Recycle","floor":1},{"not_picked":["Thunder Strike","Rebound"],"picked":"Self Repair","floor":6},{"not_picked":["Static Discharge","Tempest"],"picked":"Gash","floor":11},{"not_picked":["Impulse","Capacitor"],"picked":"Undo","floor":12},{"not_picked":["Reinforced Body","Go for the Eyes"],"picked":"Turbo","floor":13},{"not_picked":["Cold Snap","Reprogram"],"picked":"Recycle","floor":14},{"not_picked":["Echo Form","Fusion"],"picked":"Seek","floor":16},{"not_picked":["Impulse","Capacitor"],"picked":"Skim","floor":18},{"not_picked":["Chill","Impulse"],"picked":"Hologram","floor":22}],"player_experience":459729,"potions_floor_usage":[16,16,22,24],"damage_taken":[{"damage":0,"enemies":"Jaw Worm","floor":1,"turns":1},{"damage":0,"enemies":"Lagavulin","floor":6,"turns":1},{"damage":0,"enemies":"Gremlin Nob","floor":11,"turns":1},{"damage":3,"enemies":"2 Louse","floor":12,"turns":3},{"damage":1,"enemies":"Cultist","floor":13,"turns":3},{"damage":17,"enemies":"2 Fungi Beasts","floor":14,"turns":3},{"damage":74,"enemies":"Hexaghost","floor":16,"turns":12},{"damage":23,"enemies":"2 Thieves","floor":18,"turns":4},{"damage":28,"enemies":"Spheric Guardian","floor":22,"turns":4},{"damage":120,"enemies":"Book of Stabbing","floor":24,"turns":7}],"event_choices":[{"event_name":"Scrap Ooze","player_choice":"success","floor":3,"damage_taken":12},{"event_name":"Match and Keep!","player_choice":"2 cards matched","floor":4,"damage_taken":0},{"event_name":"Cursed Tome","player_choice":"Obtained Book","floor":19,"damage_taken":0},{"event_name":"Wheel of Change","player_choice":"Full Heal","floor":20,"damage_taken":0}],"boss_relics":[{"not_picked":["Astrolabe","Velvet Choker"],"picked":"Cursed Key"}],"potions_floor_spawned":[11,12,14,16,18],"seed_played":"-8489054555077132675","killed_by":"Book of Stabbing","ascension_level":3,"is_trial":false}