{"path_per_floor":["M","M","M","M","$","R","?","E","T","R","M","?","M","M","R","B",null,"M","$","?","M","M","R","E","R","T","$","R","?"],"character_chosen":"DEFECT","items_purchased":["Bandage Up"],"gold_per_floor":[111,128,148,158,83,83,83,116,116,116,136,136,154,169,169,266,296,310,156,156,175,192,192,219,219,244,144,144,144,144],"floor_reached":30,"campfire_rested":1,"playtime":656,"item_purchase_floors":[19],"current_hp_per_floor":[75,75,69,65,70,70,54,48,48,48,32,32,29,19,43,23,85,60,60,60,57,39,39,17,17,17,17,17,17,0],"items_purged":["Dualcast","Regret","Decay"],"gold":144,"score":250,"play_id":"dfa50dea-ff1c-40ce-a064-5687256c4a9f","local_time":"20180519212320","is_prod":false,"is_daily":false,"chose_seed":false,"is_ascension_mode":false,"campfire_upgraded":5,"timestamp":1526779400,"campfire_choices":[{"data":"White Noise","floor":6,"key":"SMITH"},{"data":"Streamline","floor":10,"key":"SMITH"},{"floor":15,"key":"REST"},{"data":"Streamline","floor":23,"key":"SMITH"},{"data":"Loop","floor":25,"key":"SMITH"},{"data":"Rainbow","floor":28,"key":"SMITH"}],"path_taken":["M","M","M","M","$","R","?","E","T","R","M","?","M","?","R","BOSS","M","$","?","M","M","R","E","R","T","$","R","?","?"],"build_version":"2018-05-18","seed_source_timestamp":1555262160411092,"purchased_purges":3,"victory":false,"master_deck":["Strike_B+1","Strike_B","Strike_B","Strike_B","Defend_B+1","Defend_B","Defend_B","Defend_B","Zap+1","Streamline+1","Rip and Tear","White Noise+1","Ball Lightning","Sweeping Beam","Streamline+1","Hologram","Tempest","Rainbow+1","Loop+1","Axe Kick","Bandage Up","Beam Cell+1","Self Repair","Decay"],"max_hp_per_floor":[75,75,75,75,80,80,80,80,80,80,80,80,80,80,80,80,85,85,85,85,85,85,85,85,85,85,85,85,85,85],"relics":["Cursed Key","The Courier","Matryoshka","Tiny House","Bag of Marbles","Toxic Egg 2","Oddly Smooth Stone"],"card_choices":[{"not_picked":["Cold Snap","Capacitor"],"picked":"Streamline","floor":1},{"not_picked":["Reinforced Body","Multi-Cast"],"picked":"Rip and Tear","floor":2},{"not_picked":["Turbo","Stack"],"picked":"White Noise","floor":3},{"not_picked":["Recycle","Darkness"],"picked":"Ball Lightning","floor":4},{"not_picked":["All For One","Scrape"],"picked":"Sweeping Beam","floor":8},{"not_picked":["Go for the Eyes","Turbo"],"picked":"Streamline","floor":11},{"not_picked":["Beam Cell","Recycle"],"picked":"Hologram","floor":13},{"not_picked":["Steam","Fission"],"picked":"Tempest","floor":14},{"not_picked":["All For One","Machine Learning"],"picked":"Rainbow","floor":16},{"not_picked":["Axe Kick","Cold Snap"],"picked":"Loop","floor":17},{"not_picked":["Cold Snap","Coolheaded"],"picked":"Axe Kick","floor":18},{"not_picked":["Redo+1","Skim+1"],"picked":"Beam Cell+1","floor":21},{"not_picked":["Blizzard","Capacitor"],"picked":"Self Repair","floor":22},{"not_picked":["Barrage","Sweeping Beam","Capacitor"],"picked":"SKIP","floor":24}],"player_experience":476237,"potions_floor_usage":[5,8,30],"damage_taken":[{"damage":0,"enemies":"Cultist","floor":1,"turns":3},{"damage":0,"enemies":"2 Louse","floor":2,"turns":2},{"damage":6,"enemies":"Jaw Worm","floor":3,"turns":2},{"damage":4,"enemies":"2 Fungi Beasts","floor":4,"turns":2},{"damage":6,"enemies":"Gremlin Nob","floor":8,"turns":3},{"damage":16,"enemies":"Gremlin Gang","floor":11,"turns":3},{"damage":3,"enemies":"Blue Slaver","floor":13,"turns":2},{"damage":10,"enemies":"Looter","floor":14,"turns":2},{"damage":20,"enemies":"Slime Boss","floor":16,"turns":6},{"damage":25,"enemies":"Shell Parasite","floor":18,"turns":3},{"damage":7,"enemies":"Spheric Guardian","floor":21,"turns":3},{"damage":18,"enemies":"3 Cultists","floor":22,"turns":4},{"damage":33,"enemies":"Gremlin Leader","floor":24,"turns":5},{"damage":20,"enemies":"Slaver and Parasite","floor":30,"turns":1}],"relics_obtained":[{"floor":8,"key":"The Courier"},{"floor":9,"key":"Matryoshka"},{"floor":24,"key":"Bag of Marbles"},{"floor":26,"key":"Toxic Egg 2"},{"floor":26,"key":"Oddly Smooth Stone"}],"event_choices":[{"event_name":"Shining Light","player_choice":"Entered Light","floor":7,"damage_taken":0},{"event_name":"Liars Game","player_choice":"disagreed","floor":12,"damage_taken":0},{"event_name":"The Mausoleum","player_choice":"No","floor":20,"damage_taken":0},{"event_name":"Forgotten Altar","player_choice":"Smashed Altar","floor":29,"damage_taken":0}],"boss_relics":[{"not_picked":["Orrery","Runic Pyramid"],"picked":"Tiny House"}],"items_purged_floors":[5,19,27],"potions_floor_spawned":[2,4,11,13,18,22],"seed_played":"4515891893492088101","killed_by":"Slaver and Parasite","ascension_level":0,"potions_obtained":[{"floor":2,"key":"Poison Potion"},{"floor":4,"key":"Fruit Juice"},{"floor":11,"key":"Strength Potion"},{"floor":13,"key":"AttackPotion"},{"floor":17,"key":"FearPotion"}],"is_trial":false}