{"path_per_floor":["M","?","?","$","?","R","E","M","T","M","M","M","M","M","R","B",null,"M","$","M","M","M","E","M","$","T","R","?","R","M","M","R","B",null,"M","?","M","M","?","R","E","M","T","?","R","$","?","M","R"],"character_chosen":"IRONCLAD","items_purchased":["Whetstone","Mercury Hourglass","Torii"],"gold_per_floor":[117,117,192,44,44,44,74,89,113,129,143,158,168,183,183,288,288,308,57,67,80,99,126,144,69,150,150,150,150,170,188,188,293,293,306,306,319,335,335,335,363,383,406,406,406,9,0,15,15,15],"floor_reached":50,"campfire_rested":6,"playtime":1676,"current_hp_per_floor":[80,72,61,61,54,78,59,59,59,59,55,49,45,45,69,18,80,74,74,70,57,39,34,31,31,31,31,104,104,104,99,104,84,104,93,80,74,45,45,76,63,36,36,36,67,67,67,52,83,0],"items_purged":["Perfected Strike","Spot Weakness"],"gold":15,"score":523,"play_id":"f3538b8f-e631-4449-ad9d-d9a67e090a4d","local_time":"20180329173302","is_prod":false,"is_daily":false,"is_ascension_mode":false,"campfire_upgraded":2,"timestamp":1522359182,"path_taken":["M","?","?","$","?","R","E","M","T","?","M","M","M","M","R","BOSS","M","$","M","M","?","E","M","$","T","R","?","R","?","M","R","BOSS","M","?","M","M","?","R","E","M","T","?","R","$","?","M","R","BOSS"],"build_version":"2018-03-22v2","purchased_purges":2,"victory":false,"master_deck":["Bash","Armaments","Headbutt","Inflame+1","Iron Wave+1","Evolve","Sword Boomerang","Blood for Blood+1","Sever Soul","Cleave","Flex+1","Shockwave","Uppercut","Offering","Twin Strike+1","Immolate","Infernal Blade","Madness","Madness","Pummel+1","Shrug It Off","Ghostly Armor","Havoc+1","Pommel Strike+1","Feel No Pain"],"max_hp_per_floor":[80,80,80,80,80,80,80,80,80,80,80,80,80,80,80,80,80,80,80,80,80,80,94,94,94,94,94,104,104,104,104,104,104,104,104,104,104,104,104,104,104,104,104,104,104,104,104,104,104,104],"relics":["Pandora\u0027s Box","Whetstone","Oddly Smooth Stone","Orichalcum","Velvet Choker","Mercury Hourglass","Mango","Bottled Tornado","Runic Dome","Mummified Hand","Dream Catcher","Torii","Red Mask"],"card_choices":[{"not_picked":["Armaments","Perfected Strike"],"picked":"Cleave","floor":1},{"not_picked":["Clothesline","Metallicize"],"picked":"Flex","floor":7},{"not_picked":["Wild Strike","Burning Pact"],"picked":"Shockwave","floor":8},{"not_picked":["Wild Strike","Burning Pact"],"picked":"Uppercut","floor":12},{"not_picked":["Fire Breathing","Headbutt"],"picked":"Warcry","floor":14},{"not_picked":["Juggernaut","Fiend Fire"],"picked":"Offering","floor":16},{"not_picked":["Sword Boomerang","Havoc"],"picked":"Twin Strike","floor":18},{"not_picked":["Cleave","Sword Boomerang"],"picked":"Impervious","floor":23},{"not_picked":["Anger","Flex"],"picked":"Spot Weakness","floor":31},{"not_picked":["Brutality","Bludgeon"],"picked":"Immolate","floor":33},{"not_picked":["Uppercut","Thunderclap"],"picked":"Infernal Blade","floor":35},{"not_picked":["Cleave","Disarm"],"picked":"Pummel","floor":37},{"not_picked":["Iron Wave","Sever Soul"],"picked":"Shrug It Off","floor":38},{"not_picked":["Blood for Blood","Cleave"],"picked":"Ghostly Armor","floor":41},{"not_picked":["Searing Blow","Rupture"],"picked":"Havoc","floor":42},{"not_picked":["Fiend Fire","Inflame"],"picked":"Pommel Strike","floor":45},{"not_picked":["Iron Wave","Cleave"],"picked":"Feel No Pain","floor":49}],"player_experience":280885,"potions_floor_usage":[50,50],"damage_taken":[{"damage":0,"enemies":"2 Louse","floor":1,"turns":2},{"damage":19,"enemies":"Lagavulin","floor":7,"turns":5},{"damage":0,"enemies":"Cultist","floor":8,"turns":3},{"damage":0,"enemies":"Small Slimes","floor":10,"turns":3},{"damage":4,"enemies":"Blue Slaver","floor":11,"turns":3},{"damage":6,"enemies":"Looter","floor":12,"turns":3},{"damage":4,"enemies":"Lots of Slimes","floor":13,"turns":2},{"damage":0,"enemies":"Blue Slaver","floor":14,"turns":3},{"damage":51,"enemies":"The Guardian","floor":16,"turns":8},{"damage":6,"enemies":"Shell Parasite","floor":18,"turns":2},{"damage":4,"enemies":"3 Byrds","floor":20,"turns":3},{"damage":13,"enemies":"Centurion and Healer","floor":21,"turns":3},{"damage":18,"enemies":"Sentry and Sphere","floor":22,"turns":4},{"damage":19,"enemies":"Book of Stabbing","floor":23,"turns":4},{"damage":3,"enemies":"Snecko","floor":24,"turns":4},{"damage":0,"enemies":"Snake Plant","floor":30,"turns":2},{"damage":5,"enemies":"Chosen and Byrds","floor":31,"turns":3},{"damage":20,"enemies":"Collector","floor":33,"turns":5},{"damage":11,"enemies":"3 Darklings","floor":35,"turns":4},{"damage":6,"enemies":"3 Shapes","floor":37,"turns":3},{"damage":29,"enemies":"Maw","floor":38,"turns":5},{"damage":13,"enemies":"Giant Head","floor":41,"turns":5},{"damage":27,"enemies":"3 Darklings","floor":42,"turns":3},{"damage":15,"enemies":"Sphere and 2 Shapes","floor":48,"turns":4},{"damage":104,"enemies":"Time Eater","floor":50,"turns":9}],"event_choices":[{"event_name":"Wheel of Change","player_choice":"Damage","floor":2,"damage_taken":0},{"event_name":"World of Goop","player_choice":"Gather Gold","floor":3,"damage_taken":0},{"event_name":"Scrap Ooze","player_choice":"unsuccessful","floor":5,"damage_taken":7},{"event_name":"Bonfire Elementals","player_choice":"RARE","floor":28,"damage_taken":0},{"event_name":"Winding Halls","player_choice":"Embrace Madness","floor":36,"damage_taken":0},{"event_name":"Mysterious Sphere","player_choice":"Ignore","floor":39,"damage_taken":0},{"event_name":"Tomb of Lord Red Mask","player_choice":"Paid","floor":47,"damage_taken":0}],"boss_relics":[{"not_picked":["White Beast Statue","Tiny House"],"picked":"Velvet Choker"},{"not_picked":["Question Card","Runic Pyramid"],"picked":"Runic Dome"}],"potions_floor_spawned":[1,7,12,14,16,20,21,30,33,35,38,48],"seed_played":"2151176016389281690","killed_by":"Time Eater","ascension_level":0,"is_trial":false}