{"path_per_floor":["M","?","M","M","M","R","M","M","T","M","R","E","M","M","R"],"character_chosen":"THE_SILENT","items_purchased":[],"gold_per_floor":[119,149,160,171,191,191,210,223,246,259,259,292,304,324,324],"floor_reached":16,"campfire_rested":3,"playtime":949,"current_hp_per_floor":[70,63,62,59,50,70,63,50,50,49,70,59,56,50,75],"items_purged":[],"gold":324,"score":108,"play_id":"53dfcf78-cbb8-44e9-bc77-e420748646de","is_prod":false,"is_daily":false,"is_ascension_mode":false,"campfire_upgraded":0,"path_taken":["M","?","M","M","M","R","M","M","T","?","R","E","M","?","R","BOSS"],"build_version":"2018-02-15-PROD1","purchased_purges":0,"victory":false,"master_deck":["Defend_G","Defend_G","Defend_G","Defend_G","Defend_G","Strike_G","Strike_G","Strike_G","Strike_G","Strike_G","Survivor","Neutralize","Bullet Time","Caltrops","Footwork","Sucker Punch","Backflip","Calculated Gamble","Dash","Dagger Spray","Infinite Blades"],"max_hp_per_floor":[70,70,70,70,70,70,70,70,70,70,70,84,84,84,84],"relics":["The Specimen","Tiny Chest","Lantern","Mango"],"card_choices":[{"not_picked":["Masterful Stab","Prepared"],"picked":"Bullet Time"},{"not_picked":["Backflip","Flying Knee"],"picked":"Caltrops"},{"not_picked":["Distraction","Acrobatics"],"picked":"Footwork"},{"not_picked":["Dagger Throw","Finisher"],"picked":"Sucker Punch"},{"not_picked":["Prepared","Eviscerate"],"picked":"Backflip"},{"not_picked":["Infinite Blades","PiercingWail"],"picked":"Calculated Gamble"},{"not_picked":["Flechettes","Unload"],"picked":"Dash"},{"not_picked":["Outmaneuver","Malaise"],"picked":"Dagger Spray"},{"not_picked":["Choke","Outmaneuver"],"picked":"Infinite Blades"}],"player_experience":57215,"potions_floor_usage":[],"damage_taken":[{"damage":0,"enemies":"Small Slimes","floor":1,"turns":4},{"damage":1,"enemies":"Jaw Worm","floor":3,"turns":7},{"damage":3,"enemies":"Cultist","floor":4,"turns":5},{"damage":9,"enemies":"Lots of Slimes","floor":5,"turns":5},{"damage":7,"enemies":"2 Fungi Beasts","floor":7,"turns":5},{"damage":13,"enemies":"Large Slime","floor":8,"turns":9},{"damage":1,"enemies":"Exordium Wildlife","floor":10,"turns":6},{"damage":25,"enemies":"3 Sentries","floor":12,"turns":11},{"damage":3,"enemies":"Gremlin Gang","floor":13,"turns":7},{"damage":6,"enemies":"Red Slaver","floor":14,"turns":5},{"damage":82,"enemies":"Hexaghost","floor":16,"turns":13}],"event_choices":[{"event_name":"Scrap Ooze","player_choice":"success","floor":2,"damage_taken":7}],"boss_relics":[],"potions_floor_spawned":[3,5,8,10,12],"seed_played":"-8293596120294997127","killed_by":"Hexaghost","ascension_level":0,"is_trial":false}