{"gold_per_floor":[112,112,112,137,137,137,173,173,185,197,233,278,290,346,358,495,507,543,555,567,593,617,629,591,622,716,739,751,798,823,835,847,962,974,1001,1027,1039,1051,1077,1121,1133,1176,1188,1200,1212,1224,186,203,203,203],"floor_reached":50,"playtime":7789,"items_purged":[],"score":803,"play_id":"7a8c92ae-f7ff-4c1d-a9c0-505d711b4ddb","local_time":"20190912020515","is_ascension_mode":true,"campfire_choices":[{"data":"Cleave","floor":6,"key":"SMITH"},{"floor":13,"key":"REST"},{"floor":15,"key":"DIG"},{"floor":23,"key":"DIG"},{"floor":28,"key":"DIG"},{"floor":32,"key":"REST"},{"floor":41,"key":"REST"},{"floor":44,"key":"DIG"},{"floor":46,"key":"DIG"},{"floor":49,"key":"DIG"}],"neow_cost":"NONE","seed_source_timestamp":2231270294752900,"circlet_count":0,"master_deck":["Strike_R","Strike_R","Strike_R","Strike_R","Defend_R","Defend_R+1","Defend_R+1","Defend_R","Bash","Cleave+1","Twin Strike","Headbutt","Pommel Strike","Cleave","Iron Wave","Shrug It Off","Rampage","Impervious","Injury","Regret","Pain","Impervious","Intimidate","Shockwave","Ghostly Armor","Body Slam+1","Blood for Blood+1","Demon Form","Inflame+1","Heavy Blade+1","Searing Blow+1","Heavy Blade+1","Spot Weakness","Clash+1","Mayhem","Thunderclap+1","Bandage Up","Anger+1"],"relics":["Burning Blood","NeowsBlessing","Bloody Idol","Lantern","MawBank","Boot","Dream Catcher","Shovel","Molten Egg 2","Calling Bell","Happy Flower","Nunchaku","Meat on the Bone","Self Forming Clay","Darkstone Periapt","Pen Nib","Torii","Enchiridion","Lizard Tail","Strawberry","Ancient Tea Set","Bottled Tornado","Smiling Mask","Regal Pillow","Pantograph","War Paint","OrangePellets","Bag of Preparation"],"potions_floor_usage":[12,16,22,33,40,42,50,50],"damage_taken":[{"damage":0,"enemies":"Jaw Worm","floor":1,"turns":1},{"damage":0,"enemies":"2 Louse","floor":4,"turns":1},{"damage":0,"enemies":"Lagavulin","floor":7,"turns":1},{"damage":6,"enemies":"Small Slimes","floor":11,"turns":2},{"damage":18,"enemies":"Gremlin Nob","floor":12,"turns":3},{"damage":10,"enemies":"3 Sentries","floor":14,"turns":5},{"damage":50,"enemies":"Slime Boss","floor":16,"turns":11},{"damage":4,"enemies":"Chosen","floor":18,"turns":4},{"damage":30,"enemies":"3 Byrds","floor":21,"turns":6},{"damage":42,"enemies":"Centurion and Healer","floor":22,"turns":7},{"damage":41,"enemies":"Sentry and Sphere","floor":25,"turns":8},{"damage":28,"enemies":"3 Cultists","floor":27,"turns":7},{"damage":51,"enemies":"Book of Stabbing","floor":29,"turns":7},{"damage":14,"enemies":"Chosen and Byrds","floor":30,"turns":6},{"damage":39,"enemies":"Automaton","floor":33,"turns":11},{"damage":68,"enemies":"3 Darklings","floor":35,"turns":7},{"damage":5,"enemies":"Orb Walker","floor":36,"turns":5},{"damage":30,"enemies":"Jaw Worm Horde","floor":39,"turns":5},{"damage":55,"enemies":"Nemesis","floor":40,"turns":7},{"damage":98,"enemies":"Giant Head","floor":42,"turns":8},{"damage":9,"enemies":"4 Shapes","floor":48,"turns":4},{"damage":99,"enemies":"Awakened One","floor":50,"turns":9}],"seed_played":"620009023615690120","potions_obtained":[{"floor":7,"key":"SteroidPotion"},{"floor":11,"key":"Poison Potion"},{"floor":18,"key":"EssenceOfSteel"},{"floor":30,"key":"LiquidBronze"},{"floor":39,"key":"LiquidBronze"},{"floor":40,"key":"Explosive Potion"}],"is_trial":false,"path_per_floor":["M","$","?","M","$","R","E","?","T","?","M","E","R","E","R","B",null,"M","$","?","M","M","R","?","M","T","M","R","E","M","?","R","B",null,"M","M","?","?","M","E","R","E","T","R","$","R","$","M","R","B"],"character_chosen":"IRONCLAD","items_purchased":["Pantograph","War Paint","OrangePellets","Mayhem","Thunderclap+1","Bandage Up","Weak Potion","Ancient Potion","SteroidPotion"],"campfire_rested":3,"item_purchase_floors":[47,47,47,47,47,47,47,47,47],"current_hp_per_floor":[80,80,60,66,66,66,72,54,54,54,54,42,66,62,62,18,80,80,80,80,61,47,52,57,44,54,54,59,36,50,39,68,57,80,35,58,63,68,54,34,65,53,58,63,68,73,78,80,80,0],"gold":203,"neow_bonus":"THREE_ENEMY_KILL","is_prod":false,"is_daily":false,"chose_seed":false,"campfire_upgraded":1,"win_rate":0,"timestamp":1568268315,"path_taken":["M","$","?","M","$","R","E","?","T","?","M","E","R","E","R","BOSS","M","$","?","M","M","R","?","?","T","?","R","E","M","?","R","BOSS","M","M","?","?","M","E","R","E","T","R","$","R","$","M","R","BOSS"],"build_version":"2019-07-17","purchased_purges":0,"victory":false,"max_hp_per_floor":[80,80,80,80,80,80,80,80,80,80,80,80,80,80,80,80,80,80,80,80,80,80,80,80,80,80,80,80,80,80,80,80,80,80,80,80,80,80,80,87,87,87,87,87,87,87,87,87,87,87],"card_choices":[{"not_picked":["Flex","Clash"],"picked":"Cleave","floor":1},{"not_picked":["Iron Wave","Warcry"],"picked":"Twin Strike","floor":4},{"not_picked":["True Grit","Havoc"],"picked":"Headbutt","floor":7},{"not_picked":["Flex","Iron Wave"],"picked":"Cleave","floor":11},{"not_picked":["Bloodletting","Combust"],"picked":"Iron Wave","floor":12},{"not_picked":["Wild Strike","Seeing Red"],"picked":"Shrug It Off","floor":13},{"not_picked":["Bloodletting","Metallicize"],"picked":"Rampage","floor":14},{"not_picked":["Double Tap","Juggernaut"],"picked":"Impervious","floor":16},{"not_picked":["Rage+1","Wild Strike+1"],"picked":"Impervious","floor":18},{"not_picked":["Rage","Pommel Strike+1"],"picked":"Intimidate","floor":21},{"not_picked":["Hemokinesis+1","Perfected Strike+1","True Grit+1"],"picked":"SKIP","floor":22},{"not_picked":["Infernal Blade+1","Pommel Strike+1"],"picked":"Shockwave","floor":25},{"not_picked":["Havoc","Combust","Armaments"],"picked":"SKIP","floor":27},{"not_picked":["Flame Barrier","Fiend Fire+1"],"picked":"Ghostly Armor","floor":29},{"not_picked":["Evolve","Dropkick+1"],"picked":"Body Slam+1","floor":30},{"not_picked":["Battle Trance","Wild Strike+1"],"picked":"Blood for Blood+1","floor":32},{"not_picked":["Fiend Fire+1","Juggernaut"],"picked":"Demon Form","floor":33},{"not_picked":["Shrug It Off+1","Perfected Strike+1"],"picked":"Inflame+1","floor":35},{"not_picked":["Iron Wave+1","Sword Boomerang+1"],"picked":"Heavy Blade+1","floor":36},{"not_picked":["Flex","Reaper+1"],"picked":"Searing Blow+1","floor":39},{"not_picked":["Entrench","Burning Pact+1"],"picked":"Heavy Blade+1","floor":40},{"not_picked":["Flex+1","Twin Strike+1"],"picked":"Spot Weakness","floor":41},{"not_picked":["Shockwave","Iron Wave+1"],"picked":"Clash+1","floor":42},{"not_picked":["True Grit","Thunderclap+1"],"picked":"Anger+1","floor":48}],"player_experience":369887,"relics_obtained":[{"floor":7,"key":"Lantern"},{"floor":9,"key":"Boot"},{"floor":12,"key":"Dream Catcher"},{"floor":14,"key":"Shovel"},{"floor":15,"key":"Molten Egg 2"},{"floor":17,"key":"Happy Flower"},{"floor":17,"key":"Nunchaku"},{"floor":17,"key":"Meat on the Bone"},{"floor":23,"key":"Self Forming Clay"},{"floor":26,"key":"Darkstone Periapt"},{"floor":28,"key":"Pen Nib"},{"floor":29,"key":"Torii"},{"floor":31,"key":"Enchiridion"},{"floor":40,"key":"Strawberry"},{"floor":42,"key":"Ancient Tea Set"},{"floor":43,"key":"Bottled Tornado"},{"floor":44,"key":"Smiling Mask"},{"floor":46,"key":"Regal Pillow"},{"floor":49,"key":"Bag of Preparation"}],"event_choices":[{"damage_healed":0,"gold_gain":0,"player_choice":"Take Damage","damage_taken":20,"relics_obtained":["Golden Idol"],"max_hp_gain":0,"max_hp_loss":0,"event_name":"Golden Idol","floor":3,"gold_loss":0},{"damage_healed":0,"gold_gain":0,"player_choice":"Success","damage_taken":18,"relics_obtained":["MawBank"],"max_hp_gain":0,"max_hp_loss":0,"event_name":"Scrap Ooze","floor":8,"gold_loss":0},{"damage_healed":0,"gold_gain":0,"cards_transformed":["Strike_R"],"player_choice":"Change","damage_taken":0,"max_hp_gain":0,"max_hp_loss":0,"event_name":"Living Wall","floor":10,"gold_loss":0,"cards_obtained":["Pommel Strike"]},{"damage_healed":0,"gold_gain":0,"player_choice":"Gave Idol","damage_taken":0,"relics_obtained":["Bloody Idol"],"max_hp_gain":0,"max_hp_loss":0,"event_name":"Forgotten Altar","floor":20,"relics_lost":["Golden Idol"],"gold_loss":0},{"damage_healed":0,"gold_gain":0,"player_choice":"Bet on Owner","damage_taken":0,"max_hp_gain":0,"max_hp_loss":0,"event_name":"The Joust","floor":24,"gold_loss":50},{"damage_healed":0,"gold_gain":0,"player_choice":"Obtained Book","damage_taken":16,"max_hp_gain":0,"max_hp_loss":0,"event_name":"Cursed Tome","floor":31,"gold_loss":0},{"damage_healed":0,"gold_gain":0,"player_choice":"Ignored","damage_taken":0,"max_hp_gain":0,"max_hp_loss":0,"event_name":"Tomb of Lord Red Mask","floor":37,"gold_loss":0},{"damage_healed":0,"gold_gain":0,"player_choice":"Ignored","damage_taken":0,"max_hp_gain":0,"max_hp_loss":0,"event_name":"Mysterious Sphere","floor":38,"gold_loss":0}],"is_beta":false,"boss_relics":[{"not_picked":["Philosopher\u0027s Stone","White Beast Statue"],"picked":"Calling Bell"},{"not_picked":["Mark of Pain","Velvet Choker"],"picked":"Lizard Tail"}],"items_purged_floors":[],"is_endless":false,"potions_floor_spawned":[7,11,18,30,39,40],"killed_by":"Awakened One","ascension_level":4}