{"path_per_floor":["M","?","M","M","$","R","E","R","T","M","M","M","?","$","R","B",null,"M","M","?","M","?","R","E","M","T","E","R","M","M","?","R"],"character_chosen":"THE_SILENT","items_purchased":["Well Laid Plans"],"gold_per_floor":[19,19,35,45,45,45,78,78,104,122,140,152,152,41,41,140,140,151,168,93,108,108,108,133,146,146,180,180,198,216,216,216,216],"floor_reached":33,"campfire_rested":2,"playtime":1215,"current_hp_per_floor":[84,84,83,83,83,83,66,66,66,62,62,62,62,62,62,62,84,77,59,59,55,83,83,63,46,46,18,43,15,10,10,35,0],"items_purged":["Strike_G"],"gold":216,"score":339,"play_id":"937efe21-d3d9-462f-aa8f-7c5596c44362","local_time":"20180516124500","is_prod":false,"is_daily":false,"chose_seed":false,"is_ascension_mode":false,"campfire_upgraded":4,"timestamp":1526489100,"path_taken":["M","?","M","M","$","R","E","R","T","M","?","M","?","$","R","BOSS","M","M","?","?","?","R","E","M","T","E","R","M","M","?","R","BOSS"],"build_version":"2018-05-15","seed_source_timestamp":1264402949299540,"purchased_purges":1,"victory":false,"master_deck":["Defend_G","Defend_G","Defend_G","Defend_G","Defend_G","Strike_G","Strike_G","Strike_G","Survivor","Neutralize+1","Slice","Sucker Punch","Blade Dance+1","Accuracy+1","Noxious Fumes+1","Venomology+1","Well Laid Plans","A Thousand Cuts","Cloak And Dagger+1","Quick Slash","Leg Sweep","Infinite Blades+1","Adrenaline","Infinite Blades+1","Outmaneuver","Dagger Spray","Quick Slash","Dagger Spray","Decay"],"max_hp_per_floor":[84,84,84,84,84,84,84,84,84,84,84,84,84,84,84,84,84,84,84,84,84,84,84,84,84,84,84,84,84,84,84,84,84],"relics":["Ring of the Snake","Happy Flower","Potion Belt","Cursed Key","Prayer Wheel","Singing Bowl"],"card_choices":[{"not_picked":["Eviscerate","Distraction"],"picked":"Slice","floor":1},{"not_picked":["Acrobatics","Predator"],"picked":"Sucker Punch","floor":3},{"not_picked":["Quick Slash","Eviscerate"],"picked":"Blade Dance","floor":4},{"not_picked":["Endless Agony","Blade Dance"],"picked":"Accuracy","floor":7},{"not_picked":["Expertise","Riddle With Holes"],"picked":"Noxious Fumes","floor":10},{"not_picked":["Choke","Distraction","Underhanded Strike"],"picked":"SKIP","floor":11},{"not_picked":["Dodge and Roll","Noxious Fumes"],"picked":"Venomology","floor":12},{"not_picked":["Doppelganger","Envenom"],"picked":"A Thousand Cuts","floor":16},{"not_picked":["All Out Attack","Poisoned Stab"],"picked":"Cloak And Dagger","floor":18},{"not_picked":["Dodge and Roll","Distraction"],"picked":"Quick Slash","floor":19},{"not_picked":["Skewer","Poisoned Stab"],"picked":"Leg Sweep","floor":21},{"not_picked":["Skewer","Concentrate"],"picked":"Infinite Blades+1","floor":24},{"not_picked":["Blade Dance","Reflex"],"picked":"Adrenaline","floor":25},{"not_picked":["Deadly Poison","Bouncing Flask","Setup"],"picked":"SKIP","floor":25},{"not_picked":["Dash","Catalyst"],"picked":"Infinite Blades+1","floor":27},{"not_picked":["Deflect","Blur"],"picked":"Outmaneuver","floor":29},{"not_picked":["Dodge and Roll","Dagger Throw"],"picked":"Dagger Spray","floor":29},{"not_picked":["Malaise","Backflip"],"picked":"Quick Slash","floor":30},{"not_picked":["Expertise","Corpse Explosion"],"picked":"Dagger Spray","floor":30}],"player_experience":466661,"potions_floor_usage":[16,16,16,18,21,24,25,27,29,30,30,30,33,33],"damage_taken":[{"damage":0,"enemies":"Small Slimes","floor":1,"turns":3},{"damage":1,"enemies":"Cultist","floor":3,"turns":4},{"damage":0,"enemies":"2 Louse","floor":4,"turns":2},{"damage":17,"enemies":"Gremlin Nob","floor":7,"turns":5},{"damage":4,"enemies":"Exordium Thugs","floor":10,"turns":4},{"damage":0,"enemies":"Blue Slaver","floor":11,"turns":3},{"damage":0,"enemies":"Large Slime","floor":12,"turns":4},{"damage":0,"enemies":"Slime Boss","floor":16,"turns":5},{"damage":7,"enemies":"2 Thieves","floor":18,"turns":4},{"damage":18,"enemies":"Shell Parasite","floor":19,"turns":5},{"damage":4,"enemies":"Snake Plant","floor":21,"turns":6},{"damage":20,"enemies":"Gremlin Leader","floor":24,"turns":6},{"damage":26,"enemies":"Sentry and Sphere","floor":25,"turns":4},{"damage":28,"enemies":"Slavers","floor":27,"turns":4},{"damage":28,"enemies":"Slaver and Parasite","floor":29,"turns":4},{"damage":5,"enemies":"Snake Plant","floor":30,"turns":5},{"damage":38,"enemies":"Automaton","floor":33,"turns":6}],"relics_obtained":[{"floor":7,"key":"Happy Flower"},{"floor":9,"key":"Potion Belt"},{"floor":24,"key":"Prayer Wheel"},{"floor":27,"key":"Singing Bowl"}],"event_choices":[{"event_name":"Upgrade Shrine","player_choice":"Upgraded","floor":2,"damage_taken":0},{"event_name":"Living Wall","player_choice":"Grow","floor":13,"damage_taken":0},{"event_name":"Beggar","player_choice":"Gave Gold","floor":20,"damage_taken":0},{"event_name":"The Library","player_choice":"Heal","floor":22,"damage_taken":0},{"event_name":"Forgotten Altar","player_choice":"Smashed Altar","floor":31,"damage_taken":0}],"boss_relics":[{"not_picked":["Ectoplasm","Lizard Tail"],"picked":"Cursed Key"}],"potions_floor_spawned":[1,4,7,10,18,21,25,29],"seed_played":"-6071368907717334245","killed_by":"Automaton","ascension_level":0,"potions_obtained":[{"floor":1,"key":"Energy Potion"},{"floor":4,"key":"Strength Potion"},{"floor":7,"key":"Block Potion"},{"floor":10,"key":"SteroidPotion"},{"floor":18,"key":"EssenceOfSteel"}],"is_trial":false}