{"gold_per_floor":[118,131,194,140,140,140,88,88,113,113,130,162,182,198,198,293,293,306,354,365,365,380,380,397,397,446,465,465,380,380,225,225,324,324,340,351,351,362,362,362,379,379,379,260,273,286,286,301,301,301,301,301,0,29,29],"floor_reached":55,"playtime":2379,"items_purged":[],"score":669,"play_id":"cbd89194-79ee-4eef-9c08-082f4c277603","local_time":"20190913192409","is_ascension_mode":false,"campfire_choices":[{"data":"Dualcast","floor":6.0,"key":"SMITH"},{"data":"Zap","floor":8.0,"key":"SMITH"},{"data":"Streamline","floor":15.0,"key":"SMITH"},{"data":"Echo Form","floor":23.0,"key":"SMITH"},{"data":"Go for the Eyes","floor":28.0,"key":"SMITH"},{"floor":30.0,"key":"RECALL"},{"floor":32.0,"key":"REST"},{"data":"Rainbow","floor":40.0,"key":"SMITH"},{"data":"Panacea","floor":42.0,"key":"SMITH"},{"floor":47.0,"key":"REST"},{"floor":49.0,"key":"REST"},{"data":"Blizzard","floor":52.0,"key":"SMITH"}],"neow_cost":"NONE","seed_source_timestamp":100714902779500,"circlet_count":0,"master_deck":["Strike_B","Strike_B","Defend_B+1","Defend_B+1","Defend_B","Zap+1","Dualcast+1","All For One","Gash+1","Gash+1","Streamline+1","Turbo","Gash","Leap","Echo Form+1","Leap+1","White Noise+1","Go for the Eyes+1","Rainbow+1","White Noise+1","Stack+1","BootSequence+1","Gash","Chill","Panacea+1","Defragment","Blizzard+1","Redo+1","Auto Shields","Tempest"],"special_seed":0,"relics":["FrozenCore","War Paint","Mango","Pear","Whetstone","Pen Nib","HandDrill","Astrolabe","Torii","Boot","Shuriken"],"potions_floor_usage":[54],"damage_taken":[{"damage":7.0,"enemies":"Small Slimes","floor":1.0,"turns":3.0},{"damage":1.0,"enemies":"Jaw Worm","floor":2.0,"turns":3.0},{"damage":0.0,"enemies":"Cultist","floor":11.0,"turns":3.0},{"damage":22.0,"enemies":"Lagavulin","floor":12.0,"turns":4.0},{"damage":4.0,"enemies":"Blue Slaver","floor":13.0,"turns":3.0},{"damage":3.0,"enemies":"Exordium Thugs","floor":14.0,"turns":3.0},{"damage":38.0,"enemies":"The Guardian","floor":16.0,"turns":7.0},{"damage":32.0,"enemies":"Chosen","floor":18.0,"turns":5.0},{"damage":10.0,"enemies":"Shell Parasite","floor":20.0,"turns":4.0},{"damage":21.0,"enemies":"Shelled Parasite and Fungi","floor":22.0,"turns":6.0},{"damage":26.0,"enemies":"Sentry and Sphere","floor":24.0,"turns":6.0},{"damage":14.0,"enemies":"Centurion and Healer","floor":27.0,"turns":6.0},{"damage":34.0,"enemies":"Automaton","floor":33.0,"turns":9.0},{"damage":25.0,"enemies":"3 Darklings","floor":35.0,"turns":7.0},{"damage":0.0,"enemies":"3 Shapes","floor":36.0,"turns":2.0},{"damage":21.0,"enemies":"Writhing Mass","floor":38.0,"turns":5.0},{"damage":4.0,"enemies":"Sphere and 2 Shapes","floor":41.0,"turns":6.0},{"damage":0.0,"enemies":"3 Darklings","floor":45.0,"turns":5.0},{"damage":15.0,"enemies":"Spire Growth","floor":46.0,"turns":7.0},{"damage":33.0,"enemies":"4 Shapes","floor":48.0,"turns":5.0},{"damage":41.0,"enemies":"Donu and Deca","floor":50.0,"turns":10.0},{"damage":94,"enemies":"Shield and Spear","floor":54,"turns":11},{"damage":18,"enemies":"The Heart","floor":55,"turns":2}],"seed_played":"-6743607890876126910","potions_obtained":[{"floor":2.0,"key":"Explosive Potion"},{"floor":22.0,"key":"LiquidBronze"},{"floor":24.0,"key":"Block Potion"},{"floor":35.0,"key":"Weak Potion"},{"floor":45.0,"key":"Strength Potion"}],"is_trial":false,"path_per_floor":["M","M","?","$","?","R","$","R","T","?","M","E","M","M","R","B",null,"M","T","M","?","M","R","M","?","T","M","R","?","R","$","R","B",null,"M","M","?","M","?","R","M","R","T","$","M","M","R","M","R","B",null,"R","$","E","B"],"character_chosen":"DEFECT","items_purchased":["Gash","Gash","HandDrill","Defragment","Blizzard","Boot","Auto Shields","Tempest"],"campfire_rested":3,"item_purchase_floors":[4,7,31,44,44,53,53,53],"current_hp_per_floor":[68,67,67,67,67,67,67,67,67,81,81,69,65,62,62,24,99,67,67,57,99,78,78,52,52,52,38,38,38,38,38,67,33,99,74,74,74,53,53,53,49,49,49,49,49,34,63,30,59,18,99,99,99,5,0],"gold":29,"neow_bonus":"ONE_RANDOM_RARE_CARD","is_prod":false,"is_daily":false,"chose_seed":false,"campfire_upgraded":8,"win_rate":0,"timestamp":1568420649,"path_taken":["M","M","?","$","?","R","$","R","T","?","M","E","M","M","R","BOSS","M","?","M","?","M","R","?","?","T","M","R","?","R","$","R","BOSS","M","M","?","M","?","R","?","R","T","?","M","M","R","M","R","BOSS","R","$","E","BOSS"],"build_version":"2019-09-12","purchased_purges":0,"victory":false,"max_hp_per_floor":[75,75,75,75,75,75,75,75,75,89,89,99,99,99,99,99,99,99,99,99,99,99,99,99,99,99,99,99,99,99,99,99,99,99,99,99,99,99,99,99,99,99,99,99,99,99,99,99,99,99,99,99,99,99,99],"card_choices":[{"not_picked":["Conserve Battery","Hologram","Scrape"],"picked":"SKIP","floor":1.0},{"not_picked":["Gash","Self Repair"],"picked":"Darkness","floor":2.0},{"not_picked":["Stack","Reinforced Body"],"picked":"Streamline","floor":11.0},{"not_picked":["Rebound","Double Energy"],"picked":"Turbo","floor":12.0},{"not_picked":["Fission","Stack"],"picked":"Gash","floor":13.0},{"not_picked":["Hologram","Streamline"],"picked":"Leap","floor":14.0},{"not_picked":["Seek","Buffer"],"picked":"Echo Form","floor":16.0},{"not_picked":["Skim","Cold Snap"],"picked":"Leap+1","floor":18.0},{"not_picked":["Stack","Sweeping Beam"],"picked":"White Noise+1","floor":20.0},{"not_picked":["Gash+1","Auto Shields"],"picked":"Go for the Eyes","floor":22.0},{"not_picked":["Consume","Leap+1","Cold Snap"],"picked":"SKIP","floor":24.0},{"not_picked":["Barrage","Cold Snap","Steam Power"],"picked":"SKIP","floor":27.0},{"not_picked":["Biased Cognition","Creative AI"],"picked":"Rainbow","floor":33.0},{"not_picked":["Sweeping Beam","Compile Driver","Steam Power+1"],"picked":"SKIP","floor":35.0},{"not_picked":["Conserve Battery","Redo"],"picked":"Gash","floor":36.0},{"not_picked":["Leap","Genetic Algorithm+1"],"picked":"Chill","floor":38.0},{"not_picked":["Rebound","Cold Snap","Redo"],"picked":"SKIP","floor":41.0},{"not_picked":["Reinforced Body+1","Double Energy"],"picked":"Redo+1","floor":45.0},{"not_picked":["Double Energy","Turbo","Self Repair+1"],"picked":"SKIP","floor":46.0},{"not_picked":["Darkness+1","Barrage+1","Lockon+1"],"picked":"SKIP","floor":48.0},{"not_picked":["Tempest","Streamline","Rainbow"],"picked":"SKIP","floor":54}],"player_experience":1294192,"relics_obtained":[{"floor":9.0,"key":"War Paint"},{"floor":12.0,"key":"Pear"},{"floor":26.0,"key":"Whetstone"},{"floor":43.0,"key":"Torii"},{"floor":54,"key":"Shuriken"}],"event_choices":[{"damage_healed":0.0,"max_hp_gain":0.0,"max_hp_loss":0.0,"gold_gain":63.0,"event_name":"Golden Wing","player_choice":"Gained Gold","floor":3.0,"gold_loss":0.0,"damage_taken":0.0},{"damage_healed":0.0,"max_hp_gain":0.0,"max_hp_loss":0.0,"gold_gain":0.0,"event_name":"The Cleric","player_choice":"Leave","floor":5.0,"gold_loss":0.0,"damage_taken":0.0},{"cards_removed":["Darkness"],"damage_healed":0.0,"max_hp_gain":0.0,"max_hp_loss":0.0,"gold_gain":0.0,"event_name":"WeMeetAgain","player_choice":"Gave Card","floor":10.0,"gold_loss":0.0,"damage_taken":0.0,"relics_obtained":["Mango"]},{"damage_healed":42.0,"max_hp_gain":0.0,"max_hp_loss":0.0,"gold_gain":0.0,"event_name":"Wheel of Change","player_choice":"Full Heal","floor":21.0,"gold_loss":0.0,"damage_taken":0.0},{"damage_healed":0.0,"max_hp_gain":0.0,"max_hp_loss":0.0,"gold_gain":0.0,"event_name":"Ghosts","player_choice":"Ignored","floor":25.0,"gold_loss":0.0,"damage_taken":0.0},{"damage_healed":0.0,"max_hp_gain":0.0,"max_hp_loss":0.0,"gold_gain":0.0,"event_name":"Addict","player_choice":"Obtained Relic","floor":29.0,"gold_loss":85.0,"damage_taken":0.0,"relics_obtained":["Pen Nib"]},{"damage_healed":0.0,"max_hp_gain":0.0,"max_hp_loss":0.0,"gold_gain":0.0,"event_name":"Mysterious Sphere","player_choice":"Ignored","floor":37.0,"gold_loss":0.0,"damage_taken":0.0},{"damage_healed":0.0,"max_hp_gain":0.0,"max_hp_loss":0.0,"gold_gain":0.0,"event_name":"Match and Keep!","player_choice":"1 cards matched","floor":39.0,"gold_loss":0.0,"damage_taken":0.0,"cards_obtained":["Panacea"]}],"is_beta":true,"boss_relics":[{"not_picked":["Pandora\u0027s Box","Fusion Hammer"],"picked":"FrozenCore"},{"not_picked":["Snecko Eye","Coffee Dripper"],"picked":"Astrolabe"}],"items_purged_floors":[],"is_endless":false,"potions_floor_spawned":[2,22,24,35,45],"killed_by":"The Heart","ascension_level":0}