{"path_per_floor":["M","?","M","M","T","E","R","?","T","M","T","M","R","?","R"],"character_chosen":"THE_SILENT","items_purchased":[],"gold_per_floor":[116,116,136,152,152,182,182,182,238,253,279,293,293,293,293,293],"floor_reached":16,"campfire_rested":1,"playtime":427,"item_purchase_floors":[],"current_hp_per_floor":[70,75,75,75,75,69,69,69,69,66,66,56,56,49,71,0],"items_purged":[],"gold":293,"score":100,"play_id":"2c2a4c05-c395-4eee-8d6e-1364f2701ba1","local_time":"20180526214739","is_prod":false,"is_daily":false,"chose_seed":false,"is_ascension_mode":false,"campfire_upgraded":2,"win_rate":0,"timestamp":1527385659,"campfire_choices":[{"data":"Cloak And Dagger","floor":7,"key":"SMITH"},{"data":"Expertise","floor":13,"key":"SMITH"},{"floor":15,"key":"REST"}],"path_taken":["M","?","M","?","?","E","R","?","T","M","?","M","R","?","R","BOSS"],"build_version":"2018-05-25","seed_source_timestamp":334789313940510,"purchased_purges":0,"victory":false,"master_deck":["Defend_G","Defend_G","Defend_G","Defend_G","Defend_G","Strike_G","Strike_G","Strike_G","Strike_G","Survivor","Neutralize","Bane","Cloak And Dagger+1","Quick Slash","Deadly Poison","Grand Finale","Dagger Throw","Expertise+1"],"max_hp_per_floor":[70,75,75,75,75,75,75,75,75,75,75,75,75,75,75,75],"relics":["Ring of the Snake","NeowsBlessing","Dodecahedron","Bag of Marbles","Tiny Chest","Boot"],"card_choices":[{"not_picked":["Deflect","Prepared"],"picked":"Bane","floor":1},{"not_picked":["Well Laid Plans","Distraction"],"picked":"Cloak And Dagger","floor":3},{"not_picked":["Bane","PiercingWail"],"picked":"Quick Slash","floor":4},{"not_picked":["Concentrate","Expertise"],"picked":"Deadly Poison","floor":6},{"not_picked":["Flechettes","Dagger Spray"],"picked":"Dagger Throw","floor":10},{"not_picked":["Outmaneuver","Escape Plan"],"picked":"Expertise","floor":12}],"player_experience":503094,"potions_floor_usage":[6,16],"damage_taken":[{"damage":0,"enemies":"2 Louse","floor":1,"turns":1},{"damage":0,"enemies":"Cultist","floor":3,"turns":1},{"damage":0,"enemies":"Small Slimes","floor":4,"turns":1},{"damage":6,"enemies":"3 Sentries","floor":6,"turns":11},{"damage":3,"enemies":"3 Louse","floor":10,"turns":4},{"damage":10,"enemies":"Exordium Thugs","floor":12,"turns":3},{"damage":72,"enemies":"Hexaghost","floor":16,"turns":9}],"relics_obtained":[{"floor":5,"key":"Dodecahedron"},{"floor":6,"key":"Bag of Marbles"},{"floor":9,"key":"Tiny Chest"},{"floor":11,"key":"Boot"}],"event_choices":[{"event_name":"Big Fish","player_choice":"Donut","floor":2,"damage_taken":0},{"event_name":"Living Wall","player_choice":"Change","floor":8,"damage_taken":0},{"event_name":"Wheel of Change","player_choice":"Damage","floor":14,"damage_taken":0}],"boss_relics":[],"items_purged_floors":[],"potions_floor_spawned":[3,6,10],"seed_played":"-6857487435805697252","killed_by":"Hexaghost","ascension_level":0,"potions_obtained":[{"floor":3,"key":"Swift Potion"},{"floor":6,"key":"AttackPotion"},{"floor":10,"key":"Energy Potion"}],"is_trial":false}