{"gold_per_floor":[161,175,350,350,368,394,414,444,444,459,459,476,476,487,487,487],"floor_reached":16,"playtime":1347,"items_purged":[],"score":113,"play_id":"48ace58c-019c-4aa3-938a-1fc01653b82d","local_time":"20190911182734","is_ascension_mode":false,"campfire_choices":[{"floor":11,"key":"REST"},{"floor":15,"key":"REST"}],"neow_cost":"NONE","seed_source_timestamp":52810859747200,"circlet_count":0,"master_deck":["Strike_B","Strike_B","Strike_B","Strike_B+1","Defend_B","Defend_B","Defend_B+1","Defend_B","Zap","Dualcast","Doom and Gloom","Coolheaded","Streamline","Coolheaded","Coolheaded+1","Loop","Seek","Capacitor","Storm","Ball Lightning","Amplify","Rebound"],"relics":["Tiny House","Spirit Poop","Dream Catcher","War Paint","Strawberry","Blood Vial"],"potions_floor_usage":[8,8,8],"damage_taken":[{"damage":8,"enemies":"Small Slimes","floor":1,"turns":3},{"damage":0,"enemies":"2 Louse","floor":2,"turns":3},{"damage":0,"enemies":"Cultist","floor":5,"turns":3},{"damage":27,"enemies":"3 Sentries","floor":6,"turns":6},{"damage":19,"enemies":"Exordium Thugs","floor":7,"turns":6},{"damage":18,"enemies":"Gremlin Nob","floor":8,"turns":4},{"damage":0,"enemies":"Blue Slaver","floor":10,"turns":6},{"damage":2,"enemies":"Large Slime","floor":12,"turns":8},{"damage":21,"enemies":"Red Slaver","floor":14,"turns":5},{"damage":50,"enemies":"Hexaghost","floor":16,"turns":9}],"seed_played":"-5201008487899170076","potions_obtained":[{"floor":0,"key":"SneckoOil"},{"floor":6,"key":"Weak Potion"},{"floor":7,"key":"FearPotion"},{"floor":8,"key":"Block Potion"},{"floor":14,"key":"FearPotion"}],"is_trial":false,"path_per_floor":["M","M","?","?","M","E","M","E","T","M","R","M","T","M","R","B"],"character_chosen":"DEFECT","items_purchased":[],"campfire_rested":2,"item_purchase_floors":[],"current_hp_per_floor":[72,72,72,72,72,45,26,8,15,15,41,39,39,20,46,0],"gold":487,"neow_bonus":"BOSS_RELIC","is_prod":false,"is_daily":false,"chose_seed":false,"campfire_upgraded":0,"win_rate":0.0,"timestamp":1568219254,"path_taken":["M","M","?","?","M","E","?","E","T","M","R","M","?","M","R","BOSS"],"build_version":"2019-07-17","purchased_purges":0,"victory":false,"max_hp_per_floor":[80,80,80,80,80,80,80,80,87,87,87,87,87,87,87,87],"card_choices":[{"not_picked":["Go for the Eyes","Steam"],"picked":"Doom and Gloom","floor":0},{"not_picked":["Beam Cell","Streamline"],"picked":"Coolheaded","floor":1},{"not_picked":["Gash","Redo"],"picked":"Streamline","floor":2},{"not_picked":["Reinforced Body","Go for the Eyes"],"picked":"Coolheaded","floor":5},{"not_picked":["Chaos","Beam Cell"],"picked":"Coolheaded","floor":6},{"not_picked":["Streamline","Steam"],"picked":"Loop","floor":7},{"not_picked":["Force Field","Doom and Gloom"],"picked":"Seek","floor":8},{"not_picked":["Conserve Battery","Ball Lightning"],"picked":"Capacitor","floor":10},{"not_picked":["Conserve Battery","Gash"],"picked":"Storm","floor":11},{"not_picked":["Beam Cell","Go for the Eyes"],"picked":"Ball Lightning","floor":12},{"not_picked":["Steam","Self Repair"],"picked":"Amplify","floor":14},{"not_picked":["Sweeping Beam","Gash"],"picked":"Rebound","floor":15}],"player_experience":7658,"relics_obtained":[{"floor":6,"key":"Dream Catcher"},{"floor":8,"key":"War Paint"},{"floor":9,"key":"Strawberry"},{"floor":13,"key":"Blood Vial"}],"event_choices":[{"damage_healed":0,"gold_gain":175,"player_choice":"AGREE","damage_taken":0,"max_hp_gain":0,"max_hp_loss":0,"event_name":"Liars Game","floor":3,"gold_loss":0,"cards_obtained":["Doubt"]},{"cards_removed":["Doubt"],"damage_healed":0,"gold_gain":0,"player_choice":"Offered Curse","damage_taken":0,"relics_obtained":["Spirit Poop"],"max_hp_gain":0,"max_hp_loss":0,"event_name":"Bonfire Elementals","floor":4,"gold_loss":0}],"is_beta":false,"boss_relics":[],"items_purged_floors":[],"is_endless":false,"potions_floor_spawned":[6,7,8,14],"killed_by":"Hexaghost","ascension_level":0}