{"gold_per_floor":[113,31,31,31,31,72,92,133,133,147,113,113,126,50,50,179,179,202,220,220,220,244,287,320,341,392,392,392,392,392],"floor_reached":30,"playtime":1329,"items_purged":[],"score":281,"play_id":"0e1db8e1-7a15-4a22-93ce-fe212e8647ba","local_time":"20190913015805","is_ascension_mode":false,"campfire_choices":[{"data":"Defragment","floor":12,"key":"SMITH"},{"floor":15,"key":"REST"},{"floor":28,"key":"REST"}],"neow_cost":"NONE","seed_source_timestamp":129916417232100,"circlet_count":0,"master_deck":["Strike_B","Strike_B","Strike_B","Defend_B","Defend_B","Zap","Dualcast","Chaos","Defragment","Defragment+1","Self Repair","Buffer","Redo+1","Ball Lightning+1","Barrage+1"],"relics":["FrozenCore","NeowsBlessing","Golden Idol","Turnip","Emotion Chip","Molten Egg 2","Calipers","Red Mask","Happy Flower"],"potions_floor_usage":[13,16,16,16,22,23],"damage_taken":[{"damage":0,"enemies":"Cultist","floor":1,"turns":1},{"damage":0,"enemies":"Lagavulin","floor":6,"turns":1},{"damage":0,"enemies":"Small Slimes","floor":7,"turns":1},{"damage":28,"enemies":"3 Sentries","floor":8,"turns":9},{"damage":1,"enemies":"Jaw Worm","floor":10,"turns":3},{"damage":9,"enemies":"Blue Slaver","floor":13,"turns":3},{"damage":18,"enemies":"The Guardian","floor":16,"turns":13},{"damage":18,"enemies":"3 Byrds","floor":18,"turns":8},{"damage":2,"enemies":"Spheric Guardian","floor":19,"turns":5},{"damage":13,"enemies":"Snake Plant","floor":22,"turns":5},{"damage":19,"enemies":"Book of Stabbing","floor":23,"turns":8},{"damage":36,"enemies":"Masked Bandits","floor":24,"turns":4},{"damage":15,"enemies":"Shelled Parasite and Fungi","floor":25,"turns":8},{"damage":42,"enemies":"Slavers","floor":30,"turns":3}],"seed_played":"4111733247747257563","potions_obtained":[{"floor":6,"key":"Energy Potion"},{"floor":8,"key":"SmokeBomb"},{"floor":10,"key":"EntropicBrew"},{"floor":13,"key":"Block Potion"},{"floor":18,"key":"Weak Potion"},{"floor":23,"key":"FearPotion"}],"is_trial":false,"path_per_floor":["M","$","?","$","?","E","M","E","T","M","?","R","M","$","R","B",null,"M","M","?","?","M","E","?","M","T","?","R","?","E"],"character_chosen":"DEFECT","items_purchased":["Defragment","Self Repair"],"campfire_rested":2,"item_purchase_floors":[2,14],"current_hp_per_floor":[75,75,68,68,50,50,50,22,22,21,21,21,12,12,34,23,75,64,69,69,69,63,51,22,14,14,14,36,36,0],"gold":392,"neow_bonus":"THREE_ENEMY_KILL","is_prod":false,"is_daily":false,"chose_seed":false,"campfire_upgraded":1,"win_rate":0,"timestamp":1568354285,"path_taken":["M","$","?","$","?","E","M","E","T","M","?","R","M","$","R","BOSS","M","M","?","?","?","E","?","M","T","?","R","?","E"],"build_version":"2019-09-11v2","purchased_purges":0,"victory":false,"max_hp_per_floor":[75,75,75,75,75,75,75,75,75,75,75,75,75,75,75,75,75,75,75,75,75,75,75,75,75,75,75,75,75,75],"card_choices":[{"not_picked":["Beam Cell","Chill"],"picked":"Chaos","floor":1},{"not_picked":["Hologram","Streamline","Loop"],"picked":"SKIP","floor":6},{"not_picked":["Reprogram","Fusion","Blizzard"],"picked":"SKIP","floor":7},{"not_picked":["Melter","Hyperbeam"],"picked":"Defragment","floor":8},{"not_picked":["Redo","Compile Driver+1","Barrage+1"],"picked":"SKIP","floor":10},{"not_picked":["Scrape+1","Reinforced Body","Blizzard+1"],"picked":"SKIP","floor":13},{"not_picked":["Biased Cognition","Reboot"],"picked":"Buffer","floor":16},{"not_picked":["Auto Shields","Conserve Battery"],"picked":"Redo+1","floor":18},{"not_picked":["Compile Driver+1","Genetic Algorithm","Coolheaded"],"picked":"SKIP","floor":19},{"not_picked":["Go for the Eyes+1","Sunder+1","Cold Snap+1"],"picked":"SKIP","floor":22},{"not_picked":["Rip and Tear+1","Sweeping Beam+1"],"picked":"Ball Lightning+1","floor":23},{"not_picked":["Undo","Steam"],"picked":"Barrage+1","floor":25}],"player_experience":1011802,"relics_obtained":[{"floor":6,"key":"Turnip"},{"floor":8,"key":"Emotion Chip"},{"floor":9,"key":"Molten Egg 2"},{"floor":23,"key":"Calipers"},{"floor":24,"key":"Red Mask"},{"floor":26,"key":"Happy Flower"}],"event_choices":[{"cards_removed":["Strike_B"],"damage_healed":0,"gold_gain":0,"player_choice":"Card Removal","damage_taken":7,"max_hp_gain":0,"max_hp_loss":0,"event_name":"Golden Wing","floor":3,"gold_loss":0},{"damage_healed":0,"gold_gain":0,"player_choice":"Take Damage","damage_taken":18,"relics_obtained":["Golden Idol"],"max_hp_gain":0,"max_hp_loss":0,"event_name":"Golden Idol","floor":5,"gold_loss":0},{"damage_healed":0,"gold_gain":0,"player_choice":"Left Gold","damage_taken":0,"max_hp_gain":0,"max_hp_loss":0,"event_name":"World of Goop","floor":11,"gold_loss":34},{"damage_healed":0,"gold_gain":0,"player_choice":"Ignored","damage_taken":0,"max_hp_gain":0,"max_hp_loss":0,"event_name":"The Mausoleum","floor":20,"gold_loss":0},{"cards_removed":["Defend_B"],"damage_healed":0,"gold_gain":0,"player_choice":"Elegance","damage_taken":0,"max_hp_gain":0,"max_hp_loss":0,"event_name":"Back to Basics","floor":21,"gold_loss":0},{"damage_healed":0,"gold_gain":0,"player_choice":"Fought Bandits","damage_taken":0,"max_hp_gain":0,"max_hp_loss":0,"event_name":"Masked Bandits","floor":24,"gold_loss":0},{"damage_healed":0,"gold_gain":0,"player_choice":"Ignored","damage_taken":0,"max_hp_gain":0,"max_hp_loss":0,"event_name":"Ghosts","floor":27,"gold_loss":0},{"cards_removed":["Defend_B"],"damage_healed":0,"gold_gain":0,"player_choice":"Card Removal","damage_taken":0,"max_hp_gain":0,"max_hp_loss":0,"event_name":"Wheel of Change","floor":29,"gold_loss":0}],"is_beta":true,"boss_relics":[{"not_picked":["Fusion Hammer","Tiny House"],"picked":"FrozenCore"}],"items_purged_floors":[],"is_endless":false,"potions_floor_spawned":[6,8,10,13,18,19,23],"killed_by":"Slavers","ascension_level":0}