{"gold_per_floor":[109,109,125,192,192,192,222,222,248,264,264,283,303,320,320,424,424,441,453,453,453,466,466,20,20,96,116,132,132,144,144,144,246,246,260,260,273,286,286,321,338,338,365,382,392,392,392,408,408,408],"floor_reached":50,"playtime":1189,"items_purged":[],"score":553,"play_id":"f99e3727-c5c9-40ba-92fa-a223bf3d7e9f","local_time":"20190912025254","is_ascension_mode":false,"campfire_choices":[{"data":"Flex","floor":6,"key":"SMITH"},{"data":"Cleave","floor":8,"key":"SMITH"},{"data":"Flex","floor":11,"key":"SMITH"},{"data":"Infernal Blade","floor":15,"key":"SMITH"},{"floor":23,"key":"REST"},{"data":"Demon Form","floor":25,"key":"SMITH"},{"data":"Limit Break","floor":29,"key":"SMITH"},{"floor":32,"key":"REST"},{"floor":42,"key":"REST"},{"floor":47,"key":"REST"},{"data":"Limit Break","floor":49,"key":"SMITH"}],"neow_cost":"NONE","seed_source_timestamp":2240734713480800,"circlet_count":0,"master_deck":["Strike_R","Strike_R","Defend_R","Defend_R","Defend_R","Defend_R","Bash","Flex+1","Clash","Regret","Cleave+1","Flex+1","Infernal Blade+1","Demon Form+1","Thunderclap","Limit Break+1","Pommel Strike","Purity","Good Instincts","Forethought","Cleave+1","Limit Break+1","Blood for Blood+1","Bludgeon+1","Carnage+1","Inflame","Madness","Madness"],"relics":["Burning Blood","NeowsBlessing","Regal Pillow","Bag of Marbles","Orichalcum","Busted Crown","Mango","Mercury Hourglass","Brimstone","Singing Bowl","Astrolabe","Dodecahedron","Boot","Pen Nib"],"potions_floor_usage":[14,16,16,16,33,33,38,40,40,45,50],"damage_taken":[{"damage":0,"enemies":"Small Slimes","floor":1,"turns":1},{"damage":0,"enemies":"Jaw Worm","floor":3,"turns":1},{"damage":0,"enemies":"Lagavulin","floor":7,"turns":1},{"damage":1,"enemies":"2 Louse","floor":10,"turns":2},{"damage":12,"enemies":"Large Slime","floor":12,"turns":4},{"damage":10,"enemies":"Red Slaver","floor":13,"turns":2},{"damage":0,"enemies":"Looter","floor":14,"turns":1},{"damage":47,"enemies":"The Guardian","floor":16,"turns":7},{"damage":20,"enemies":"2 Thieves","floor":18,"turns":3},{"damage":9,"enemies":"Spheric Guardian","floor":19,"turns":4},{"damage":14,"enemies":"Snake Plant","floor":22,"turns":4},{"damage":10,"enemies":"3 Cultists","floor":27,"turns":3},{"damage":8,"enemies":"Shelled Parasite and Fungi","floor":28,"turns":2},{"damage":6,"enemies":"Chosen and Byrds","floor":30,"turns":2},{"damage":34,"enemies":"Automaton","floor":33,"turns":5},{"damage":6,"enemies":"3 Darklings","floor":35,"turns":3},{"damage":14,"enemies":"Orb Walker","floor":37,"turns":3},{"damage":0,"enemies":"Transient","floor":38,"turns":5},{"damage":16,"enemies":"Nemesis","floor":40,"turns":3},{"damage":11,"enemies":"Writhing Mass","floor":41,"turns":2},{"damage":19,"enemies":"Spire Growth","floor":44,"turns":3},{"damage":17,"enemies":"Jaw Worm Horde","floor":45,"turns":3},{"damage":12,"enemies":"Sphere and 2 Shapes","floor":48,"turns":3},{"damage":132,"enemies":"Awakened One","floor":50,"turns":4}],"seed_played":"-8543116003293274327","potions_obtained":[{"floor":7,"key":"Strength Potion"},{"floor":12,"key":"SpeedPotion"},{"floor":13,"key":"Explosive Potion"},{"floor":14,"key":"LiquidBronze"},{"floor":28,"key":"LiquidBronze"},{"floor":30,"key":"EssenceOfSteel"},{"floor":33,"key":"Weak Potion"},{"floor":37,"key":"AttackPotion"},{"floor":38,"key":"Block Potion"},{"floor":40,"key":"AttackPotion"},{"floor":44,"key":"LiquidBronze"}],"is_trial":false,"path_per_floor":["M","$","M","?","?","R","E","R","T","M","R","M","M","M","R","B",null,"M","M","?","?","M","R","$","R","T","M","M","R","M","?","R","B",null,"M","$","M","M","?","E","M","R","T","M","M","?","R","M","R","B"],"character_chosen":"IRONCLAD","items_purchased":["Mercury Hourglass","Brimstone"],"campfire_rested":4,"item_purchase_floors":[24,24],"current_hp_per_floor":[80,80,80,80,80,80,80,80,80,80,80,74,70,76,76,35,80,66,63,77,41,33,76,76,76,76,72,72,72,74,54,99,71,103,103,103,97,105,105,97,94,111,111,100,91,77,115,111,111,0],"gold":408,"neow_bonus":"THREE_ENEMY_KILL","is_prod":false,"is_daily":false,"chose_seed":false,"campfire_upgraded":7,"win_rate":0,"timestamp":1568271174,"path_taken":["M","$","M","?","?","R","E","R","T","M","R","M","M","M","R","BOSS","M","M","?","?","?","R","$","R","T","M","M","R","M","?","R","BOSS","M","$","M","M","?","E","M","R","T","M","?","?","R","M","R","BOSS"],"build_version":"2019-07-17","purchased_purges":0,"victory":false,"max_hp_per_floor":[80,80,80,80,80,80,80,80,80,80,80,80,80,80,80,80,80,80,80,94,94,94,94,94,94,94,94,96,96,98,103,103,103,103,103,103,105,107,107,109,111,111,111,113,115,115,115,117,117,117],"card_choices":[{"not_picked":["Clash","Power Through"],"picked":"Flex","floor":1},{"not_picked":["Thunderclap","Battle Trance"],"picked":"Clash","floor":3},{"not_picked":["Sword Boomerang","Warcry"],"picked":"Cleave","floor":7},{"not_picked":["Armaments","Second Wind"],"picked":"Flex","floor":10},{"not_picked":["Clash","True Grit"],"picked":"Infernal Blade","floor":12},{"not_picked":["Iron Wave","Searing Blow"],"picked":"Demon Form","floor":13},{"not_picked":["Sword Boomerang","Heavy Blade"],"picked":"Thunderclap","floor":14},{"not_picked":["Reaper","Exhume"],"picked":"Limit Break","floor":16},{"not_picked":[],"picked":"Clothesline","floor":18},{"not_picked":[],"picked":"Pommel Strike","floor":19},{"not_picked":["Flame Barrier"],"picked":"SKIP","floor":22},{"not_picked":[],"picked":"Cleave+1","floor":27},{"not_picked":["Warcry+1"],"picked":"Singing Bowl","floor":28},{"not_picked":["Power Through+1"],"picked":"Singing Bowl","floor":30},{"not_picked":[],"picked":"Limit Break","floor":33},{"not_picked":[],"picked":"Inflame","floor":35},{"not_picked":["Sword Boomerang"],"picked":"Singing Bowl","floor":37},{"not_picked":["Shockwave+1"],"picked":"Singing Bowl","floor":38},{"not_picked":["Shockwave"],"picked":"Singing Bowl","floor":40},{"not_picked":["Armaments"],"picked":"Singing Bowl","floor":41},{"not_picked":["Combust+1"],"picked":"Singing Bowl","floor":44},{"not_picked":["Shrug It Off+1"],"picked":"Singing Bowl","floor":45},{"not_picked":["Feel No Pain"],"picked":"Singing Bowl","floor":48}],"player_experience":379291,"relics_obtained":[{"floor":7,"key":"Bag of Marbles"},{"floor":9,"key":"Orichalcum"},{"floor":26,"key":"Singing Bowl"},{"floor":40,"key":"Boot"},{"floor":43,"key":"Pen Nib"}],"event_choices":[{"damage_healed":0,"gold_gain":67,"player_choice":"Gained Gold","damage_taken":0,"max_hp_gain":0,"max_hp_loss":0,"event_name":"Golden Wing","floor":4,"gold_loss":0},{"damage_healed":0,"gold_gain":0,"player_choice":"Box","damage_taken":0,"relics_obtained":["Regal Pillow"],"max_hp_gain":0,"max_hp_loss":0,"event_name":"Big Fish","floor":5,"gold_loss":0,"cards_obtained":["Regret"]},{"damage_healed":0,"gold_gain":0,"player_choice":"Opened","damage_taken":0,"relics_obtained":["Mango"],"max_hp_gain":0,"max_hp_loss":0,"event_name":"The Mausoleum","floor":20,"gold_loss":0},{"damage_healed":0,"gold_gain":0,"player_choice":"CARD CARD CARD ","damage_taken":36,"max_hp_gain":0,"max_hp_loss":0,"event_name":"Knowing Skull","floor":21,"potions_obtained":[],"gold_loss":0,"cards_obtained":["Purity","Good Instincts","Forethought"]},{"damage_healed":0,"gold_gain":0,"player_choice":"Shed Blood","damage_taken":25,"max_hp_gain":5,"max_hp_loss":0,"event_name":"Forgotten Altar","floor":31,"gold_loss":0},{"cards_removed":["Clothesline"],"damage_healed":0,"gold_gain":0,"player_choice":"Gave Card","damage_taken":0,"relics_obtained":["Dodecahedron"],"max_hp_gain":0,"max_hp_loss":0,"event_name":"WeMeetAgain","floor":39,"gold_loss":0},{"damage_healed":0,"gold_gain":0,"player_choice":"Embrace Madness","damage_taken":14,"max_hp_gain":0,"max_hp_loss":0,"event_name":"Winding Halls","floor":46,"gold_loss":0,"cards_obtained":["Madness","Madness"]}],"is_beta":false,"boss_relics":[{"not_picked":["Runic Pyramid","Runic Cube"],"picked":"Busted Crown"},{"not_picked":["Fusion Hammer","Cursed Key"],"picked":"Astrolabe"}],"items_purged_floors":[],"is_endless":false,"potions_floor_spawned":[7,12,13,14,28,30,33,37,38,40,44],"killed_by":"Awakened One","ascension_level":0}