{"gold_per_floor":[110,128,143,143,162,162,162,162,240,278,191,205,205,205,205,301,301,317,317],"floor_reached":19,"playtime":6744,"items_purged":[],"score":326,"play_id":"2dbd829b-249b-4d1b-93d5-564ff42fda3f","local_time":"20190917212015","is_ascension_mode":true,"campfire_choices":[{"data":"Cloak And Dagger","floor":6.0,"key":"SMITH"},{"data":"Terror","floor":8.0,"key":"SMITH"},{"floor":15.0,"key":"REST"}],"neow_cost":"NONE","seed_source_timestamp":280424972598400,"circlet_count":0,"master_deck":["AscendersBane","Strike_G","Strike_G","Strike_G","Strike_G","Strike_G","Defend_G","Defend_G","Defend_G","Defend_G","Defend_G","Survivor","Neutralize+1","Deflect","Cloak And Dagger+1","Quick Slash","Terror+1","Blade Dance","Infinite Blades","Cloak And Dagger","Malaise","CurseOfTheBell","Leg Sweep"],"special_seed":0,"relics":["Ring of the Snake","Golden Idol","HornCleat","Pen Nib","White Beast Statue","Ornamental Fan","Calling Bell","Dream Catcher","Pear","The Specimen"],"potions_floor_usage":[19,19],"damage_taken":[{"damage":8.0,"enemies":"Jaw Worm","floor":1.0,"turns":6.0},{"damage":0.0,"enemies":"Small Slimes","floor":2.0,"turns":3.0},{"damage":0.0,"enemies":"2 Louse","floor":3.0,"turns":5.0},{"damage":0.0,"enemies":"Looter","floor":5.0,"turns":4.0},{"damage":18.0,"enemies":"Lagavulin","floor":10.0,"turns":7.0},{"damage":0.0,"enemies":"Exordium Thugs","floor":12.0,"turns":4.0},{"damage":23.0,"enemies":"Slime Boss","floor":16.0,"turns":6.0},{"damage":13.0,"enemies":"3 Byrds","floor":18.0,"turns":8.0},{"damage":52,"enemies":"Masked Bandits","floor":19,"turns":5}],"seed_played":"-1515166396578197912","potions_obtained":[{"floor":1.0,"key":"LiquidBronze"},{"floor":3.0,"key":"Strength Potion"},{"floor":16.0,"key":"DuplicationPotion"},{"floor":18.0,"key":"Block Potion"}],"is_trial":false,"path_per_floor":["M","M","M","?","M","R","?","R","T","E","$","M","T","?","R","B",null,"M","?"],"character_chosen":"THE_SILENT","items_purchased":["Infinite Blades"],"campfire_rested":1,"item_purchase_floors":[11],"current_hp_per_floor":[51,51,51,28,28,28,50,50,50,32,32,32,32,21,40,17,64,51,0],"gold":317,"neow_bonus":"UPGRADE_CARD","is_prod":false,"is_daily":false,"chose_seed":false,"campfire_upgraded":2,"win_rate":0,"timestamp":1568773215,"path_taken":["M","M","M","?","M","R","?","R","T","E","$","M","?","?","R","BOSS","M","?"],"build_version":"2019-09-17","purchased_purges":0,"victory":false,"max_hp_per_floor":[66,66,66,66,66,66,66,66,66,66,66,66,66,66,66,66,76,76,76],"card_choices":[{"not_picked":["Sucker Punch","Masterful Stab"],"picked":"Deflect","floor":1.0},{"not_picked":["Backflip","Dagger Spray"],"picked":"Cloak And Dagger","floor":2.0},{"not_picked":["Acrobatics","Dodge and Roll"],"picked":"Quick Slash","floor":3.0},{"not_picked":["Corpse Explosion","Backflip"],"picked":"Terror","floor":5.0},{"not_picked":["Expertise","Catalyst"],"picked":"Blade Dance","floor":10.0},{"not_picked":["Distraction","All Out Attack"],"picked":"Cloak And Dagger","floor":12.0},{"not_picked":["Night Terror","Wraith Form v2"],"picked":"Malaise","floor":16.0},{"not_picked":["Escape Plan","Flechettes"],"picked":"Leg Sweep","floor":18.0}],"player_experience":1370355,"relics_obtained":[{"floor":9.0,"key":"HornCleat"},{"floor":10.0,"key":"Pen Nib"},{"floor":13.0,"key":"White Beast Statue"},{"floor":17.0,"key":"Dream Catcher"},{"floor":17.0,"key":"Pear"},{"floor":17.0,"key":"The Specimen"}],"event_choices":[{"damage_healed":0.0,"max_hp_gain":0.0,"max_hp_loss":0.0,"gold_gain":0.0,"event_name":"Golden Idol","player_choice":"Take Damage","floor":4.0,"gold_loss":0.0,"damage_taken":23.0,"relics_obtained":["Golden Idol"]},{"damage_healed":22.0,"max_hp_gain":0.0,"max_hp_loss":0.0,"gold_gain":0.0,"event_name":"Big Fish","player_choice":"Banana","floor":7.0,"gold_loss":0.0,"damage_taken":0.0},{"damage_healed":0.0,"max_hp_gain":0.0,"max_hp_loss":0.0,"gold_gain":0.0,"event_name":"Scrap Ooze","player_choice":"Success","floor":14.0,"gold_loss":0.0,"damage_taken":11.0,"relics_obtained":["Ornamental Fan"]},{"damage_healed":0,"gold_gain":0,"player_choice":"Fought Bandits","damage_taken":0,"max_hp_gain":0,"max_hp_loss":0,"event_name":"Masked Bandits","floor":19,"gold_loss":0}],"is_beta":true,"boss_relics":[{"not_picked":["Empty Cage","Busted Crown"],"picked":"Calling Bell"}],"items_purged_floors":[],"is_endless":false,"potions_floor_spawned":[1,3,12,16,18],"killed_by":"Masked Bandits","ascension_level":19}