{"gold_per_floor":[118,128,142,157,6,6,40,52,64,110,132,174,200,240,252,360,372,395,427,5,16,30,65,65,81,81,97,97,129,129,142,142,239,239,258,273,26,42,55,82,82,82,108,123,123,123,136,136,136,136],"floor_reached":51,"playtime":4412,"items_purged":[],"score":883,"play_id":"ed652b1d-d067-4090-af1a-b6a47536b078","local_time":"20190911191611","is_ascension_mode":true,"campfire_choices":[{"data":"Infernal Blade","floor":6,"key":"SMITH"},{"data":"Infernal Blade","floor":8,"key":"SMITH"},{"floor":15,"key":"REST"},{"floor":24,"key":"REST"},{"floor":28,"key":"REST"},{"floor":30,"key":"REST"},{"data":"Fiend Fire","floor":32,"key":"SMITH"},{"floor":41,"key":"REST"},{"floor":49,"key":"REST"}],"neow_cost":"PERCENT_DAMAGE","seed_source_timestamp":2210088801229400,"circlet_count":0,"master_deck":["Bash","Clothesline","Infernal Blade+1","Shockwave","Infernal Blade+1","Thunderclap","Iron Wave","Clash","Impervious+1","Cleave","Shockwave+1","Fiend Fire+1","Clash","Madness+1","Intimidate+1","Shockwave+1","Disarm+1","Flex+1","Flame Barrier+1","Cleave","Armaments+1","Spot Weakness+1","Impervious+1","Pommel Strike","Impervious+1","Impervious+1","Clash","Sever Soul","Limit Break+1","Second Wind+1","Thunderclap","Armaments+1","Sever Soul+1","Spot Weakness+1","Anger","Sentinel+1","Infernal Blade+1","Madness+1","Madness+1","Transmutation+1","Madness+1","Body Slam+1","Feel No Pain+1"],"relics":["Burning Blood","Torii","Lantern","MawBank","Red Skull","Toxic Egg 2","Bag of Marbles","Charon\u0027s Ashes","Sozu","Strange Spoon","Pen Nib","Dream Catcher","Bronze Scales","Art of War","Pandora\u0027s Box","Self Forming Clay","Blood Vial","Strawberry","Gremlin Horn"],"potions_floor_usage":[10,31,33,44],"damage_taken":[{"damage":2,"enemies":"Cultist","floor":1,"turns":5},{"damage":2,"enemies":"2 Louse","floor":2,"turns":3},{"damage":2,"enemies":"Small Slimes","floor":3,"turns":4},{"damage":7,"enemies":"Looter","floor":4,"turns":3},{"damage":25,"enemies":"Lagavulin","floor":7,"turns":5},{"damage":12,"enemies":"Gremlin Nob","floor":10,"turns":3},{"damage":0,"enemies":"Exordium Thugs","floor":11,"turns":2},{"damage":15,"enemies":"Lagavulin","floor":12,"turns":4},{"damage":1,"enemies":"Exordium Wildlife","floor":13,"turns":2},{"damage":24,"enemies":"3 Sentries","floor":14,"turns":4},{"damage":24,"enemies":"The Guardian","floor":16,"turns":11},{"damage":14,"enemies":"2 Thieves","floor":18,"turns":2},{"damage":12,"enemies":"Shell Parasite","floor":19,"turns":3},{"damage":22,"enemies":"Centurion and Healer","floor":21,"turns":5},{"damage":1,"enemies":"Cultist and Chosen","floor":22,"turns":4},{"damage":24,"enemies":"Book of Stabbing","floor":23,"turns":5},{"damage":8,"enemies":"Shelled Parasite and Fungi","floor":25,"turns":3},{"damage":12,"enemies":"Chosen and Byrds","floor":27,"turns":3},{"damage":27,"enemies":"Slavers","floor":29,"turns":5},{"damage":3,"enemies":"Snake Plant","floor":31,"turns":3},{"damage":57,"enemies":"Champ","floor":33,"turns":7},{"damage":0,"enemies":"3 Darklings","floor":35,"turns":3},{"damage":0,"enemies":"3 Shapes","floor":36,"turns":3},{"damage":21,"enemies":"Maw","floor":38,"turns":7},{"damage":28,"enemies":"3 Darklings","floor":39,"turns":2},{"damage":25,"enemies":"Reptomancer","floor":40,"turns":6},{"damage":38,"enemies":"Spire Growth","floor":44,"turns":6},{"damage":0,"enemies":"4 Shapes","floor":47,"turns":2},{"damage":40,"enemies":"Donu and Deca","floor":50,"turns":7}],"seed_played":"2927772199195334656","potions_obtained":[{"floor":2,"key":"Fire Potion"},{"floor":4,"key":"Ancient Potion"},{"floor":12,"key":"BloodPotion"},{"floor":14,"key":"Ancient Potion"}],"is_trial":false,"path_per_floor":["M","M","M","M","$","R","E","R","T","E","M","E","M","E","R","B",null,"M","M","$","M","M","E","R","M","T","M","R","E","R","M","R","B",null,"M","M","$","M","M","E","R","?","T","M","?","?","M","T","R","B",null],"character_chosen":"IRONCLAD","items_purchased":["Lantern","Strange Spoon","Pen Nib","Madness+1","Self Forming Clay"],"campfire_rested":6,"item_purchase_floors":[5,20,20,20,37],"current_hp_per_floor":[60,64,68,67,67,67,48,48,48,42,48,39,44,26,50,32,80,72,66,66,50,55,37,61,59,59,53,77,56,80,80,80,29,80,80,80,80,65,43,24,48,38,45,36,36,31,39,39,65,33],"gold":136,"neow_bonus":"ONE_RARE_RELIC","is_prod":false,"is_daily":false,"chose_seed":false,"campfire_upgraded":3,"win_rate":0,"timestamp":1568243771,"path_taken":["M","M","M","?","$","R","E","R","T","E","M","E","M","E","R","BOSS","M","M","$","M","M","E","R","?","T","M","R","E","R","M","R","BOSS","M","?","$","M","M","E","R","?","T","M","?","?","M","?","R","BOSS"],"build_version":"2019-07-17","purchased_purges":0,"victory":true,"max_hp_per_floor":[80,80,80,80,80,80,80,80,80,80,80,80,80,80,80,80,80,80,80,80,80,80,80,80,80,80,80,80,80,80,80,80,80,80,80,80,80,80,80,80,80,80,87,87,87,87,87,87,87,87],"card_choices":[{"not_picked":["Havoc","Shrug It Off"],"picked":"Clothesline","floor":1},{"not_picked":["Disarm","Intimidate"],"picked":"Infernal Blade","floor":2},{"not_picked":["Entrench","Wild Strike"],"picked":"Shockwave","floor":3},{"not_picked":["Power Through","Thunderclap"],"picked":"Infernal Blade","floor":4},{"not_picked":["Perfected Strike","Hemokinesis"],"picked":"Thunderclap","floor":7},{"not_picked":["Body Slam","Havoc"],"picked":"Iron Wave","floor":10},{"not_picked":["Iron Wave","Twin Strike"],"picked":"Clash","floor":11},{"not_picked":["Anger","Clothesline"],"picked":"Impervious+1","floor":12},{"not_picked":["Rampage","Sword Boomerang"],"picked":"Cleave","floor":13},{"not_picked":["Searing Blow","Combust"],"picked":"Shockwave+1","floor":14},{"not_picked":["Demon Form","Immolate"],"picked":"Fiend Fire","floor":16},{"not_picked":["Flame Barrier+1","Shrug It Off+1"],"picked":"Clash","floor":18},{"not_picked":["Wild Strike","Pummel","Uppercut"],"picked":"SKIP","floor":19},{"not_picked":["Twin Strike","Sever Soul","Dropkick"],"picked":"SKIP","floor":21},{"not_picked":["True Grit+1","Corruption"],"picked":"Intimidate+1","floor":22},{"not_picked":["Combust","Sever Soul"],"picked":"Shockwave+1","floor":23},{"not_picked":["Twin Strike","Hemokinesis"],"picked":"Disarm+1","floor":24},{"not_picked":["Headbutt","Clothesline+1"],"picked":"Flex+1","floor":25},{"not_picked":["Cleave","Combust+1"],"picked":"Flame Barrier+1","floor":27},{"not_picked":["Fire Breathing","Searing Blow"],"picked":"Cleave","floor":29},{"not_picked":["Rampage","Body Slam"],"picked":"Armaments+1","floor":30},{"not_picked":["Wild Strike","Headbutt+1"],"picked":"Spot Weakness+1","floor":31},{"not_picked":["Bludgeon","Demon Form"],"picked":"Impervious+1","floor":33},{"not_picked":["Uppercut","Second Wind+1"],"picked":"Sever Soul+1","floor":35},{"not_picked":["Seeing Red+1","Heavy Blade","Sword Boomerang"],"picked":"SKIP","floor":36},{"not_picked":["Searing Blow+1","Clothesline+1"],"picked":"Spot Weakness+1","floor":38},{"not_picked":["Headbutt","Wild Strike"],"picked":"Anger","floor":39},{"not_picked":["Seeing Red+1","Barricade"],"picked":"Sentinel+1","floor":40},{"not_picked":["Flex+1","Sword Boomerang+1"],"picked":"Infernal Blade+1","floor":41},{"not_picked":["Clothesline","Ghostly Armor+1","Twin Strike"],"picked":"SKIP","floor":44},{"not_picked":["Jack Of All Trades+1","Secret Technique+1"],"picked":"Transmutation+1","floor":46},{"not_picked":["Thinking Ahead+1","Swift Strike"],"picked":"Madness+1","floor":46},{"not_picked":["Shrug It Off+1","Headbutt"],"picked":"Body Slam+1","floor":47},{"not_picked":["Sentinel+1","True Grit+1"],"picked":"Feel No Pain+1","floor":49}],"player_experience":363096,"relics_obtained":[{"floor":7,"key":"MawBank"},{"floor":9,"key":"Red Skull"},{"floor":10,"key":"Toxic Egg 2"},{"floor":12,"key":"Bag of Marbles"},{"floor":14,"key":"Charon\u0027s Ashes"},{"floor":23,"key":"Dream Catcher"},{"floor":26,"key":"Bronze Scales"},{"floor":29,"key":"Art of War"},{"floor":40,"key":"Blood Vial"},{"floor":43,"key":"Strawberry"},{"floor":48,"key":"Gremlin Horn"}],"event_choices":[{"damage_healed":0,"gold_gain":0,"player_choice":"Embrace Madness","damage_taken":10,"max_hp_gain":0,"max_hp_loss":0,"event_name":"Winding Halls","floor":42,"gold_loss":0,"cards_obtained":["Madness","Madness"]},{"damage_healed":0,"gold_gain":0,"player_choice":"Ignored","damage_taken":0,"max_hp_gain":0,"max_hp_loss":0,"event_name":"Mysterious Sphere","floor":45,"gold_loss":0},{"damage_healed":0,"gold_gain":0,"player_choice":"Memory 2","damage_taken":5,"max_hp_gain":0,"max_hp_loss":0,"event_name":"SensoryStone","floor":46,"gold_loss":0}],"is_beta":false,"boss_relics":[{"not_picked":["Runic Cube","Snecko Eye"],"picked":"Sozu"},{"not_picked":["Astrolabe","Coffee Dripper"],"picked":"Pandora\u0027s Box"}],"items_purged_floors":[],"is_endless":false,"potions_floor_spawned":[2,4,12,14,22,25,29,33,36,44,47],"ascension_level":3}