{"path_per_floor":["M","$","?","?","M","R","E","R","T","R","T","E","M","?","R","B",null,"M","M","?","?","M","R","M","$","T","R","M","M","M","?","R","B",null,"M","M","$","M","?","R","M","$","T","R","M","M","M","M","R","B"],"character_chosen":"DEFECT","items_purchased":["Apotheosis","Bag of Marbles","Beam Cell","Storm+1","Sadistic Nature+1"],"gold_per_floor":[218,22,22,1,15,15,42,42,42,42,65,96,106,106,106,207,207,218,238,270,270,286,286,301,25,25,25,40,51,69,69,69,166,166,183,200,126,144,244,244,260,70,123,123,134,154,171,184,184,184],"floor_reached":51,"campfire_rested":4,"playtime":1772,"item_purchase_floors":[2,25,25,37,42],"current_hp_per_floor":[75,75,68,68,65,65,43,43,43,43,43,15,15,40,75,75,75,67,50,41,41,20,57,55,55,55,55,48,48,39,39,75,40,75,65,60,60,38,38,75,57,57,57,57,48,62,71,71,71,22],"items_purged":["Strike_B"],"gold":184,"score":736,"play_id":"20284fdb-38e9-4a87-9bf2-94dfd45ad1f9","local_time":"20180526175218","is_prod":false,"is_daily":false,"chose_seed":false,"is_ascension_mode":false,"campfire_upgraded":6,"win_rate":0,"timestamp":1527371538,"campfire_choices":[{"data":"Apotheosis","floor":6,"key":"SMITH"},{"data":"Zap","floor":8,"key":"SMITH"},{"data":"Ball Lightning","floor":10,"key":"SMITH"},{"floor":15,"key":"REST"},{"floor":23,"key":"REST"},{"data":"Seek","floor":27,"key":"SMITH"},{"floor":32,"key":"REST"},{"floor":40,"key":"REST"},{"data":"White Noise","floor":44,"key":"SMITH"},{"data":"Reboot","floor":49,"key":"SMITH"}],"path_taken":["M","$","?","?","?","R","E","R","T","R","?","E","M","?","R","BOSS","M","M","?","?","M","R","M","$","T","R","M","?","M","?","R","BOSS","M","M","$","M","?","R","M","?","T","R","M","M","M","M","R","BOSS"],"build_version":"2018-05-25","seed_source_timestamp":319324111266561,"purchased_purges":1,"victory":true,"master_deck":["Strike_B","Strike_B","Defend_B","Defend_B","Defend_B","Defend_B","Zap+1","Dualcast","Ball Lightning+1","Apotheosis+1","Rebound","All For One","FTL","Lockon","Seek+1","Skim","Static Discharge+1","Beam Cell","Redo","Stack+1","Beam Cell","Reboot+1","Hello World+1","Self Repair+1","All For One","Barrage+1","White Noise+1","Storm+1","Force Field+1","Cold Snap+1","Sadistic Nature+1","Skim+1","Leap+1","Echo Form+1","Defragment+1"],"max_hp_per_floor":[75,75,75,75,75,75,75,75,75,75,75,75,75,75,75,75,75,75,75,75,75,75,75,75,75,75,75,75,75,75,75,75,75,75,75,75,75,75,75,75,75,75,75,75,75,75,75,75,75,75],"relics":["Cracked Core","DataDisk","Frozen Egg 2","Ancient Tea Set","Regal Pillow","Sozu","Red Mask","Bag of Marbles","Meat on the Bone","Inserter","Happy Flower"],"card_choices":[{"not_picked":["Beam Cell","Steam"],"picked":"Ball Lightning","floor":1},{"not_picked":["Turbo","Streamline"],"picked":"Rebound","floor":5},{"not_picked":["Hologram","Force Field"],"picked":"All For One","floor":7},{"not_picked":["Streamline","Cold Snap"],"picked":"FTL","floor":12},{"not_picked":["Streamline","Compile Driver"],"picked":"Lockon","floor":13},{"not_picked":["Buffer+1","Thunder Strike"],"picked":"Seek","floor":16},{"not_picked":["Doom and Gloom","Genetic Algorithm"],"picked":"Skim","floor":18},{"not_picked":["Blizzard","Aggregate"],"picked":"Static Discharge+1","floor":19},{"not_picked":["Leap","Capacitor+1"],"picked":"Beam Cell","floor":20},{"not_picked":["Genetic Algorithm","Sweeping Beam"],"picked":"Redo","floor":22},{"not_picked":["Ball Lightning","Genetic Algorithm"],"picked":"Stack+1","floor":24},{"not_picked":["Compile Driver","Redo"],"picked":"Reboot","floor":28},{"not_picked":["Blizzard","Sweeping Beam"],"picked":"Hello World+1","floor":29},{"not_picked":["Heatsinks+1","Force Field"],"picked":"Self Repair+1","floor":30},{"not_picked":["Rainbow","Amplify"],"picked":"All For One","floor":33},{"not_picked":["Compile Driver","Leap"],"picked":"Barrage+1","floor":35},{"not_picked":["Cold Snap","Hologram"],"picked":"White Noise","floor":36},{"not_picked":["Glacier","Redo+1"],"picked":"Force Field+1","floor":38},{"not_picked":["Rebound","Sweeping Beam+1"],"picked":"Cold Snap+1","floor":41},{"not_picked":["Steam","Compile Driver"],"picked":"Skim+1","floor":45},{"not_picked":["Recycle","Lockon+1"],"picked":"Leap+1","floor":46},{"not_picked":["Hologram+1","Turbo+1"],"picked":"Echo Form+1","floor":47},{"not_picked":["Capacitor+1","Melter"],"picked":"Defragment+1","floor":48}],"player_experience":500673,"potions_floor_usage":[],"damage_taken":[{"damage":0,"enemies":"Cultist","floor":1,"turns":3},{"damage":3,"enemies":"Small Slimes","floor":5,"turns":4},{"damage":22,"enemies":"3 Sentries","floor":7,"turns":6},{"damage":28,"enemies":"Lagavulin","floor":12,"turns":4},{"damage":0,"enemies":"2 Louse","floor":13,"turns":1},{"damage":0,"enemies":"Slime Boss","floor":16,"turns":5},{"damage":8,"enemies":"Chosen","floor":18,"turns":4},{"damage":17,"enemies":"Shell Parasite","floor":19,"turns":3},{"damage":9,"enemies":"Masked Bandits","floor":20,"turns":3},{"damage":21,"enemies":"Chosen and Byrds","floor":22,"turns":3},{"damage":2,"enemies":"Sentry and Sphere","floor":24,"turns":3},{"damage":7,"enemies":"Snake Plant","floor":28,"turns":2},{"damage":0,"enemies":"Chosen and Byrds","floor":29,"turns":2},{"damage":9,"enemies":"Centurion and Healer","floor":30,"turns":4},{"damage":57,"enemies":"Automaton","floor":33,"turns":6},{"damage":20,"enemies":"Flame Bruiser 1 Orb","floor":35,"turns":4},{"damage":5,"enemies":"3 Shapes","floor":36,"turns":3},{"damage":22,"enemies":"Flame Bruiser 2 Orb","floor":38,"turns":3},{"damage":40,"enemies":"Maw","floor":41,"turns":6},{"damage":21,"enemies":"4 Shapes","floor":45,"turns":4},{"damage":3,"enemies":"Flame Bruiser 2 Orb","floor":46,"turns":5},{"damage":1,"enemies":"Spire Growth","floor":47,"turns":4},{"damage":0,"enemies":"Sphere and 2 Shapes","floor":48,"turns":4},{"damage":61,"enemies":"Donu and Deca","floor":50,"turns":7}],"relics_obtained":[{"floor":7,"key":"DataDisk"},{"floor":9,"key":"Frozen Egg 2"},{"floor":11,"key":"Ancient Tea Set"},{"floor":12,"key":"Regal Pillow"},{"floor":20,"key":"Red Mask"},{"floor":26,"key":"Meat on the Bone"},{"floor":43,"key":"Happy Flower"}],"event_choices":[{"event_name":"Golden Wing","player_choice":"Card Removal","floor":3,"damage_taken":0},{"event_name":"World of Goop","player_choice":"Left","floor":4,"damage_taken":0},{"event_name":"Big Fish","player_choice":"Banana","floor":14,"damage_taken":0},{"event_name":"Masked Bandits","player_choice":"Fought over 238 gold","floor":20,"damage_taken":0},{"event_name":"Ghosts","player_choice":"Ignored","floor":21,"damage_taken":0},{"event_name":"Drug Dealer","player_choice":"Ignored","floor":31,"damage_taken":0},{"event_name":"Golden Shrine","player_choice":"Pray","floor":39,"damage_taken":0}],"boss_relics":[{"not_picked":["Runic Dome","Pandora\u0027s Box"],"picked":"Sozu"},{"not_picked":["Astrolabe","Philosopher\u0027s Stone"],"picked":"Inserter"}],"items_purged_floors":[25],"potions_floor_spawned":[19,20,24,30,35,45,47],"seed_played":"-5995126823909880050","ascension_level":0,"potions_obtained":[],"is_trial":false}