{"gold_per_floor":[114,134,134,144,144,169,179,209,209,209,28,28,47,19,19,115,115,131,131,111,128,140,172,172,204,204,233,233,26,36,69,69,168,168,188,205,205,205,4,4,32,32,55,85,85,110,127,142,142,142,142,142,41,72,72],"floor_reached":55,"playtime":4595,"items_purged":["Strike_R"],"score":1157,"play_id":"3c365cc1-1e2f-4189-b5db-7476a2ca4848","local_time":"20190228181434","is_ascension_mode":true,"campfire_choices":[{"data":"Bash","floor":10,"key":"SMITH"},{"floor":12,"key":"REST"},{"data":"Corruption","floor":15,"key":"SMITH"},{"data":"Sentinel","floor":24,"key":"SMITH"},{"data":"Fire Breathing","floor":32,"key":"SMITH"},{"data":"Impervious","floor":40,"key":"SMITH"},{"floor":42,"key":"REST"},{"floor":49,"key":"RECALL"},{"floor":52,"key":"REST"}],"neow_cost":"NONE","seed_source_timestamp":25054571947508,"circlet_count":0,"master_deck":["Strike_R","Strike_R","Strike_R","Defend_R","Defend_R","Defend_R","Defend_R","Bash+1","Fire Breathing+1","Shockwave+1","Shrug It Off","Carnage","Headbutt","Anger","Corruption+1","Flame Barrier+1","Iron Wave","Sentinel+1","Feed","True Grit","Power Through","Impervious+1","Feel No Pain+1","Shrug It Off"],"relics":["Burning Blood","Pen Nib","Dodecahedron","Charon\u0027s Ashes","Bird Faced Urn","Busted Crown","Nilry\u0027s Codex","Bottled Tornado","Mercury Hourglass","Singing Bowl","Sling","StoneCalendar","Philosopher\u0027s Stone","Brimstone","Bag of Preparation","Boot","Pear","Mummified Hand","Vajra"],"potions_floor_usage":[6,16,23,23,25,27,30,31,47,50,55,55],"damage_taken":[{"damage":10,"enemies":"Small Slimes","floor":1,"turns":4},{"damage":7,"enemies":"2 Louse","floor":2,"turns":3},{"damage":8,"enemies":"Jaw Worm","floor":4,"turns":5},{"damage":27,"enemies":"3 Sentries","floor":6,"turns":7},{"damage":8,"enemies":"Looter","floor":7,"turns":3},{"damage":22,"enemies":"Lagavulin","floor":8,"turns":5},{"damage":12,"enemies":"Exordium Thugs","floor":13,"turns":6},{"damage":42,"enemies":"Hexaghost","floor":16,"turns":9},{"damage":15,"enemies":"2 Thieves","floor":18,"turns":4},{"damage":15,"enemies":"Shell Parasite","floor":21,"turns":5},{"damage":0,"enemies":"Centurion and Healer","floor":22,"turns":4},{"damage":35,"enemies":"Book of Stabbing","floor":23,"turns":7},{"damage":19,"enemies":"Slavers","floor":25,"turns":2},{"damage":7,"enemies":"Book of Stabbing","floor":27,"turns":4},{"damage":0,"enemies":"Cultist and Chosen","floor":30,"turns":4},{"damage":8,"enemies":"Gremlin Leader","floor":31,"turns":5},{"damage":47,"enemies":"Collector","floor":33,"turns":8},{"damage":0,"enemies":"Orb Walker","floor":35,"turns":3},{"damage":16,"enemies":"3 Shapes","floor":36,"turns":3},{"damage":33,"enemies":"Reptomancer","floor":41,"turns":4},{"damage":2,"enemies":"Giant Head","floor":44,"turns":5},{"damage":4,"enemies":"Reptomancer","floor":46,"turns":4},{"damage":0,"enemies":"Writhing Mass","floor":47,"turns":4},{"damage":0,"enemies":"Maw","floor":48,"turns":4},{"damage":45,"enemies":"Time Eater","floor":50,"turns":7},{"damage":41,"enemies":"Shield and Spear","floor":54,"turns":5},{"damage":152,"enemies":"The Heart","floor":55,"turns":3}],"seed_played":"4937804907577273354","potions_obtained":[{"floor":2,"key":"Explosive Potion"},{"floor":8,"key":"GamblersBrew"},{"floor":13,"key":"Swift Potion"},{"floor":16,"key":"FearPotion"},{"floor":20,"key":"Dexterity Potion"},{"floor":23,"key":"Poison Potion"},{"floor":25,"key":"BloodPotion"},{"floor":28,"key":"SmokeBomb"},{"floor":28,"key":"Block Potion"},{"floor":35,"key":"BloodPotion"},{"floor":44,"key":"PowerPotion"},{"floor":46,"key":"Block Potion"},{"floor":48,"key":"BloodPotion"}],"is_trial":false,"path_per_floor":["M","M","?","M","?","E","M","E","T","R","$","R","M","?","R","B",null,"M","?","?","M","M","E","R","E","T","E","?","$","M","E","R","B",null,"M","M","?","?","$","R","E","R","T","E","?","E","M","M","R","B",null,"R","$","E","B"],"character_chosen":"IRONCLAD","items_purchased":["Corruption","Flame Barrier","Iron Wave","Sling","Brimstone","Shrug It Off"],"campfire_rested":3,"item_purchase_floors":[11,11,11,29,39,53],"current_hp_per_floor":[68,67,67,65,65,44,42,26,26,26,26,50,44,44,44,12,63,58,42,42,39,49,32,32,23,23,34,34,34,49,58,58,21,74,87,86,86,86,86,86,69,99,99,114,114,116,118,120,120,81,110,120,120,94,0],"gold":72,"neow_bonus":"RANDOM_COMMON_RELIC","is_prod":false,"is_daily":false,"chose_seed":false,"campfire_upgraded":5,"win_rate":0,"timestamp":1551374074,"path_taken":["M","M","?","M","?","E","M","E","T","R","$","R","M","?","R","BOSS","M","?","?","M","?","E","R","E","T","E","?","$","M","E","R","BOSS","M","M","?","?","$","R","E","R","T","E","?","E","M","?","R","BOSS","R","$","E","BOSS"],"build_version":"2019-01-23","purchased_purges":1,"victory":false,"max_hp_per_floor":[80,80,80,80,80,80,80,80,80,80,80,80,80,80,80,80,80,80,80,80,80,80,80,80,80,80,82,82,82,87,92,92,92,92,95,100,100,100,100,100,102,102,102,114,114,116,118,120,120,120,120,120,120,125,125],"card_choices":[{"not_picked":["Cleave","Hemokinesis"],"picked":"Fire Breathing","floor":1},{"not_picked":["Pommel Strike","Sword Boomerang"],"picked":"Shockwave","floor":2},{"not_picked":["Havoc","Bloodletting"],"picked":"Shrug It Off","floor":4},{"not_picked":["Thunderclap","Power Through"],"picked":"Carnage","floor":6},{"not_picked":["Havoc","Pummel"],"picked":"Headbutt","floor":7},{"not_picked":["Reckless Charge","Seeing Red"],"picked":"Anger","floor":8},{"not_picked":["Thunderclap","Heavy Blade"],"picked":"Sentinel","floor":13},{"not_picked":["Barricade","Juggernaut"],"picked":"Feed","floor":16},{"not_picked":[],"picked":"True Grit","floor":18},{"not_picked":["Anger+1"],"picked":"SKIP","floor":21},{"not_picked":["Thunderclap"],"picked":"SKIP","floor":22},{"not_picked":["Headbutt+1"],"picked":"SKIP","floor":23},{"not_picked":[],"picked":"Power Through","floor":25},{"not_picked":["Pommel Strike"],"picked":"Singing Bowl","floor":27},{"not_picked":["Pommel Strike"],"picked":"Singing Bowl","floor":30},{"not_picked":["Perfected Strike+1"],"picked":"Singing Bowl","floor":31},{"not_picked":[],"picked":"Impervious","floor":33},{"not_picked":[],"picked":"Feel No Pain+1","floor":35},{"not_picked":["Sever Soul+1"],"picked":"Singing Bowl","floor":36},{"not_picked":["Dropkick"],"picked":"Singing Bowl","floor":41},{"not_picked":["Sentinel+1"],"picked":"Singing Bowl","floor":44},{"not_picked":["Shrug It Off"],"picked":"Singing Bowl","floor":46},{"not_picked":["Perfected Strike"],"picked":"Singing Bowl","floor":47},{"not_picked":["Whirlwind"],"picked":"Singing Bowl","floor":48},{"not_picked":["Entrench"],"picked":"Singing Bowl","floor":54}],"player_experience":294064,"relics_obtained":[{"floor":6,"key":"Dodecahedron"},{"floor":8,"key":"Charon\u0027s Ashes"},{"floor":9,"key":"Bird Faced Urn"},{"floor":19,"key":"Nilry\u0027s Codex"},{"floor":23,"key":"Bottled Tornado"},{"floor":25,"key":"Mercury Hourglass"},{"floor":27,"key":"Singing Bowl"},{"floor":31,"key":"StoneCalendar"},{"floor":41,"key":"Bag of Preparation"},{"floor":43,"key":"Boot"},{"floor":44,"key":"Pear"},{"floor":46,"key":"Mummified Hand"},{"floor":54,"key":"Vajra"}],"event_choices":[{"damage_healed":0,"gold_gain":0,"player_choice":"Grow","damage_taken":0,"max_hp_gain":0,"max_hp_loss":0,"event_name":"Living Wall","floor":3,"gold_loss":0,"cards_upgraded":["Shockwave"]},{"damage_healed":0,"gold_gain":0,"player_choice":"Ignored","damage_taken":0,"max_hp_gain":0,"max_hp_loss":0,"event_name":"Golden Idol","floor":5,"gold_loss":0},{"damage_healed":0,"gold_gain":0,"player_choice":"Left Gold","damage_taken":0,"max_hp_gain":0,"max_hp_loss":0,"event_name":"World of Goop","floor":14,"gold_loss":28},{"damage_healed":0,"gold_gain":0,"player_choice":"Obtained Book","damage_taken":16,"max_hp_gain":0,"max_hp_loss":0,"event_name":"Cursed Tome","floor":19,"gold_loss":0},{"damage_healed":0,"gold_gain":0,"player_choice":"Bought 1 Potion","damage_taken":0,"max_hp_gain":0,"max_hp_loss":0,"event_name":"The Woman in Blue","floor":20,"gold_loss":0},{"damage_healed":0,"gold_gain":0,"player_choice":"Got Potions","damage_taken":0,"max_hp_gain":0,"max_hp_loss":0,"event_name":"Lab","floor":28,"gold_loss":0},{"damage_healed":0,"gold_gain":0,"player_choice":"Ignored","damage_taken":0,"max_hp_gain":0,"max_hp_loss":0,"event_name":"Tomb of Lord Red Mask","floor":37,"gold_loss":0},{"cards_removed":["Strike_R"],"damage_healed":0,"gold_gain":0,"player_choice":"Removed Attack","damage_taken":0,"max_hp_gain":0,"max_hp_loss":0,"event_name":"Falling","floor":38,"gold_loss":0},{"damage_healed":0,"gold_gain":0,"player_choice":"Forge","damage_taken":0,"max_hp_gain":0,"max_hp_loss":0,"event_name":"Accursed Blacksmith","floor":45,"gold_loss":0,"cards_upgraded":["Flame Barrier"]}],"is_beta":false,"boss_relics":[{"not_picked":["Velvet Choker","Coffee Dripper"],"picked":"Busted Crown"},{"not_picked":["Runic Cube","White Beast Statue"],"picked":"Philosopher\u0027s Stone"}],"items_purged_floors":[53],"is_endless":false,"potions_floor_spawned":[2,8,13,16,22,23,25,35,44,46,48],"killed_by":"The Heart","ascension_level":8}