{"path_per_floor":["M","M","$","?","?","R","M","E","T","?","M","$","R","M","R","B",null,"M","?","$","?","M","R","M","M","T","R","$","M","R","M","R","B",null,"M","M","M","?","$","R","$","?","T","R","M","M","R","$","R","B"],"character_chosen":"IRONCLAD","items_purchased":["Dead Branch","Fiend Fire","Whirlwind","Inflame"],"gold_per_floor":[114,125,50,50,225,225,237,272,326,326,338,43,43,53,53,156,156,167,92,92,92,109,109,129,146,146,146,46,60,60,74,74,178,178,191,201,216,216,59,59,20,20,20,20,31,47,47,19,19,19],"floor_reached":51,"campfire_rested":2,"playtime":1748,"current_hp_per_floor":[75,78,78,78,78,78,76,76,76,76,75,75,75,80,80,39,80,70,70,70,70,68,68,60,65,65,65,65,71,71,71,71,50,80,69,54,44,44,44,44,44,44,44,68,56,62,62,62,80,80],"items_purged":["Regret","Strike_R"],"gold":19,"score":671,"play_id":"f65cb6af-33d3-48de-bd1f-9f3dcd2c20bf","local_time":"20180406134902","is_prod":false,"is_daily":false,"is_ascension_mode":false,"campfire_upgraded":9,"timestamp":1523036942,"path_taken":["M","M","$","?","?","R","M","E","T","?","M","$","R","M","R","BOSS","M","?","?","?","M","R","M","M","T","R","$","M","R","M","R","BOSS","M","M","M","?","$","R","$","?","T","R","M","M","R","$","R","BOSS"],"build_version":"2018-04-05","purchased_purges":2,"victory":true,"master_deck":["Strike_R","Strike_R","Strike_R","Defend_R","Defend_R","Defend_R","Defend_R","Bash+1","Clash+1","Intimidate","Body Slam+1","Flex+1","Shockwave+1","Dark Embrace+1","Infernal Blade+1","Feel No Pain+1","Flame Barrier+1","Pummel","Headbutt","Second Wind+1","Impervious","Cleave","Sever Soul+1","Fiend Fire+1","Whirlwind+1","Enlightenment","Armaments+1","Feel No Pain+1","Inflame"],"max_hp_per_floor":[80,80,80,80,80,80,80,80,80,80,80,80,80,80,80,80,80,80,80,80,80,80,80,80,80,80,80,80,80,80,80,80,80,80,80,80,80,80,80,80,80,80,80,80,80,80,80,80,80,80],"relics":["Burning Blood","Torii","Mercury Hourglass","Juzu Bracelet","Spirit Poop","Dead Branch","Philosopher\u0027s Stone","Champion Belt","Snecko Eye","The Courier"],"card_choices":[{"not_picked":["Pommel Strike","Anger"],"picked":"Clash","floor":1},{"not_picked":["Infernal Blade","Body Slam"],"picked":"Intimidate","floor":7},{"not_picked":["Sword Boomerang","Havoc"],"picked":"Body Slam","floor":8},{"not_picked":["Heavy Blade","Perfected Strike"],"picked":"Flex","floor":11},{"not_picked":["Spot Weakness","Pommel Strike"],"picked":"Shockwave","floor":14},{"not_picked":["Double Tap","Barricade"],"picked":"Dark Embrace","floor":16},{"not_picked":["Shrug It Off","Pummel"],"picked":"Infernal Blade","floor":18},{"not_picked":["Shrug It Off","Armaments"],"picked":"Flame Barrier","floor":22},{"not_picked":["Flex","Heavy Blade"],"picked":"Pummel","floor":24},{"not_picked":["Dual Wield","Thunderclap"],"picked":"Headbutt","floor":29},{"not_picked":["Flame Barrier","Whirlwind"],"picked":"Second Wind","floor":31},{"not_picked":["Bludgeon","Limit Break"],"picked":"Impervious","floor":33},{"not_picked":["Clash","Twin Strike"],"picked":"Cleave","floor":36},{"not_picked":["Cleave","Clash"],"picked":"Sever Soul","floor":37},{"not_picked":["Deep Breath","Trip"],"picked":"Enlightenment","floor":42},{"not_picked":["Flex","True Grit"],"picked":"Armaments","floor":45},{"not_picked":["Uppercut","Havoc"],"picked":"Feel No Pain","floor":46}],"player_experience":320340,"potions_floor_usage":[8,22,33,50,50,50],"damage_taken":[{"damage":11,"enemies":"Jaw Worm","floor":1,"turns":2},{"damage":3,"enemies":"Cultist","floor":2,"turns":3},{"damage":8,"enemies":"Small Slimes","floor":7,"turns":3},{"damage":6,"enemies":"Gremlin Nob","floor":8,"turns":3},{"damage":7,"enemies":"Blue Slaver","floor":11,"turns":2},{"damage":0,"enemies":"3 Louse","floor":14,"turns":2},{"damage":47,"enemies":"Slime Boss","floor":16,"turns":13},{"damage":16,"enemies":"Spheric Guardian","floor":18,"turns":4},{"damage":8,"enemies":"3 Byrds","floor":22,"turns":5},{"damage":14,"enemies":"Snake Plant","floor":24,"turns":2},{"damage":1,"enemies":"Cultist and Chosen","floor":25,"turns":6},{"damage":0,"enemies":"Sentry and Sphere","floor":29,"turns":3},{"damage":6,"enemies":"Snecko","floor":31,"turns":5},{"damage":27,"enemies":"Collector","floor":33,"turns":4},{"damage":17,"enemies":"Orb Walker","floor":35,"turns":2},{"damage":21,"enemies":"3 Darklings","floor":36,"turns":6},{"damage":16,"enemies":"4 Shapes","floor":37,"turns":4},{"damage":18,"enemies":"Maw","floor":45,"turns":6},{"damage":0,"enemies":"Sphere and 2 Shapes","floor":46,"turns":4},{"damage":28,"enemies":"Donu and Deca","floor":50,"turns":6}],"event_choices":[{"event_name":"Upgrade Shrine","player_choice":"Upgraded","floor":4,"damage_taken":0},{"event_name":"Liars Game","player_choice":"agreed","floor":5,"damage_taken":0},{"event_name":"Bonfire Elementals","player_choice":"CURSE","floor":10,"damage_taken":0},{"event_name":"Beggar","player_choice":"Gave Gold","floor":19,"damage_taken":0},{"event_name":"The Library","player_choice":"Read","floor":21,"damage_taken":0},{"event_name":"Tomb of Lord Red Mask","player_choice":"Ignored","floor":38,"damage_taken":0},{"event_name":"SensoryStone","player_choice":"Memory 1","floor":42,"damage_taken":0}],"boss_relics":[{"not_picked":["Cursed Key","Ectoplasm"],"picked":"Philosopher\u0027s Stone"},{"not_picked":["White Beast Statue","Runic Dome"],"picked":"Snecko Eye"}],"potions_floor_spawned":[2,11,14,22,24,31,36,37],"seed_played":"-6578331670828021632","ascension_level":0,"is_trial":false}