{"gold_per_floor":[111,111,186,13,33,33,46,46,73,104,169,169,196,215,215,316,316,300,300,223,223,82,82,102,302,302,322,169,200,200,211,211,309,309,326,326,201,220,234,234,234,105,105,117,117,117,117,133,133,133,133,133,34,69,69],"floor_reached":55,"playtime":2326,"items_purged":[],"score":666,"play_id":"d19ad767-721f-4809-9b1a-eded0845eac3","local_time":"20190913202841","is_ascension_mode":false,"campfire_choices":[{"data":"Echo Form","floor":6.0,"key":"SMITH"},{"data":"Genetic Algorithm","floor":8.0,"key":"SMITH"},{"floor":12.0,"key":"REST"},{"floor":15.0,"key":"REST"},{"data":"Storm","floor":23.0,"key":"SMITH"},{"data":"Consume","floor":30.0,"key":"SMITH"},{"floor":32.0,"key":"RECALL"},{"floor":40.0,"key":"REST"},{"data":"Amplify","floor":45.0,"key":"SMITH"},{"floor":49.0,"key":"REST"},{"data":"Capacitor","floor":52.0,"key":"SMITH"}],"neow_cost":"NONE","seed_source_timestamp":104077888048000,"circlet_count":0,"master_deck":["Strike_B","Strike_B","Strike_B","Defend_B","Defend_B","Defend_B","Defend_B","Zap+1","Dualcast","Capacitor+1","Streamline","Genetic Algorithm","Stack","Cold Snap","Echo Form+1","Go for the Eyes","Leap","Coolheaded","Genetic Algorithm+1","Storm+1","Doom and Gloom","Creative AI","Consume+1","Jack Of All Trades","Coolheaded","Leap+1","Panacea","Heatsinks","Amplify+1","Fusion","Sunder+1","Barrage+1","Master of Strategy","Dramatic Entrance+1","Thunder Strike+1","Steam+1"],"special_seed":0,"relics":["Cracked Core","Orrery","Strawberry","Toy Ornithopter","The Courier","Regal Pillow","Busted Crown","Membership Card","Molten Egg 2","Meat on the Bone","Boot","Black Star","Art of War","CultistMask","ClockworkSouvenir","Oddly Smooth Stone","StoneCalendar"],"potions_floor_usage":[55,55],"damage_taken":[{"damage":3.0,"enemies":"Small Slimes","floor":1.0,"turns":4.0},{"damage":9.0,"enemies":"Jaw Worm","floor":5.0,"turns":3.0},{"damage":0.0,"enemies":"Cultist","floor":7.0,"turns":3.0},{"damage":25.0,"enemies":"3 Sentries","floor":10.0,"turns":7.0},{"damage":13.0,"enemies":"Gremlin Nob","floor":11.0,"turns":5.0},{"damage":24.0,"enemies":"Lagavulin","floor":13.0,"turns":6.0},{"damage":0.0,"enemies":"Lots of Slimes","floor":14.0,"turns":1.0},{"damage":46.0,"enemies":"Hexaghost","floor":16.0,"turns":10.0},{"damage":13.0,"enemies":"2 Thieves","floor":18.0,"turns":4.0},{"damage":5.0,"enemies":"Spheric Guardian","floor":24.0,"turns":4.0},{"damage":2.0,"enemies":"Cultist and Chosen","floor":27.0,"turns":6.0},{"damage":28.0,"enemies":"Slavers","floor":29.0,"turns":6.0},{"damage":1.0,"enemies":"Chosen and Byrds","floor":31.0,"turns":6.0},{"damage":2.0,"enemies":"Champ","floor":33.0,"turns":10.0},{"damage":14.0,"enemies":"Orb Walker","floor":35.0,"turns":5.0},{"damage":47.0,"enemies":"3 Darklings","floor":38.0,"turns":6.0},{"damage":17.0,"enemies":"Sphere and 2 Shapes","floor":39.0,"turns":5.0},{"damage":21.0,"enemies":"Maw","floor":44.0,"turns":8.0},{"damage":45.0,"enemies":"Transient","floor":48.0,"turns":5.0},{"damage":48.0,"enemies":"Awakened One","floor":50.0,"turns":17.0},{"damage":43.0,"enemies":"Shield and Spear","floor":54.0,"turns":9.0},{"damage":89,"enemies":"The Heart","floor":55,"turns":6}],"seed_played":"5639557249682395023","potions_obtained":[{"floor":5.0,"key":"AttackPotion"},{"floor":10.0,"key":"Explosive Potion"},{"floor":11.0,"key":"Strength Potion"},{"floor":14.0,"key":"Block Potion"},{"floor":16.0,"key":"Weak Potion"},{"floor":27.0,"key":"Weak Potion"},{"floor":29.0,"key":"Explosive Potion"},{"floor":31.0,"key":"DuplicationPotion"},{"floor":39.0,"key":"Poison Potion"},{"floor":48.0,"key":"SkillPotion"}],"is_trial":false,"path_per_floor":["M","?","?","$","M","R","M","R","T","E","?","R","E","M","R","B",null,"M","?","$","?","$","R","M","?","T","M","$","E","R","M","R","B",null,"M","?","$","M","M","R","?","$","T","M","R","?","?","M","R","B",null,"R","$","E","B"],"character_chosen":"DEFECT","items_purchased":["Orrery","Leap","Jack Of All Trades","Coolheaded","Membership Card","Meat on the Bone","Panacea","Heatsinks","Fusion","Sunder+1","Barrage+1","Art of War","ClockworkSouvenir","Master of Strategy","Thunder Strike+1","Energy Potion","DuplicationPotion","Explosive Potion"],"campfire_rested":4,"item_purchase_floors":[4,4,20,22,22,28,28,28,37,37,37,37,42,42,53,53,53,53],"current_hp_per_floor":[72,72,61,61,52,52,52,52,59,34,26,50,36,36,75,29,82,69,69,69,69,69,69,64,64,64,67,67,49,49,48,48,51,82,68,68,68,38,33,72,72,72,72,51,51,51,51,23,62,31,82,82,82,51,0],"gold":69,"neow_bonus":"TRANSFORM_CARD","is_prod":false,"is_daily":false,"chose_seed":false,"campfire_upgraded":6,"win_rate":0,"timestamp":1568424521,"path_taken":["M","?","?","$","M","R","M","R","T","E","?","R","E","M","R","BOSS","M","?","$","?","$","R","M","?","T","?","$","E","R","?","R","BOSS","M","?","$","M","M","R","?","$","T","?","R","?","?","M","R","BOSS","R","$","E","BOSS"],"build_version":"2019-09-12","purchased_purges":0,"victory":false,"max_hp_per_floor":[75,75,75,75,75,75,75,75,82,82,82,82,82,82,82,82,82,82,82,82,82,82,82,82,82,82,82,82,82,82,82,82,82,82,82,82,82,82,82,82,82,82,82,82,82,82,82,82,82,82,82,82,82,82,82],"card_choices":[{"not_picked":["Compile Driver","Blizzard"],"picked":"Streamline","floor":1.0},{"not_picked":["Storm","Sweeping Beam"],"picked":"Genetic Algorithm","floor":4.0},{"not_picked":["Ball Lightning","Turbo"],"picked":"Stack","floor":4.0},{"not_picked":["Conserve Battery","Stack"],"picked":"Cold Snap","floor":4.0},{"not_picked":["Leap","Ball Lightning"],"picked":"Echo Form","floor":4.0},{"not_picked":["Stack","Cold Snap"],"picked":"Go for the Eyes","floor":4.0},{"not_picked":["Hologram","Cold Snap"],"picked":"Coolheaded","floor":5.0},{"not_picked":["Steam Power","Cold Snap"],"picked":"Genetic Algorithm","floor":7.0},{"not_picked":["Hologram","Sunder","Steam Power"],"picked":"SKIP","floor":10.0},{"not_picked":["Steam Power","Gash"],"picked":"Storm","floor":11.0},{"not_picked":["Stack","Aggregate"],"picked":"Doom and Gloom","floor":13.0},{"not_picked":["Gash","Steam","Rip and Tear"],"picked":"SKIP","floor":14.0},{"not_picked":["Thunder Strike","Amplify"],"picked":"Creative AI","floor":16.0},{"not_picked":["Storm"],"picked":"SKIP","floor":18.0},{"not_picked":[],"picked":"Leap+1","floor":24.0},{"not_picked":["Cold Snap+1"],"picked":"SKIP","floor":27.0},{"not_picked":["Genetic Algorithm"],"picked":"SKIP","floor":29.0},{"not_picked":["Stack"],"picked":"SKIP","floor":31.0},{"not_picked":[],"picked":"Amplify","floor":33.0},{"not_picked":["Coolheaded"],"picked":"SKIP","floor":35.0},{"not_picked":["Gash+1"],"picked":"SKIP","floor":38.0},{"not_picked":["Compile Driver+1"],"picked":"SKIP","floor":39.0},{"not_picked":["Heatsinks+1"],"picked":"SKIP","floor":44.0},{"not_picked":[],"picked":"Dramatic Entrance+1","floor":46.0},{"not_picked":["Cold Snap+1"],"picked":"SKIP","floor":48.0},{"not_picked":[],"picked":"Steam+1","floor":54.0}],"player_experience":1296571,"relics_obtained":[{"floor":9.0,"key":"Strawberry"},{"floor":10.0,"key":"Toy Ornithopter"},{"floor":11.0,"key":"The Courier"},{"floor":13.0,"key":"Regal Pillow"},{"floor":26.0,"key":"Molten Egg 2"},{"floor":29.0,"key":"Boot"},{"floor":54.0,"key":"Oddly Smooth Stone"},{"floor":54.0,"key":"StoneCalendar"}],"event_choices":[{"damage_healed":0.0,"max_hp_gain":0.0,"max_hp_loss":0.0,"gold_gain":0.0,"event_name":"Living Wall","player_choice":"Grow","floor":2.0,"gold_loss":0.0,"damage_taken":0.0,"cards_upgraded":["Zap"]},{"damage_healed":0.0,"max_hp_gain":0.0,"max_hp_loss":0.0,"gold_gain":75.0,"event_name":"World of Goop","player_choice":"Gather Gold","floor":3.0,"gold_loss":0.0,"damage_taken":11.0},{"damage_healed":0.0,"max_hp_gain":0.0,"max_hp_loss":0.0,"gold_gain":30.0,"event_name":"Dead Adventurer","player_choice":"Searched \u00272\u0027 times","floor":11.0,"gold_loss":0.0,"damage_taken":0.0},{"damage_healed":0.0,"max_hp_gain":0.0,"max_hp_loss":0.0,"gold_gain":0.0,"event_name":"The Library","player_choice":"Read","floor":19.0,"gold_loss":0.0,"damage_taken":0.0,"cards_obtained":["Consume"]},{"damage_healed":0.0,"max_hp_gain":0.0,"max_hp_loss":0.0,"gold_gain":0.0,"event_name":"Ghosts","player_choice":"Ignored","floor":21.0,"gold_loss":0.0,"damage_taken":0.0},{"damage_healed":0.0,"max_hp_gain":0.0,"max_hp_loss":0.0,"gold_gain":200.0,"event_name":"Wheel of Change","player_choice":"Gold","floor":25.0,"gold_loss":0.0,"damage_taken":0.0},{"damage_healed":0.0,"max_hp_gain":0.0,"max_hp_loss":0.0,"gold_gain":0.0,"event_name":"Mysterious Sphere","player_choice":"Ignored","floor":36.0,"gold_loss":0.0,"damage_taken":0.0},{"damage_healed":0.0,"max_hp_gain":0.0,"max_hp_loss":0.0,"gold_gain":0.0,"event_name":"FaceTrader","player_choice":"Trade","floor":41.0,"gold_loss":0.0,"damage_taken":0.0,"relics_obtained":["CultistMask"]},{"damage_healed":0.0,"max_hp_gain":0.0,"max_hp_loss":0.0,"gold_gain":0.0,"event_name":"SensoryStone","player_choice":"Memory 1","floor":46.0,"gold_loss":0.0,"damage_taken":0.0},{"damage_healed":0.0,"max_hp_gain":0.0,"max_hp_loss":0.0,"gold_gain":0.0,"event_name":"Tomb of Lord Red Mask","player_choice":"Ignored","floor":47.0,"gold_loss":0.0,"damage_taken":0.0}],"is_beta":true,"boss_relics":[{"not_picked":["Fusion Hammer","Pandora\u0027s Box"],"picked":"Busted Crown"},{"not_picked":["Cursed Key","Runic Dome"],"picked":"Black Star"}],"items_purged_floors":[],"is_endless":false,"potions_floor_spawned":[5,10,11,14,16,27,29,31,39,48],"killed_by":"The Heart","ascension_level":0}