{"gold_per_floor":[114,129,144,159,174,204,219,234,284,299,264,89,89,89,89,189,189,204,219,234,249,264,264,264,264,264,279,204,219,219,234,234,334,334,349,364,364,379,379,394,244,274,349,280,295,295,310,49,49,49],"floor_reached":50,"playtime":2582,"items_purged":[],"score":684,"play_id":"88e53bb2-d0a0-45bc-aafc-b8919f328900","local_time":"20180704020120","daily_mods":["Specialized","Lethality","Hoarder"],"is_ascension_mode":false,"campfire_choices":[{"data":"Dramatic Entrance","floor":13,"key":"SMITH"},{"floor":15,"key":"REST"},{"floor":23,"key":"REST"},{"floor":25,"key":"REST"},{"floor":32,"key":"REST"},{"floor":46,"key":"REST"},{"floor":49,"key":"REST"}],"neow_cost":"","seed_source_timestamp":761175546588549,"circlet_count":0,"master_deck":["Defend_G","Defend_G","Defend_G","Defend_G","Defend_G","Strike_G","Strike_G","Strike_G","Strike_G","Strike_G","Survivor","Neutralize","Phantasmal Killer","Phantasmal Killer","Phantasmal Killer","Phantasmal Killer","Phantasmal Killer","Phantasmal Killer","Phantasmal Killer","Phantasmal Killer","Phantasmal Killer","Phantasmal Killer","Phantasmal Killer","Phantasmal Killer","Phantasmal Killer","Phantasmal Killer","Endless Agony","Endless Agony","Endless Agony","Sucker Punch+1","Sucker Punch+1","Sucker Punch","Endless Agony","Endless Agony","Endless Agony","Finisher","Finisher","Finisher","PiercingWail","PiercingWail","PiercingWail","Deadly Poison","Deadly Poison","Deadly Poison","Backflip","Backflip","Backflip","Bouncing Flask","Bouncing Flask","Bouncing Flask","Glass Knife","Glass Knife","Glass Knife","Dramatic Entrance+1","Dramatic Entrance+1","Dramatic Entrance","Crippling Poison","Crippling Poison","Crippling Poison","After Image","After Image","After Image","Terror","Terror","Terror","Poisoned Stab+1","Poisoned Stab+1","Poisoned Stab+1","Deadly Poison+1","Deadly Poison+1","Deadly Poison+1","Backflip+1","Backflip+1","Backflip+1","Deflect","Deflect","Deflect","Die Die Die","Die Die Die","Die Die Die","Flying Knee+1","Flying Knee+1","Flying Knee+1","Footwork","Footwork","Footwork","Doppelganger","Doppelganger","Doppelganger","Dash","Dash","Dash","Slice","Slice","Slice","Acrobatics+1","Acrobatics+1","Acrobatics+1","Distraction+1","Distraction+1","Distraction+1","Crippling Poison","Crippling Poison","Crippling Poison","Slice+1","Slice+1","Slice+1","Master of Strategy","Master of Strategy","Master of Strategy"],"special_seed":17715,"relics":["Ring of the Snake","Whetstone","Snake Skull","Fusion Hammer","Paper Crane","Eternal Feather","Singing Bowl","Ninja Scroll","Blue Candle"],"potions_floor_usage":[7,16,16,20,20,21,27,29,33,42,47,50,50,50],"damage_taken":[{"damage":8,"enemies":"Small Slimes","floor":1,"turns":4},{"damage":0,"enemies":"Cultist","floor":2,"turns":2},{"damage":2,"enemies":"Jaw Worm","floor":3,"turns":2},{"damage":0,"enemies":"Large Slime","floor":4,"turns":3},{"damage":0,"enemies":"2 Fungi Beasts","floor":5,"turns":1},{"damage":17,"enemies":"Lagavulin","floor":6,"turns":7},{"damage":0,"enemies":"Exordium Wildlife","floor":7,"turns":2},{"damage":6,"enemies":"Blue Slaver","floor":8,"turns":2},{"damage":9,"enemies":"3 Louse","floor":10,"turns":2},{"damage":52,"enemies":"The Guardian","floor":16,"turns":4},{"damage":0,"enemies":"2 Thieves","floor":18,"turns":1},{"damage":0,"enemies":"Spheric Guardian","floor":19,"turns":2},{"damage":15,"enemies":"Snake Plant","floor":20,"turns":2},{"damage":0,"enemies":"3 Cultists","floor":21,"turns":2},{"damage":15,"enemies":"Centurion and Healer","floor":22,"turns":2},{"damage":14,"enemies":"Snake Plant","floor":27,"turns":2},{"damage":7,"enemies":"Cultist and Chosen","floor":29,"turns":2},{"damage":0,"enemies":"3 Cultists","floor":31,"turns":2},{"damage":13,"enemies":"Collector","floor":33,"turns":7},{"damage":10,"enemies":"3 Shapes","floor":35,"turns":3},{"damage":8,"enemies":"Orb Walker","floor":36,"turns":2},{"damage":0,"enemies":"3 Darklings","floor":38,"turns":2},{"damage":6,"enemies":"Maw","floor":40,"turns":6},{"damage":31,"enemies":"2 Orb Walkers","floor":42,"turns":3},{"damage":9,"enemies":"Sphere and 2 Shapes","floor":45,"turns":1},{"damage":15,"enemies":"3 Darklings","floor":47,"turns":4},{"damage":90,"enemies":"Awakened One","floor":50,"turns":7}],"seed_played":"-5295216616361332357","potions_obtained":[{"floor":2,"key":"Regen Potion"},{"floor":3,"key":"Block Potion"},{"floor":5,"key":"SpeedPotion"},{"floor":8,"key":"Ancient Potion"},{"floor":18,"key":"EntropicBrew"},{"floor":21,"key":"Fire Potion"},{"floor":22,"key":"Block Potion"},{"floor":29,"key":"GhostInAJar"},{"floor":33,"key":"Swift Potion"},{"floor":35,"key":"Strength Potion"},{"floor":45,"key":"GhostInAJar"}],"is_trial":false,"path_per_floor":["M","M","M","M","M","E","M","M","T","M","?","$","R","?","R","B",null,"M","M","M","M","M","R","?","R","T","M","$","M","?","M","R","B",null,"M","M","?","M","?","M","$","E","T","$","M","R","M","$","R"],"character_chosen":"THE_SILENT","items_purchased":["Dramatic Entrance","Crippling Poison","GhostInAJar","Singing Bowl","Crippling Poison","Master of Strategy","Strength Potion"],"campfire_rested":6,"item_purchase_floors":[12,12,28,41,44,48,48],"current_hp_per_floor":[62,62,60,60,60,43,43,37,37,28,45,45,45,45,66,25,70,70,70,55,55,40,61,48,70,70,56,56,49,49,49,71,58,75,65,57,57,57,57,51,51,22,22,22,15,78,63,63,79,0],"gold":49,"neow_bonus":"","is_prod":false,"is_daily":true,"chose_seed":false,"campfire_upgraded":1,"win_rate":0.0,"timestamp":1530662480,"path_taken":["M","M","M","M","M","E","M","M","T","M","?","?","R","?","R","BOSS","M","M","M","M","M","R","?","R","T","M","$","M","?","M","R","BOSS","M","M","?","M","?","M","$","E","T","?","M","R","M","$","R","BOSS"],"build_version":"2018-06-28","purchased_purges":0,"victory":false,"max_hp_per_floor":[70,70,70,70,70,70,70,70,70,70,70,70,70,70,70,70,70,70,70,70,70,70,70,75,75,75,75,75,75,75,75,75,75,75,75,75,75,75,75,75,75,77,77,77,79,79,79,79,79,79],"card_choices":[{"not_picked":["Slice","Backflip"],"picked":"Endless Agony","floor":1},{"not_picked":["Dagger Spray","Dash"],"picked":"Sucker Punch","floor":2},{"not_picked":["Grand Finale","Terror"],"picked":"Endless Agony","floor":3},{"not_picked":["Predator","Deflect"],"picked":"Finisher","floor":4},{"not_picked":["Deflect","Skewer"],"picked":"PiercingWail","floor":5},{"not_picked":["Acrobatics","Dagger Throw"],"picked":"Deadly Poison","floor":6},{"not_picked":["Calculated Gamble","Masterful Stab"],"picked":"Backflip","floor":7},{"not_picked":["Dodge and Roll","Backflip"],"picked":"Bouncing Flask","floor":8},{"not_picked":["PiercingWail","Bane"],"picked":"Glass Knife","floor":10},{"not_picked":["A Thousand Cuts","Unload"],"picked":"After Image","floor":16},{"not_picked":["Masterful Stab+1","Backstab"],"picked":"Terror","floor":18},{"not_picked":["Dash","Underhanded Strike+1"],"picked":"Poisoned Stab+1","floor":19},{"not_picked":["Infinite Blades","Accuracy"],"picked":"Deadly Poison+1","floor":20},{"not_picked":["All Out Attack","Sucker Punch"],"picked":"Backflip+1","floor":21},{"not_picked":["Deadly Poison","Outmaneuver"],"picked":"Deflect","floor":22},{"not_picked":["Caltrops+1","Cloak And Dagger"],"picked":"Die Die Die","floor":27},{"not_picked":["PiercingWail","Slice"],"picked":"Flying Knee+1","floor":29},{"not_picked":["Terror","Concentrate"],"picked":"Footwork","floor":31},{"not_picked":["Corpse Explosion","Unload"],"picked":"Doppelganger","floor":33},{"not_picked":["Backstab","Outmaneuver"],"picked":"Dash","floor":35},{"not_picked":["Blade Dance+1","Prepared"],"picked":"Slice","floor":36},{"not_picked":["Underhanded Strike","Predator"],"picked":"Acrobatics+1","floor":38},{"not_picked":["Bane+1","Dagger Spray"],"picked":"Distraction+1","floor":40},{"not_picked":["Flying Knee","Cloak And Dagger","Dodge and Roll+1"],"picked":"Singing Bowl","floor":42},{"not_picked":["Backstab","Skewer+1","PiercingWail"],"picked":"Singing Bowl","floor":45},{"not_picked":["PiercingWail","Dagger Throw+1"],"picked":"Slice+1","floor":47}],"player_experience":24176,"relics_obtained":[{"floor":6,"key":"Whetstone"},{"floor":9,"key":"Snake Skull"},{"floor":26,"key":"Paper Crane"},{"floor":42,"key":"Ninja Scroll"},{"floor":43,"key":"Blue Candle"}],"event_choices":[{"event_name":"The Cleric","player_choice":"Healed","floor":11,"damage_taken":0},{"event_name":"Living Wall","player_choice":"Grow","floor":14,"damage_taken":0},{"event_name":"Forgotten Altar","player_choice":"Shed Blood","floor":24,"damage_taken":0},{"event_name":"Beggar","player_choice":"Ignored","floor":30,"damage_taken":0},{"event_name":"Falling","player_choice":"Removed Skill","floor":37,"damage_taken":0},{"event_name":"Tomb of Lord Red Mask","player_choice":"Ignored","floor":39,"damage_taken":0}],"boss_relics":[{"not_picked":["Empty Cage","Philosopher\u0027s Stone"],"picked":"Fusion Hammer"},{"not_picked":["Orrery","Coffee Dripper"],"picked":"Eternal Feather"}],"items_purged_floors":[],"is_endless":false,"potions_floor_spawned":[2,3,4,5,8,18,21,22,29,33,35,38,45],"killed_by":"Awakened One","ascension_level":0}