{"gold_per_floor":[216,216,233,250,22,48,61,61,113,132,132,132,132,160,160,160],"floor_reached":16,"playtime":410,"items_purged":[],"score":171,"play_id":"00d674f4-42bb-4258-8739-285ba27903b3","local_time":"20190910145910","is_ascension_mode":true,"campfire_choices":[{"floor":8,"key":"REST"},{"data":"Storm","floor":12,"key":"SMITH"},{"floor":15,"key":"REST"}],"neow_cost":"NONE","seed_source_timestamp":649718970272600,"circlet_count":0,"master_deck":["AscendersBane","Strike_B","Strike_B","Strike_B","Strike_B","Defend_B","Defend_B","Defend_B","Defend_B","Zap","Dualcast","Beam Cell","Storm","Storm+1","Go for the Eyes","Heatsinks"],"relics":["Cracked Core","Bronze Scales","Eternal Feather","Lantern","Oddly Smooth Stone"],"potions_floor_usage":[6],"damage_taken":[{"damage":2,"enemies":"2 Louse","floor":1,"turns":3},{"damage":0,"enemies":"Small Slimes","floor":3,"turns":3},{"damage":1,"enemies":"Cultist","floor":4,"turns":3},{"damage":20,"enemies":"Gremlin Nob","floor":6,"turns":4},{"damage":27,"enemies":"Gremlin Gang","floor":7,"turns":4},{"damage":1,"enemies":"Large Slime","floor":10,"turns":5},{"damage":40,"enemies":"3 Sentries","floor":14,"turns":7},{"damage":54,"enemies":"Slime Boss","floor":16,"turns":7}],"seed_played":"-1496138877935742541","potions_obtained":[{"floor":4,"key":"PowerPotion"},{"floor":6,"key":"SteroidPotion"},{"floor":10,"key":"Strength Potion"}],"is_trial":false,"path_per_floor":["M","?","M","M","$","E","M","R","T","M","?","R","?","E","R","B"],"character_chosen":"DEFECT","items_purchased":["Storm","Bronze Scales"],"campfire_rested":2,"item_purchase_floors":[5,5],"current_hp_per_floor":[66,66,66,65,65,45,18,49,49,48,48,57,57,17,48,0],"gold":160,"neow_bonus":"HUNDRED_GOLD","is_prod":false,"is_daily":false,"chose_seed":false,"campfire_upgraded":1,"win_rate":0,"timestamp":1568145550,"path_taken":["M","?","M","M","$","E","M","R","T","M","?","R","?","E","R","BOSS"],"build_version":"2019-09-09","purchased_purges":0,"victory":false,"max_hp_per_floor":[75,75,75,75,75,75,75,75,75,75,75,75,75,75,75,75],"card_choices":[{"not_picked":["Rebound","Heatsinks"],"picked":"Beam Cell","floor":1},{"not_picked":["Reinforced Body","Hello World","Beam Cell"],"picked":"SKIP","floor":3},{"not_picked":["Loop","Undo"],"picked":"Storm","floor":4},{"not_picked":["Stack","Storm"],"picked":"Go for the Eyes","floor":6},{"not_picked":["Gash","Go for the Eyes","Streamline"],"picked":"SKIP","floor":7},{"not_picked":["Go for the Eyes","Turbo","Melter"],"picked":"SKIP","floor":10},{"not_picked":["Rip and Tear","Redo"],"picked":"Heatsinks","floor":14}],"player_experience":1274436,"relics_obtained":[{"floor":6,"key":"Eternal Feather"},{"floor":9,"key":"Lantern"},{"floor":14,"key":"Oddly Smooth Stone"}],"event_choices":[{"damage_healed":0,"gold_gain":0,"player_choice":"Leave","damage_taken":0,"max_hp_gain":0,"max_hp_loss":0,"event_name":"The Cleric","floor":2,"gold_loss":0},{"damage_healed":0,"gold_gain":0,"player_choice":"Ignored","damage_taken":0,"max_hp_gain":0,"max_hp_loss":0,"event_name":"Golden Wing","floor":11,"gold_loss":0},{"damage_healed":0,"gold_gain":0,"player_choice":"Ignored","damage_taken":0,"max_hp_gain":0,"max_hp_loss":0,"event_name":"Liars Game","floor":13,"gold_loss":0}],"is_beta":true,"boss_relics":[],"items_purged_floors":[],"is_endless":false,"potions_floor_spawned":[4,6,10,14],"killed_by":"Slime Boss","ascension_level":11}