{"gold_per_floor":[110,126,139,154,11,11,25,25,93,93,104,104,19,46,46,144,144,157,168,64,78,159,159,170,200,200,200,228,248,265,265,265,361,361,381,99,99,113,128,128,228,228,228,228,260,272,291,302,302,302,302,302,8,36,36],"floor_reached":55,"playtime":10544,"items_purged":["Strike_P","Vigilance"],"score":816,"play_id":"84169a64-8383-4550-9785-7da3e4ff5d2e","local_time":"20190909181256","is_ascension_mode":false,"campfire_choices":[{"data":"Establishment","floor":6.0,"key":"SMITH"},{"data":"Vault","floor":8.0,"key":"SMITH"},{"data":"WindmillStrike","floor":10.0,"key":"SMITH"},{"data":"ThirdEye","floor":15.0,"key":"SMITH"},{"floor":23.0,"key":"REST"},{"floor":27.0,"key":"REST"},{"data":"CrushJoints","floor":32,"key":"SMITH"},{"data":"Adaptation","floor":40,"key":"SMITH"},{"floor":42,"key":"RECALL"},{"floor":49,"key":"REST"},{"data":"DevaForm","floor":52,"key":"SMITH"}],"neow_cost":"NONE","seed_source_timestamp":1682280225351000,"circlet_count":0,"master_deck":["Eruption","Protect","WindmillStrike+1","Halt","EmptyFist","Establishment+1","Vault+1","SandsOfTime","Conclude","ThirdEye+1","EmptyFist","Brilliance","Pray","DevaForm","TalkToTheHand","Consecrate","WreathOfFlame","Evaluate","CrushJoints+1","Crescendo","TalkToTheHand","Crescendo","FlyingSleeves+1","Protect","Sanctity","CutThroughFate","FearNoEvil+1","Protect","ClearTheMind+1","Adaptation+1","CleanseEvil","WindmillStrike","DevaForm+1","TalkToTheHand+1","Worship","ForeignInfluence","CarveReality+1"],"special_seed":0,"relics":["PureWater","NeowsBlessing","Singing Bowl","Thread and Needle","Pandora\u0027s Box","Lantern","Bag of Marbles","Pear","Busted Crown","Dead Branch","Molten Egg 2","InkBottle","Incense Burner","Boot"],"potions_floor_usage":[28,33,46,50,50,55],"damage_taken":[{"damage":0.0,"enemies":"Cultist","floor":1.0,"turns":1.0},{"damage":0.0,"enemies":"2 Louse","floor":2.0,"turns":1.0},{"damage":0.0,"enemies":"Jaw Worm","floor":3.0,"turns":1.0},{"damage":9.0,"enemies":"Gremlin Gang","floor":4.0,"turns":7.0},{"damage":0.0,"enemies":"Red Slaver","floor":7.0,"turns":5.0},{"damage":22.0,"enemies":"Exordium Wildlife","floor":11.0,"turns":7.0},{"damage":0.0,"enemies":"Lagavulin","floor":14.0,"turns":5.0},{"damage":0.0,"enemies":"Slime Boss","floor":16.0,"turns":7.0},{"damage":14.0,"enemies":"3 Byrds","floor":18.0,"turns":6.0},{"damage":9.0,"enemies":"Spheric Guardian","floor":19.0,"turns":7.0},{"damage":20.0,"enemies":"Centurion and Healer","floor":21.0,"turns":12.0},{"damage":5.0,"enemies":"Sentry and Sphere","floor":24.0,"turns":5.0},{"damage":9.0,"enemies":"Slavers","floor":25.0,"turns":6.0},{"damage":5,"enemies":"Gremlin Leader","floor":28,"turns":7},{"damage":0,"enemies":"3 Cultists","floor":29,"turns":5},{"damage":0,"enemies":"Cultist and Chosen","floor":30,"turns":5},{"damage":26,"enemies":"Collector","floor":33,"turns":9},{"damage":0,"enemies":"3 Shapes","floor":35,"turns":5},{"damage":4,"enemies":"3 Darklings","floor":38,"turns":5},{"damage":8,"enemies":"Spire Growth","floor":39,"turns":6},{"damage":0,"enemies":"Mind Bloom Boss Battle","floor":41,"turns":4},{"damage":9,"enemies":"Giant Head","floor":45,"turns":6},{"damage":22,"enemies":"Writhing Mass","floor":46,"turns":7},{"damage":12,"enemies":"Jaw Worm Horde","floor":47,"turns":6},{"damage":5,"enemies":"Maw","floor":48,"turns":8},{"damage":40,"enemies":"Awakened One","floor":50,"turns":20},{"damage":26,"enemies":"Shield and Spear","floor":54,"turns":11},{"damage":89,"enemies":"The Heart","floor":55,"turns":11}],"seed_played":"-6662489648353057681","potions_obtained":[{"floor":1.0,"key":"Weak Potion"},{"floor":7.0,"key":"Dexterity Potion"},{"floor":11.0,"key":"SkillPotion"},{"floor":25.0,"key":"Weak Potion"},{"floor":29,"key":"EssenceOfSteel"},{"floor":30,"key":"StancePotion"},{"floor":35,"key":"AttackPotion"},{"floor":47,"key":"Energy Potion"},{"floor":54,"key":"FairyPotion"}],"is_trial":false,"path_per_floor":["M","M","M","M","$","R","M","R","T","R","M","?","$","E","R","B",null,"M","M","$","M","T","R","M","E","T","R","E","M","M","?","R","B",null,"M","$","?","M","M","R","?","R","T","?","E","M","M","M","R","B",null,"R","$","E","B"],"character_chosen":"WATCHER","items_purchased":["Establishment","Conclude","ThirdEye","TalkToTheHand","Crescendo","Adaptation","CleanseEvil","WindmillStrike","Incense Burner"],"campfire_rested":3,"item_purchase_floors":[5,13,13,20,20,36,36,36,53],"current_hp_per_floor":[65,65,65,56,56,56,56,56,56,56,34,27,27,27,27,27,65,51,42,42,22,22,41,36,27,27,46,51,51,51,51,51,25,75,75,75,75,73,67,67,69,69,69,69,60,38,26,21,45,5,81,81,81,57,0],"gold":36,"neow_bonus":"THREE_ENEMY_KILL","is_prod":false,"is_daily":false,"chose_seed":false,"campfire_upgraded":7,"win_rate":0.0,"timestamp":1568067176,"path_taken":["M","M","?","M","$","R","?","R","T","R","M","?","?","E","R","BOSS","M","M","$","?","?","R","?","E","T","R","E","M","?","?","R","BOSS","M","$","?","M","M","R","?","R","T","?","E","?","M","?","R","BOSS","R","$","E","BOSS"],"build_version":"2019-09-09","purchased_purges":2,"victory":false,"max_hp_per_floor":[65,65,65,65,65,65,65,65,65,65,65,65,65,65,65,65,65,65,65,65,65,65,65,65,65,65,65,75,75,75,75,75,75,75,75,75,75,77,79,79,81,81,81,81,81,81,81,81,81,81,81,81,81,83,83],"card_choices":[{"not_picked":["ClearTheMind","EmptyBody"],"picked":"Protect","floor":1.0},{"not_picked":["Protect","EmptyBody"],"picked":"WindmillStrike","floor":2.0},{"not_picked":["Adaptation","FollowUp"],"picked":"Halt","floor":3.0},{"not_picked":["Protect","Collect"],"picked":"EmptyFist","floor":4.0},{"not_picked":["Vengeance","PathToVictory"],"picked":"Vault","floor":7.0},{"not_picked":["EmptyFist","CrushJoints"],"picked":"SandsOfTime","floor":11.0},{"not_picked":["Weave","Establishment"],"picked":"EmptyFist","floor":14.0},{"not_picked":["Pray","Omniscience"],"picked":"Brilliance","floor":16.0},{"not_picked":["Weave+1","Establishment+1"],"picked":"CrushJoints","floor":18.0},{"not_picked":["Consecrate","BowlingBash"],"picked":"Crescendo","floor":19.0},{"not_picked":["FollowUp","WindmillStrike"],"picked":"FlyingSleeves+1","floor":21.0},{"not_picked":["Tantrum","ThirdEye+1"],"picked":"Protect","floor":24.0},{"not_picked":["Weave","Collect"],"picked":"Sanctity","floor":25.0},{"not_picked":["Adaptation","SignatureMove"],"picked":"CutThroughFate","floor":28},{"not_picked":["Sanctity","Perseverance"],"picked":"FearNoEvil+1","floor":29},{"not_picked":["Establishment","FollowUp"],"picked":"Protect","floor":30},{"not_picked":["Unraveling","LessonLearned"],"picked":"FlowState","floor":33},{"not_picked":[],"picked":"ClearTheMind+1","floor":35},{"not_picked":["TalkToTheHand"],"picked":"Singing Bowl","floor":38},{"not_picked":["EmptyFist+1"],"picked":"Singing Bowl","floor":39},{"not_picked":["Weave"],"picked":"Singing Bowl","floor":41},{"not_picked":[],"picked":"TalkToTheHand+1","floor":45},{"not_picked":[],"picked":"Worship","floor":46},{"not_picked":[],"picked":"ForeignInfluence","floor":47},{"not_picked":[],"picked":"CarveReality+1","floor":48},{"not_picked":["JustLucky+1"],"picked":"Singing Bowl","floor":54}],"player_experience":584151,"relics_obtained":[{"floor":9.0,"key":"Singing Bowl"},{"floor":14.0,"key":"Thread and Needle"},{"floor":25.0,"key":"Lantern"},{"floor":26.0,"key":"Bag of Marbles"},{"floor":28,"key":"Pear"},{"floor":41,"key":"Dead Branch"},{"floor":43,"key":"Molten Egg 2"},{"floor":45,"key":"InkBottle"},{"floor":54,"key":"Boot"}],"event_choices":[{"cards_removed":["Strike_P"],"damage_healed":0.0,"max_hp_gain":0.0,"max_hp_loss":0.0,"gold_gain":0.0,"event_name":"Golden Wing","player_choice":"Card Removal","floor":12.0,"gold_loss":0.0,"damage_taken":7.0},{"damage_healed":0,"gold_gain":0,"player_choice":"Ignored","damage_taken":0,"max_hp_gain":0,"max_hp_loss":0,"event_name":"Ghosts","floor":31,"gold_loss":0},{"cards_removed":["FlowState"],"damage_healed":0,"gold_gain":0,"player_choice":"Removed Skill","damage_taken":0,"max_hp_gain":0,"max_hp_loss":0,"event_name":"Falling","floor":37,"gold_loss":0},{"damage_healed":0,"gold_gain":0,"player_choice":"Fight","damage_taken":0,"max_hp_gain":0,"max_hp_loss":0,"event_name":"MindBloom","floor":41,"gold_loss":0},{"damage_healed":0,"gold_gain":0,"player_choice":"Copied","damage_taken":0,"max_hp_gain":0,"max_hp_loss":0,"event_name":"Duplicator","floor":44,"gold_loss":0,"cards_obtained":["DevaForm"]}],"is_beta":true,"boss_relics":[{"not_picked":["Ectoplasm","Calling Bell"],"picked":"Pandora\u0027s Box"},{"not_picked":["Coffee Dripper","Velvet Choker"],"picked":"Busted Crown"}],"items_purged_floors":[5,36],"is_endless":false,"potions_floor_spawned":[1,7,11,21,25,29,30,35,39,41,47,54],"killed_by":"The Heart","ascension_level":0}