{"path_per_floor":["M","?","M","T","M","E","M","E","T","M","M","R","?","?","R","B",null,"M","?","?","$","M","R","M","?","T","R","?","M","M","M","R","B",null,"M","M","$","?","M","R","T","R","T","M","M","M","M","M","R","B"],"character_chosen":"IRONCLAD","items_purchased":["Immolate","Potion Belt","Reaper"],"gold_per_floor":[112,112,132,156,166,194,209,239,239,257,277,277,277,277,277,375,375,392,392,392,12,23,23,33,33,33,33,33,50,67,82,82,183,183,199,215,64,64,79,79,132,132,186,199,217,235,248,267,267,267],"floor_reached":51,"campfire_rested":0,"playtime":1830,"item_purchase_floors":[21,21,37],"current_hp_per_floor":[80,80,80,80,80,73,67,49,49,48,52,52,52,52,52,58,80,72,72,72,72,80,80,56,56,56,56,56,62,67,61,61,31,80,64,62,62,62,64,64,64,64,64,64,58,60,69,77,77,50],"items_purged":["Strike_R"],"gold":267,"score":740,"play_id":"4b1203b1-7678-4357-8860-2c6675f92416","local_time":"20180519200916","is_prod":false,"is_daily":false,"chose_seed":false,"is_ascension_mode":false,"campfire_upgraded":8,"timestamp":1526774956,"campfire_choices":[{"data":"Whirlwind","floor":12,"key":"SMITH"},{"data":"Flex","floor":15,"key":"SMITH"},{"data":"Demon Form","floor":23,"key":"SMITH"},{"data":"Immolate","floor":27,"key":"SMITH"},{"data":"Limit Break","floor":32,"key":"SMITH"},{"data":"Uppercut","floor":40,"key":"SMITH"},{"data":"Flex","floor":42,"key":"SMITH"},{"data":"Flex","floor":49,"key":"SMITH"}],"path_taken":["M","?","?","?","M","E","M","E","T","M","M","R","?","?","R","BOSS","M","?","?","$","M","R","M","?","T","R","?","M","?","M","R","BOSS","M","M","$","?","?","R","?","R","T","?","M","M","M","M","R","BOSS"],"build_version":"2018-05-18","seed_source_timestamp":1549627543324807,"purchased_purges":1,"victory":true,"master_deck":["Strike_R","Strike_R","Strike_R","Defend_R","Defend_R","Defend_R","Defend_R","Bash","Battle Trance","Double Tap","Flex+1","Thunderclap","Whirlwind+1","Armaments","Demon Form+1","Flex+1","Immolate+1","Flex+1","Thunderclap+1","Uppercut+1","Limit Break+1","Reaper+1","Reaper+1","Apotheosis","Heavy Blade","Sever Soul+1","True Grit+1"],"max_hp_per_floor":[80,80,80,80,80,80,80,80,80,80,80,80,80,80,80,80,80,80,80,80,80,80,80,80,80,80,80,80,80,80,80,80,80,80,80,80,80,80,80,80,80,80,80,80,80,80,80,80,80,80],"relics":["Burning Blood","Orichalcum","Omamori","Bird Faced Urn","Meat on the Bone","Oddly Smooth Stone","Snecko Eye","Potion Belt","Matryoshka","Runic Pyramid","Anchor","Whetstone","Darkstone Periapt","Tiny Chest"],"card_choices":[{"not_picked":["Wild Strike","Clash"],"picked":"Battle Trance","floor":1},{"not_picked":["Reckless Charge","Iron Wave"],"picked":"Double Tap","floor":3},{"not_picked":["Combust","Fire Breathing"],"picked":"Flex","floor":5},{"not_picked":["Shrug It Off","Spot Weakness"],"picked":"Thunderclap","floor":6},{"not_picked":["Corruption","Sever Soul"],"picked":"Whirlwind","floor":7},{"not_picked":["Feel No Pain","True Grit"],"picked":"Armaments","floor":8},{"not_picked":["Thunderclap","Sever Soul","Reckless Charge"],"picked":"SKIP","floor":10},{"not_picked":["True Grit","Cleave","Armaments"],"picked":"SKIP","floor":11},{"not_picked":["Exhume","Barricade"],"picked":"Demon Form","floor":16},{"not_picked":["Perfected Strike","Sentinel"],"picked":"Flex","floor":18},{"not_picked":["Second Wind","Headbutt","True Grit"],"picked":"SKIP","floor":22},{"not_picked":["Perfected Strike","Intimidate"],"picked":"Flex","floor":24},{"not_picked":["Perfected Strike","Blood for Blood"],"picked":"Thunderclap+1","floor":29},{"not_picked":["Headbutt","Burning Pact"],"picked":"Uppercut","floor":30},{"not_picked":["Thunderclap","Heavy Blade"],"picked":"Limit Break","floor":31},{"not_picked":["Barricade","Demon Form"],"picked":"Reaper","floor":33},{"not_picked":["Reckless Charge","Sword Boomerang","Anger"],"picked":"SKIP","floor":35},{"not_picked":["Spot Weakness+1","Flex","Carnage"],"picked":"SKIP","floor":36},{"not_picked":["Enlightenment","Purity"],"picked":"Apotheosis","floor":38},{"not_picked":["Cleave+1","Perfected Strike","Clothesline+1"],"picked":"SKIP","floor":39},{"not_picked":["Spot Weakness+1","Searing Blow"],"picked":"Heavy Blade","floor":44},{"not_picked":["Seeing Red","Body Slam+1"],"picked":"Sever Soul+1","floor":45},{"not_picked":["Pommel Strike","Thunderclap"],"picked":"True Grit+1","floor":46},{"not_picked":["Carnage","Sever Soul","Cleave+1"],"picked":"SKIP","floor":47},{"not_picked":["Carnage","Dual Wield","Cleave"],"picked":"SKIP","floor":48}],"player_experience":473551,"potions_floor_usage":[30,36,39,45,45,45,45,45,45,47,47,50,50,50],"damage_taken":[{"damage":5,"enemies":"Small Slimes","floor":1,"turns":4},{"damage":2,"enemies":"Cultist","floor":3,"turns":5},{"damage":0,"enemies":"2 Louse","floor":5,"turns":3},{"damage":13,"enemies":"3 Sentries","floor":6,"turns":8},{"damage":12,"enemies":"Exordium Wildlife","floor":7,"turns":5},{"damage":24,"enemies":"Lagavulin","floor":8,"turns":5},{"damage":7,"enemies":"Red Slaver","floor":10,"turns":4},{"damage":2,"enemies":"2 Fungi Beasts","floor":11,"turns":4},{"damage":0,"enemies":"Slime Boss","floor":16,"turns":7},{"damage":16,"enemies":"Shell Parasite","floor":18,"turns":6},{"damage":0,"enemies":"3 Byrds","floor":22,"turns":2},{"damage":30,"enemies":"Snake Plant","floor":24,"turns":4},{"damage":0,"enemies":"Centurion and Healer","floor":29,"turns":2},{"damage":3,"enemies":"Chosen and Byrds","floor":30,"turns":4},{"damage":12,"enemies":"Cultist and Chosen","floor":31,"turns":3},{"damage":50,"enemies":"Automaton","floor":33,"turns":7},{"damage":51,"enemies":"3 Darklings","floor":35,"turns":5},{"damage":10,"enemies":"Orb Walker","floor":36,"turns":3},{"damage":24,"enemies":"4 Shapes","floor":39,"turns":3},{"damage":22,"enemies":"3 Darklings","floor":44,"turns":5},{"damage":40,"enemies":"Spire Growth","floor":45,"turns":4},{"damage":4,"enemies":"Sphere and 2 Shapes","floor":46,"turns":3},{"damage":32,"enemies":"Maw","floor":47,"turns":8},{"damage":0,"enemies":"Flame Bruiser 2 Orb","floor":48,"turns":2},{"damage":65,"enemies":"Time Eater","floor":50,"turns":7}],"relics_obtained":[{"floor":4,"key":"Omamori"},{"floor":6,"key":"Bird Faced Urn"},{"floor":8,"key":"Meat on the Bone"},{"floor":9,"key":"Oddly Smooth Stone"},{"floor":26,"key":"Matryoshka"},{"floor":41,"key":"Anchor"},{"floor":41,"key":"Whetstone"},{"floor":43,"key":"Darkstone Periapt"},{"floor":43,"key":"Tiny Chest"}],"event_choices":[{"event_name":"Shining Light","player_choice":"Ignored","floor":2,"damage_taken":0},{"event_name":"Golden Wing","player_choice":"Ignored","floor":13,"damage_taken":0},{"event_name":"Liars Game","player_choice":"disagreed","floor":14,"damage_taken":0},{"event_name":"N\u0027loth","player_choice":"Ignored","floor":19,"damage_taken":0},{"event_name":"Back to Basics","player_choice":"Elegance","floor":20,"damage_taken":0},{"event_name":"Beggar","player_choice":"Ignored","floor":25,"damage_taken":0},{"event_name":"Addict","player_choice":"Ignored","floor":28,"damage_taken":0},{"event_name":"SensoryStone","player_choice":"Memory 1","floor":38,"damage_taken":0}],"boss_relics":[{"not_picked":["Eternal Feather","Lizard Tail"],"picked":"Snecko Eye"},{"not_picked":["Sozu","Calling Bell"],"picked":"Runic Pyramid"}],"items_purged_floors":[21],"potions_floor_spawned":[3,5,8,10,18,24,31,33,35,36,44,45],"seed_played":"1817025891024177050","ascension_level":0,"potions_obtained":[{"floor":3,"key":"Energy Potion"},{"floor":5,"key":"Ancient Potion"},{"floor":8,"key":"FearPotion"},{"floor":10,"key":"AttackPotion"},{"floor":24,"key":"Strength Potion"},{"floor":31,"key":"Energy Potion"},{"floor":33,"key":"GamblersBrew"},{"floor":35,"key":"Fire Potion"},{"floor":36,"key":"EntropicBrew"},{"floor":44,"key":"Poison Potion"},{"floor":45,"key":"FearPotion"}],"is_trial":false}