{"path_per_floor":["M","M","$","M","M","E","?","$","T","R","M","M","$","M","R","B",null,"M","?","M","?","?","R","M","R","T","M","M","M","$","M","R","B",null,"M","M","?","$","M","R","M","R","T","M","M","M","R","M","R"],"character_chosen":"IRONCLAD","items_purchased":["Corruption","Pen Nib","Apotheosis","Rampage"],"gold_per_floor":[19,29,29,48,60,90,265,119,119,119,137,154,11,22,22,126,126,138,138,150,150,150,150,168,168,195,215,233,247,43,61,61,166,166,179,194,194,118,137,137,154,154,179,197,213,229,229,239,239,239],"floor_reached":50,"campfire_rested":0,"playtime":2520,"current_hp_per_floor":[80,75,75,72,70,40,40,40,40,40,46,52,52,52,52,8,80,80,80,82,41,41,41,36,36,36,41,36,36,36,20,20,9,43,25,31,31,31,30,43,43,43,43,45,29,32,46,49,49,0],"items_purged":["Doubt"],"gold":239,"score":504,"play_id":"289e010d-4f88-4881-8225-9a994fbb04ec","local_time":"20180418160534","is_prod":false,"is_daily":false,"chose_seed":false,"is_ascension_mode":false,"campfire_upgraded":9,"timestamp":1524081934,"path_taken":["M","M","$","M","M","E","?","$","T","R","M","M","$","M","R","BOSS","M","?","M","?","?","R","?","R","T","M","M","M","$","M","R","BOSS","M","?","?","$","M","R","M","R","T","M","M","M","R","?","R","BOSS"],"build_version":"2018-04-12","seed_source_timestamp":1525580172005386,"purchased_purges":1,"victory":false,"master_deck":["Strike_R","Strike_R+1","Strike_R","Strike_R+1","Defend_R","Defend_R","Defend_R","Defend_R","Bash+1","Bloodletting","Carnage+1","Flex","Shrug It Off","Flex","Corruption+1","Shrug It Off","Disarm","Pummel","Impervious","Entrench","Shrug It Off","Ghostly+1","Ghostly","Ghostly","Ghostly","Ghostly","Metallicize+1","Impervious","Carnage","Apotheosis+1","Metallicize+1","Barricade+1","Flame Barrier","Armaments+1","Rampage+1","Flame Barrier","Intimidate+1","Sentinel+1"],"max_hp_per_floor":[80,80,80,80,80,80,80,80,80,80,80,80,80,80,80,80,80,80,80,82,41,41,41,41,41,41,41,43,43,43,43,43,43,43,43,43,43,43,43,43,43,43,43,45,47,49,49,49,49,49],"relics":["Burning Blood","Sundial","Singing Bowl","Thread and Needle","Pen Nib","Mark of Pain","Whetstone","Eternal Feather","Regal Pillow"],"card_choices":[{"not_picked":["Pommel Strike","Reckless Charge"],"picked":"Bloodletting","floor":1},{"not_picked":["Heavy Blade","Reckless Charge"],"picked":"Carnage","floor":2},{"not_picked":["Intimidate","Pummel"],"picked":"Flex","floor":4},{"not_picked":["Warcry","Armaments"],"picked":"Shrug It Off","floor":5},{"not_picked":["Shockwave","Clothesline"],"picked":"Flex","floor":6},{"not_picked":["Infernal Blade","Evolve"],"picked":"Shrug It Off","floor":11},{"not_picked":["Second Wind","Dual Wield"],"picked":"Disarm","floor":12},{"not_picked":["Fire Breathing","Sever Soul"],"picked":"Pummel","floor":14},{"not_picked":["Barricade","Demon Form"],"picked":"Impervious","floor":16},{"not_picked":["Flex","Combust"],"picked":"Entrench","floor":18},{"not_picked":["Warcry","Anger"],"picked":"Metallicize","floor":24},{"not_picked":["Pommel Strike","Combust"],"picked":"Impervious","floor":27},{"not_picked":["Sword Boomerang","Armaments"],"picked":"Carnage","floor":29},{"not_picked":["Shrug It Off","Havoc"],"picked":"Metallicize","floor":31},{"not_picked":["Reaper","Exhume"],"picked":"Barricade","floor":33},{"not_picked":["Headbutt","Twin Strike"],"picked":"Flame Barrier","floor":35},{"not_picked":["Shrug It Off","Headbutt"],"picked":"Armaments","floor":36},{"not_picked":["Perfected Strike","Spot Weakness"],"picked":"Flame Barrier","floor":39},{"not_picked":["Havoc","Iron Wave"],"picked":"Intimidate","floor":41},{"not_picked":["Burning Pact","Rage"],"picked":"Sentinel","floor":48}],"player_experience":372361,"potions_floor_usage":[28,29,33,33,33,39,45,50,50,50],"damage_taken":[{"damage":2,"enemies":"2 Louse","floor":1,"turns":3},{"damage":11,"enemies":"Jaw Worm","floor":2,"turns":4},{"damage":9,"enemies":"Cultist","floor":4,"turns":3},{"damage":8,"enemies":"3 Louse","floor":5,"turns":3},{"damage":36,"enemies":"Lagavulin","floor":6,"turns":6},{"damage":0,"enemies":"Blue Slaver","floor":11,"turns":2},{"damage":0,"enemies":"2 Fungi Beasts","floor":12,"turns":3},{"damage":6,"enemies":"Large Slime","floor":14,"turns":7},{"damage":50,"enemies":"Slime Boss","floor":16,"turns":13},{"damage":0,"enemies":"Chosen","floor":18,"turns":5},{"damage":6,"enemies":"Shell Parasite","floor":20,"turns":6},{"damage":11,"enemies":"Snecko","floor":24,"turns":7},{"damage":0,"enemies":"Snake Plant","floor":27,"turns":8},{"damage":13,"enemies":"3 Cultists","floor":28,"turns":9},{"damage":6,"enemies":"Chosen and Byrds","floor":29,"turns":10},{"damage":22,"enemies":"Sentry and Sphere","floor":31,"turns":10},{"damage":17,"enemies":"Collector","floor":33,"turns":13},{"damage":24,"enemies":"3 Shapes","floor":35,"turns":10},{"damage":0,"enemies":"3 Darklings","floor":36,"turns":9},{"damage":7,"enemies":"4 Shapes","floor":39,"turns":15},{"damage":0,"enemies":"Maw","floor":41,"turns":13},{"damage":0,"enemies":"Sphere and 2 Shapes","floor":44,"turns":11},{"damage":24,"enemies":"4 Shapes","floor":45,"turns":8},{"damage":5,"enemies":"3 Darklings","floor":46,"turns":14},{"damage":0,"enemies":"Maw","floor":48,"turns":16},{"damage":61,"enemies":"Donu and Deca","floor":50,"turns":9}],"event_choices":[{"event_name":"Liars Game","player_choice":"agreed","floor":7,"damage_taken":0},{"event_name":"The Library","player_choice":"Read","floor":19,"damage_taken":0},{"event_name":"Ghosts","player_choice":"Became a Ghost","floor":21,"damage_taken":0},{"event_name":"Back to Basics","player_choice":"Elegance","floor":22,"damage_taken":0},{"event_name":"Mysterious Sphere","player_choice":"Ignore","floor":37,"damage_taken":0}],"boss_relics":[{"not_picked":["Black Star","Pandora\u0027s Box"],"picked":"Mark of Pain"},{"not_picked":["Orrery","Sozu"],"picked":"Eternal Feather"}],"potions_floor_spawned":[4,5,11,16,28,29,33,36,44,45,48],"seed_played":"7274571942396157284","killed_by":"Donu and Deca","ascension_level":0,"is_trial":false}