{"gold_per_floor":[118,118,136,211,211,211,245,245,270,281,16,36,36,53,53,129,129,140,97,112,112,112,112,112],"floor_reached":24,"playtime":811,"items_purged":[],"score":378,"play_id":"f15f7ee0-40e5-42dd-889e-1e2b048b64e7","local_time":"20190917175138","is_ascension_mode":true,"campfire_choices":[{"data":"Neutralize","floor":6.0,"key":"SMITH"},{"floor":8.0,"key":"REST"},{"floor":13.0,"key":"REST"},{"data":"Burst","floor":15.0,"key":"SMITH"},{"floor":23,"key":"REST"}],"neow_cost":"NONE","seed_source_timestamp":273764892849500,"circlet_count":0,"master_deck":["AscendersBane","Survivor","Neutralize+1","Terror","Cloak And Dagger","Footwork","Escape Plan","Dash","Quick Slash","Cloak And Dagger","Burst+1","Venomology","Footwork","Phantasmal Killer","Distraction","Blade Dance","Tactician","A Thousand Cuts+1","Caltrops","Dagger Spray","Glass Knife","Envenom","Dodge and Roll+1","Footwork","Escape Plan"],"special_seed":0,"relics":["Ring of the Snake","InkBottle","Letter Opener","Smiling Mask","Pandora\u0027s Box"],"potions_floor_usage":[20,24],"damage_taken":[{"damage":4.0,"enemies":"Small Slimes","floor":1.0,"turns":5.0},{"damage":3.0,"enemies":"2 Louse","floor":3.0,"turns":4.0},{"damage":56.0,"enemies":"3 Sentries","floor":7.0,"turns":18.0},{"damage":2.0,"enemies":"Cultist","floor":10.0,"turns":4.0},{"damage":13.0,"enemies":"Exordium Wildlife","floor":12.0,"turns":5.0},{"damage":0.0,"enemies":"Looter","floor":14.0,"turns":3.0},{"damage":28.0,"enemies":"Hexaghost","floor":16.0,"turns":15.0},{"damage":24.0,"enemies":"Shell Parasite","floor":18.0,"turns":6.0},{"damage":26,"enemies":"Chosen","floor":20,"turns":6},{"damage":22,"enemies":"Book of Stabbing","floor":24,"turns":2}],"seed_played":"-5386815555888444333","potions_obtained":[{"floor":3.0,"key":"FearPotion"},{"floor":7.0,"key":"FearPotion"},{"floor":16.0,"key":"FearPotion"}],"is_trial":false,"path_per_floor":["M","?","M","?","?","R","E","R","T","M","$","M","R","M","R","B",null,"M","$","M","?","?","R","E"],"character_chosen":"THE_SILENT","items_purchased":["Escape Plan","Dash","Quick Slash","GhostInAJar","Footwork"],"campfire_rested":3,"item_purchase_floors":[11,11,11,11,19],"current_hp_per_floor":[55,55,52,41,66,66,10,29,29,27,27,14,33,33,33,5,51,27,27,1,1,1,20,0],"gold":112,"neow_bonus":"RANDOM_COMMON_RELIC","is_prod":false,"is_daily":false,"chose_seed":false,"campfire_upgraded":2,"win_rate":0,"timestamp":1568760698,"path_taken":["M","?","M","?","?","R","E","R","T","M","$","M","R","M","R","BOSS","M","$","?","?","?","R","E"],"build_version":"2019-09-17","purchased_purges":0,"victory":false,"max_hp_per_floor":[66,66,66,66,66,66,66,66,66,66,66,66,66,66,66,66,66,66,66,66,66,66,66,66],"card_choices":[{"not_picked":["Slice","Acrobatics"],"picked":"Heel Hook","floor":1.0},{"not_picked":["Backflip","Blur"],"picked":"Terror","floor":3.0},{"not_picked":["Dagger Throw","Expertise"],"picked":"Cloak And Dagger","floor":7.0},{"not_picked":["Escape Plan","Accuracy"],"picked":"Footwork","floor":10.0},{"not_picked":["Sucker Punch","Eviscerate"],"picked":"Cloak And Dagger","floor":12.0},{"not_picked":["Finisher","Setup"],"picked":"Burst","floor":14.0},{"not_picked":["Storm of Steel","Grand Finale"],"picked":"Venomology","floor":16.0},{"not_picked":["Endless Agony","PiercingWail"],"picked":"Dodge and Roll+1","floor":18},{"not_picked":["Bouncing Flask","Dash"],"picked":"Escape Plan","floor":20}],"player_experience":1366730,"relics_obtained":[{"floor":7.0,"key":"Letter Opener"},{"floor":9.0,"key":"Smiling Mask"}],"event_choices":[{"damage_healed":0.0,"max_hp_gain":0.0,"max_hp_loss":0.0,"gold_gain":0.0,"event_name":"Golden Wing","player_choice":"Ignored","floor":2.0,"gold_loss":0.0,"damage_taken":0.0},{"damage_healed":0.0,"max_hp_gain":0.0,"max_hp_loss":0.0,"gold_gain":75.0,"event_name":"World of Goop","player_choice":"Gather Gold","floor":4.0,"gold_loss":0.0,"damage_taken":11.0},{"cards_removed":["Heel Hook"],"damage_healed":25.0,"max_hp_gain":0.0,"max_hp_loss":0.0,"gold_gain":0.0,"event_name":"Bonfire Elementals","player_choice":"Offered Uncommon","floor":5.0,"gold_loss":0.0,"damage_taken":0.0},{"damage_healed":0,"gold_gain":0,"player_choice":"Ignored","damage_taken":0,"max_hp_gain":0,"max_hp_loss":0,"event_name":"The Mausoleum","floor":21,"gold_loss":0},{"damage_healed":0,"gold_gain":0,"player_choice":"Forge","damage_taken":0,"max_hp_gain":0,"max_hp_loss":0,"event_name":"Accursed Blacksmith","floor":22,"gold_loss":0,"cards_upgraded":["A Thousand Cuts"]}],"is_beta":true,"boss_relics":[{"not_picked":["Runic Pyramid","Busted Crown"],"picked":"Pandora\u0027s Box"}],"items_purged_floors":[],"is_endless":false,"potions_floor_spawned":[3,7,14,16,18],"killed_by":"Book of Stabbing","ascension_level":19}