{"gold_per_floor":[110,110,185,200,210,210,245,245,245,245,255,271,50,70,70,70],"floor_reached":16,"playtime":3171,"items_purged":[],"score":107,"play_id":"cb976ff3-c74d-4a3e-bad0-49cedc7b17b8","local_time":"20190916010354","is_ascension_mode":true,"campfire_choices":[{"data":"Dodge and Roll","floor":6,"key":"SMITH"},{"data":"Dodge and Roll","floor":8,"key":"SMITH"},{"data":"Survivor","floor":15,"key":"SMITH"}],"neow_cost":"NONE","seed_source_timestamp":2577813927981100,"circlet_count":0,"master_deck":["Strike_G","Strike_G","Strike_G","Strike_G","Strike_G","Defend_G","Defend_G","Defend_G","Defend_G","Survivor+1","Neutralize+1","Slice","Dodge and Roll+1","Dodge and Roll+1","Deflect+1","Backflip+1","Deflect+1","Distraction+1"],"relics":["Coffee Dripper","Boot","Toxic Egg 2","Lee\u0027s Waffle"],"potions_floor_usage":[5,16],"damage_taken":[{"damage":0,"enemies":"Small Slimes","floor":1,"turns":5},{"damage":2,"enemies":"Jaw Worm","floor":4,"turns":4},{"damage":0,"enemies":"Cultist","floor":5,"turns":3},{"damage":14,"enemies":"3 Sentries","floor":7,"turns":11},{"damage":11,"enemies":"Lots of Slimes","floor":11,"turns":4},{"damage":0,"enemies":"Large Slime","floor":12,"turns":8},{"damage":0,"enemies":"Exordium Wildlife","floor":14,"turns":6},{"damage":81,"enemies":"Hexaghost","floor":16,"turns":21}],"seed_played":"7687804425370177139","potions_obtained":[{"floor":4,"key":"SkillPotion"},{"floor":7,"key":"Weak Potion"}],"is_trial":false,"path_per_floor":["M","?","?","M","M","R","E","R","T","?","M","M","$","M","R","B"],"character_chosen":"THE_SILENT","items_purchased":["Lee\u0027s Waffle","Deflect+1"],"campfire_rested":0,"item_purchase_floors":[13,13],"current_hp_per_floor":[70,63,52,50,50,50,36,36,36,36,25,25,77,77,77,0],"gold":70,"neow_bonus":"BOSS_RELIC","is_prod":false,"is_daily":false,"chose_seed":false,"campfire_upgraded":3,"win_rate":0,"timestamp":1568610234,"path_taken":["M","?","?","M","M","R","E","R","T","?","M","?","$","M","R","BOSS"],"build_version":"2019-07-17","purchased_purges":0,"victory":false,"max_hp_per_floor":[70,70,70,70,70,70,70,70,70,70,70,70,77,77,77,77],"card_choices":[{"not_picked":["PiercingWail","Predator"],"picked":"Slice","floor":1},{"not_picked":["Flechettes","Dagger Spray","Dagger Throw"],"picked":"SKIP","floor":4},{"not_picked":["PiercingWail","Expertise"],"picked":"Dodge and Roll","floor":5},{"not_picked":["Expertise","Caltrops"],"picked":"Dodge and Roll","floor":7},{"not_picked":["Cloak And Dagger+1","Endless Agony"],"picked":"Deflect+1","floor":11},{"not_picked":["Choke","Sucker Punch"],"picked":"Backflip+1","floor":12},{"not_picked":["Sucker Punch","Choke"],"picked":"Distraction+1","floor":14}],"player_experience":509346,"relics_obtained":[{"floor":7,"key":"Boot"},{"floor":9,"key":"Toxic Egg 2"}],"event_choices":[{"cards_removed":["Defend_G"],"damage_healed":0,"gold_gain":0,"player_choice":"Card Removal","damage_taken":7,"max_hp_gain":0,"max_hp_loss":0,"event_name":"Golden Wing","floor":2,"gold_loss":0},{"damage_healed":0,"gold_gain":75,"player_choice":"Gather Gold","damage_taken":11,"max_hp_gain":0,"max_hp_loss":0,"event_name":"World of Goop","floor":3,"gold_loss":0},{"damage_healed":0,"gold_gain":0,"player_choice":"Upgraded","damage_taken":0,"max_hp_gain":0,"max_hp_loss":0,"event_name":"Upgrade Shrine","floor":10,"gold_loss":0,"cards_upgraded":["Neutralize"]}],"is_beta":false,"boss_relics":[],"items_purged_floors":[],"is_endless":false,"potions_floor_spawned":[4,7],"killed_by":"Hexaghost","ascension_level":1}