{"gold_per_floor":[131,156,128,142,161,161,188,188,215,225,245,245,256,47,47,145,145,156,255,165,175,30,30,30,30,30,58,58,58,72,22,22,127,127,147,147,0,11,11,11,30,30,30,30,30,30,41,41,41,41],"floor_reached":51,"playtime":5143,"items_purged":[],"score":638,"play_id":"fab60cf2-3b2a-4fac-94bf-6ec1cdedbb5f","local_time":"20190912120644","is_ascension_mode":false,"campfire_choices":[{"data":"Backflip","floor":6,"key":"SMITH"},{"floor":8,"key":"REST"},{"data":"Poisoned Stab","floor":15,"key":"SMITH"},{"data":"Bouncing Flask","floor":23,"key":"SMITH"},{"data":"Deflect","floor":25,"key":"SMITH"},{"data":"Adrenaline","floor":32,"key":"SMITH"},{"data":"Distraction","floor":40,"key":"SMITH"},{"data":"Venomology","floor":42,"key":"SMITH"},{"data":"Escape Plan","floor":49,"key":"SMITH"}],"neow_cost":"NONE","seed_source_timestamp":139407503843899,"circlet_count":0,"master_deck":["Strike_G","Strike_G+1","Strike_G","Defend_G","Defend_G+1","Defend_G","Defend_G","Survivor","Neutralize+1","Deflect+1","Well Laid Plans","Bouncing Flask+1","Backflip+1","Poisoned Stab+1","Escape Plan+1","Prepared","Footwork","Venomology+1","Leg Sweep+1","Escape Plan+1","Acrobatics+1","Dodge and Roll+1","Adrenaline+1","Flechettes","Deadly Poison+1","Distraction+1","Prepared+1","Doubt","Backstab+1"],"relics":["Ring of the Snake","MawBank","Smiling Mask","Boot","Juzu Bracelet","TwistedFunnel","Astrolabe","Snake Skull","Darkstone Periapt","Whetstone","White Beast Statue","Pantograph","Red Mask","Blood Vial","Toxic Egg 2"],"potions_floor_usage":[7,30,30,30,33,33,35,35,38,47,50,50,50],"damage_taken":[{"damage":1,"enemies":"Cultist","floor":1,"turns":3},{"damage":0,"enemies":"2 Louse","floor":2,"turns":3},{"damage":5,"enemies":"Small Slimes","floor":4,"turns":6},{"damage":0,"enemies":"Red Slaver","floor":5,"turns":4},{"damage":14,"enemies":"3 Sentries","floor":7,"turns":13},{"damage":6,"enemies":"Large Slime","floor":10,"turns":6},{"damage":0,"enemies":"2 Fungi Beasts","floor":11,"turns":4},{"damage":0,"enemies":"Red Slaver","floor":13,"turns":4},{"damage":41,"enemies":"The Guardian","floor":16,"turns":9},{"damage":0,"enemies":"Chosen","floor":18,"turns":5},{"damage":5,"enemies":"3 Byrds","floor":21,"turns":6},{"damage":56,"enemies":"Gremlin Leader","floor":27,"turns":6},{"damage":1,"enemies":"Centurion and Healer","floor":30,"turns":6},{"damage":40,"enemies":"Automaton","floor":33,"turns":15},{"damage":14,"enemies":"3 Darklings","floor":35,"turns":3},{"damage":0,"enemies":"3 Shapes","floor":38,"turns":4},{"damage":5,"enemies":"Jaw Worm Horde","floor":41,"turns":4},{"damage":2,"enemies":"Maw","floor":47,"turns":8},{"damage":71,"enemies":"Time Eater","floor":50,"turns":15}],"seed_played":"-7225785847553816526","potions_obtained":[{"floor":1,"key":"Regen Potion"},{"floor":5,"key":"EssenceOfSteel"},{"floor":10,"key":"Dexterity Potion"},{"floor":11,"key":"Regen Potion"},{"floor":33,"key":"Poison Potion"},{"floor":35,"key":"Swift Potion"},{"floor":38,"key":"Fruit Juice"}],"is_trial":false,"path_per_floor":["M","M","$","M","M","R","E","R","T","M","M","?","M","$","R","B",null,"M","?","?","M","$","R","?","R","T","E","?","$","M","?","R","B",null,"M","T","?","M","$","R","M","R","T","?","?","?","M","T","R","B",null],"character_chosen":"THE_SILENT","items_purchased":["Well Laid Plans","TwistedFunnel","Snake Skull"],"campfire_rested":1,"item_purchase_floors":[3,14,22],"current_hp_per_floor":[69,69,69,64,64,64,50,70,70,64,64,64,64,64,64,23,70,70,70,70,65,65,65,65,65,65,9,9,9,53,53,53,13,70,56,56,56,61,61,61,56,56,56,56,56,81,79,79,79,10],"gold":41,"neow_bonus":"RANDOM_COMMON_RELIC","is_prod":false,"is_daily":false,"chose_seed":false,"campfire_upgraded":8,"win_rate":0.0,"timestamp":1568282804,"path_taken":["M","?","?","M","M","R","E","R","T","M","M","?","M","$","R","BOSS","M","?","?","M","$","R","?","R","T","E","?","$","M","?","R","BOSS","M","?","?","M","?","R","M","R","T","?","?","?","M","?","R","BOSS"],"build_version":"2019-07-17","purchased_purges":0,"victory":true,"max_hp_per_floor":[70,70,70,70,70,70,70,70,70,70,70,70,70,70,70,70,70,70,70,70,70,70,70,70,70,70,70,70,70,70,70,70,70,70,70,70,70,75,75,75,75,75,75,75,75,81,81,81,81,81],"card_choices":[{"not_picked":["Calculated Gamble","PiercingWail"],"picked":"Deflect","floor":1},{"not_picked":["Slice","Flechettes"],"picked":"Well Laid Plans","floor":2},{"not_picked":["Distraction","Backflip"],"picked":"Bouncing Flask","floor":4},{"not_picked":["Slice","Caltrops"],"picked":"Backflip","floor":5},{"not_picked":["Deflect","Flying Knee"],"picked":"Poisoned Stab","floor":7},{"not_picked":["All Out Attack","Riddle With Holes"],"picked":"Escape Plan","floor":10},{"not_picked":["Caltrops","Dash"],"picked":"Prepared","floor":11},{"not_picked":["Well Laid Plans","Blade Dance"],"picked":"Footwork","floor":13},{"not_picked":["A Thousand Cuts","Doppelganger"],"picked":"Venomology","floor":16},{"not_picked":["All Out Attack","Dagger Throw+1"],"picked":"Acrobatics+1","floor":18},{"not_picked":["Dagger Throw","Terror"],"picked":"Dodge and Roll+1","floor":21},{"not_picked":["Quick Slash","Dagger Spray"],"picked":"Adrenaline","floor":27},{"not_picked":["Slice+1","PiercingWail"],"picked":"Flechettes","floor":30},{"not_picked":["Caltrops","Dodge and Roll+1"],"picked":"Deadly Poison+1","floor":35},{"not_picked":["Sucker Punch+1","Slice"],"picked":"Distraction","floor":38},{"not_picked":["Backflip+1","Infinite Blades+1"],"picked":"Prepared+1","floor":41},{"not_picked":["Quick Slash+1","Crippling Poison"],"picked":"Backstab+1","floor":47}],"player_experience":57342,"relics_obtained":[{"floor":7,"key":"Smiling Mask"},{"floor":9,"key":"Boot"},{"floor":26,"key":"Darkstone Periapt"},{"floor":27,"key":"Whetstone"},{"floor":36,"key":"Pantograph"},{"floor":43,"key":"Blood Vial"},{"floor":48,"key":"Toxic Egg 2"}],"event_choices":[{"damage_healed":0,"gold_gain":0,"player_choice":"Searched \u00271\u0027 times","damage_taken":0,"relics_obtained":["Juzu Bracelet"],"max_hp_gain":0,"max_hp_loss":0,"event_name":"Dead Adventurer","floor":12,"gold_loss":0},{"damage_healed":0,"gold_gain":99,"player_choice":"Stole From Cult","damage_taken":0,"max_hp_gain":0,"max_hp_loss":0,"event_name":"Nest","floor":19,"gold_loss":0},{"cards_removed":["Malaise"],"damage_healed":0,"gold_gain":0,"player_choice":"Upgrade and Remove","damage_taken":0,"max_hp_gain":0,"max_hp_loss":0,"event_name":"Designer","floor":20,"gold_loss":90,"cards_upgraded":["Defend_G"]},{"damage_healed":0,"gold_gain":0,"player_choice":"Ignored","damage_taken":0,"max_hp_gain":0,"max_hp_loss":0,"event_name":"Vampires","floor":24,"gold_loss":0},{"damage_healed":0,"gold_gain":0,"player_choice":"Ignored","damage_taken":0,"max_hp_gain":0,"max_hp_loss":0,"event_name":"Ghosts","floor":28,"gold_loss":0},{"damage_healed":0,"gold_gain":0,"player_choice":"Bet on Murderer","damage_taken":0,"max_hp_gain":0,"max_hp_loss":0,"event_name":"The Joust","floor":31,"gold_loss":50},{"damage_healed":0,"gold_gain":0,"player_choice":"Paid","damage_taken":0,"relics_obtained":["Red Mask"],"max_hp_gain":0,"max_hp_loss":0,"event_name":"Tomb of Lord Red Mask","floor":37,"gold_loss":147},{"damage_healed":0,"gold_gain":0,"player_choice":"Ignored","damage_taken":0,"max_hp_gain":0,"max_hp_loss":0,"event_name":"Mysterious Sphere","floor":44,"gold_loss":0},{"cards_removed":["Strike_G"],"damage_healed":0,"gold_gain":0,"player_choice":"Removed Attack","damage_taken":0,"max_hp_gain":0,"max_hp_loss":0,"event_name":"Falling","floor":45,"gold_loss":0},{"damage_healed":19,"gold_gain":0,"player_choice":"Heal","damage_taken":0,"max_hp_gain":0,"max_hp_loss":0,"event_name":"MindBloom","floor":46,"gold_loss":0,"cards_obtained":["Doubt"]}],"is_beta":false,"boss_relics":[{"not_picked":["Ring of the Serpent","Cursed Key"],"picked":"Astrolabe"},{"not_picked":["Runic Dome","Coffee Dripper"],"picked":"White Beast Statue"}],"items_purged_floors":[],"is_endless":false,"potions_floor_spawned":[1,5,10,11,21,27,33,35,38,41,47],"ascension_level":0}