{"gold_per_floor":[211,226,226,32,44,79,79,99,99,24,41,41,75,89,89,89],"floor_reached":16,"playtime":938,"items_purged":["Defend_R"],"score":151,"play_id":"9abd277f-05f4-4a0e-91f9-d1cf8e5e2b8a","local_time":"20190224121018","is_ascension_mode":true,"campfire_choices":[{"floor":7,"key":"REST"},{"floor":12,"key":"REST"},{"data":"1","floor":15,"key":"LIFT"}],"neow_cost":"NONE","seed_source_timestamp":117206371155,"circlet_count":0,"master_deck":["Strike_R","Strike_R","Strike_R","Strike_R","Defend_R","Defend_R","Defend_R","Bash","Havoc","Dropkick","Rage","Shrug It Off","Spot Weakness","Ghostly Armor","Fire Breathing","Blood for Blood","Armaments"],"relics":["Burning Blood","ClockworkSouvenir","Girya","Calipers","Mercury Hourglass"],"potions_floor_usage":[6,13,16],"damage_taken":[{"damage":20,"enemies":"Jaw Worm","floor":1,"turns":5},{"damage":11,"enemies":"Cultist","floor":2,"turns":4},{"damage":0,"enemies":"2 Louse","floor":5,"turns":3},{"damage":35,"enemies":"Lagavulin","floor":6,"turns":8},{"damage":17,"enemies":"Large Slime","floor":8,"turns":9},{"damage":11,"enemies":"Looter","floor":11,"turns":3},{"damage":25,"enemies":"3 Sentries","floor":13,"turns":6},{"damage":14,"enemies":"Lots of Slimes","floor":14,"turns":3},{"damage":48,"enemies":"Slime Boss","floor":16,"turns":5}],"seed_played":"-6637831066555248752","potions_obtained":[{"floor":2,"key":"GamblersBrew"},{"floor":5,"key":"Strength Potion"},{"floor":11,"key":"PowerPotion"},{"floor":13,"key":"GamblersBrew"}],"is_trial":false,"path_per_floor":["M","M","?","$","M","E","R","M","T","$","M","R","E","M","R","B"],"character_chosen":"IRONCLAD","items_purchased":["ClockworkSouvenir"],"campfire_rested":2,"item_purchase_floors":[4],"current_hp_per_floor":[58,53,53,53,59,30,54,43,43,43,38,62,43,35,35,0],"gold":89,"neow_bonus":"HUNDRED_GOLD","is_prod":false,"is_daily":false,"chose_seed":false,"campfire_upgraded":0,"win_rate":0,"timestamp":1551006618,"path_taken":["M","M","?","$","M","E","R","M","T","$","M","R","E","M","R","BOSS"],"build_version":"2019-01-23","purchased_purges":1,"victory":false,"max_hp_per_floor":[80,80,80,80,80,80,80,80,80,80,80,80,80,80,80,80],"card_choices":[{"not_picked":["Twin Strike","Reckless Charge"],"picked":"Havoc","floor":1},{"not_picked":["Thunderclap","Body Slam"],"picked":"Dropkick","floor":2},{"not_picked":["Combust","Infernal Blade"],"picked":"Shrug It Off","floor":5},{"not_picked":["Dark Embrace","Flex"],"picked":"Spot Weakness","floor":6},{"not_picked":["Reckless Charge","Second Wind"],"picked":"Ghostly Armor","floor":8},{"not_picked":["Clothesline","Wild Strike"],"picked":"Fire Breathing","floor":11},{"not_picked":["Rage","Flex"],"picked":"Blood for Blood","floor":13},{"not_picked":["Shrug It Off","Flex"],"picked":"Armaments","floor":14}],"player_experience":262434,"relics_obtained":[{"floor":6,"key":"Girya"},{"floor":9,"key":"Calipers"},{"floor":13,"key":"Mercury Hourglass"}],"event_choices":[{"damage_healed":0,"gold_gain":0,"cards_transformed":["Strike_R"],"player_choice":"Transformed","damage_taken":0,"max_hp_gain":0,"max_hp_loss":0,"event_name":"Transmorgrifier","floor":3,"gold_loss":0,"cards_obtained":["Rage"]}],"is_beta":false,"boss_relics":[],"items_purged_floors":[10],"is_endless":false,"potions_floor_spawned":[2,5,11,13],"killed_by":"Slime Boss","ascension_level":7}