{"gold_per_floor":[113,40,51,70,86,86,114,114,114,114,39,54,68,101,101,204,204,219,219,219,245,260,260,68,88,88,88],"floor_reached":27,"playtime":851,"items_purged":["Strike_R","Defend_R"],"score":223,"play_id":"528173f3-e06d-4e29-bcbb-bee3c4bae3f0","local_time":"20180720003130","is_ascension_mode":false,"campfire_choices":[{"data":"Rampage","floor":6,"key":"SMITH"},{"data":"Armaments","floor":10,"key":"SMITH"},{"floor":15,"key":"REST"},{"floor":23,"key":"REST"}],"neow_cost":"NONE","seed_source_timestamp":995257958426669,"circlet_count":0,"master_deck":["Strike_R","Strike_R","Strike_R","Defend_R","Defend_R","Defend_R","Bash","Armaments+1","Rampage+1","Headbutt","Offering","Havoc","Deep Breath"],"relics":["Black Blood","Frozen Egg 2","Letter Opener","Question Card","Red Mask","Meat on the Bone"],"potions_floor_usage":[7,16,16,21,22,27],"damage_taken":[{"damage":5,"enemies":"Jaw Worm","floor":1,"turns":4},{"damage":0,"enemies":"Cultist","floor":3,"turns":3},{"damage":4,"enemies":"2 Louse","floor":4,"turns":3},{"damage":0,"enemies":"Large Slime","floor":5,"turns":5},{"damage":50,"enemies":"Lagavulin","floor":7,"turns":6},{"damage":2,"enemies":"Blue Slaver","floor":12,"turns":4},{"damage":8,"enemies":"Exordium Thugs","floor":13,"turns":5},{"damage":27,"enemies":"Gremlin Nob","floor":14,"turns":4},{"damage":48,"enemies":"Slime Boss","floor":16,"turns":9},{"damage":22,"enemies":"3 Byrds","floor":18,"turns":5},{"damage":55,"floor":21,"turns":6},{"damage":34,"enemies":"2 Thieves","floor":22,"turns":4},{"damage":54,"enemies":"Slaver and Parasite","floor":25,"turns":6},{"damage":12,"enemies":"Cultist and Chosen","floor":27,"turns":3}],"seed_played":"-6852418798383605084","potions_obtained":[{"floor":4,"key":"Fruit Juice"},{"floor":5,"key":"PowerPotion"},{"floor":12,"key":"Regen Potion"},{"floor":13,"key":"Poison Potion"},{"floor":20,"key":"BloodPotion"},{"floor":20,"key":"FairyPotion"},{"floor":22,"key":"FearPotion"},{"floor":25,"key":"SkillPotion"}],"is_trial":false,"path_per_floor":["M","$","M","M","M","R","E","?","T","R","$","M","M","E","R","B",null,"M","?","?","?","M","R","$","M","T"],"character_chosen":"IRONCLAD","items_purchased":["Rampage","Deep Breath"],"campfire_rested":2,"item_purchase_floors":[2,24],"current_hp_per_floor":[80,80,80,80,80,80,41,41,41,41,41,45,43,22,47,19,85,73,73,73,28,12,37,37,11,11,0],"gold":88,"neow_bonus":"REMOVE_CARD","is_prod":false,"is_daily":false,"chose_seed":false,"campfire_upgraded":2,"win_rate":0,"timestamp":1532061090,"path_taken":["M","$","M","M","M","R","E","?","T","R","?","M","?","E","R","BOSS","M","?","?","?","M","R","$","?","T","M"],"build_version":"2018-07-19","purchased_purges":2,"victory":false,"max_hp_per_floor":[80,80,80,80,80,80,85,85,85,85,85,85,85,85,85,85,85,85,85,85,85,85,85,85,85,85,85],"card_choices":[{"not_picked":["Body Slam","Anger"],"picked":"Armaments","floor":1},{"not_picked":["Twin Strike","Seeing Red","Body Slam"],"picked":"SKIP","floor":3},{"not_picked":["Armaments","Evolve","Seeing Red"],"picked":"SKIP","floor":4},{"not_picked":["Heavy Blade","Twin Strike","Sentinel"],"picked":"SKIP","floor":5},{"not_picked":["Iron Wave","Infernal Blade"],"picked":"Headbutt","floor":7},{"not_picked":["Clothesline","Spot Weakness","Twin Strike"],"picked":"SKIP","floor":12},{"not_picked":["Body Slam","Twin Strike","Rampage"],"picked":"SKIP","floor":13},{"not_picked":["Seeing Red","Second Wind","Clash"],"picked":"SKIP","floor":14},{"not_picked":["Exhume","Double Tap","Immolate"],"picked":"Offering","floor":16},{"not_picked":["Pommel Strike","Anger+1","Perfected Strike","Impervious"],"picked":"SKIP","floor":18},{"not_picked":["Iron Wave","Clothesline","Pommel Strike"],"picked":"Havoc","floor":22},{"not_picked":["Pommel Strike","Flame Barrier","Rampage","Flex"],"picked":"SKIP","floor":25}],"player_experience":759186,"relics_obtained":[{"floor":7,"key":"Frozen Egg 2"},{"floor":9,"key":"Letter Opener"},{"floor":14,"key":"Question Card"},{"floor":21,"key":"Red Mask"},{"floor":26,"key":"Meat on the Bone"}],"event_choices":[{"event_name":"Scrap Ooze","player_choice":"unsuccessful","floor":8,"damage_taken":0},{"event_name":"Ghosts","player_choice":"Ignored","floor":19,"damage_taken":0},{"event_name":"The Lab","player_choice":"Got Potions","floor":20,"damage_taken":0},{"event_name":"Masked Bandits","player_choice":"Fought over 219 gold","floor":21,"damage_taken":0}],"is_beta":true,"boss_relics":[{"not_picked":["Orrery","Coffee Dripper"],"picked":"Black Blood"}],"items_purged_floors":[11,24],"is_endless":false,"potions_floor_spawned":[4,5,12,13,22,25],"killed_by":"Cultist and Chosen","ascension_level":0}