{"gold_per_floor":[114,114,126,148,178,223,26,26,52,67,67,83,83,94,94,189,189,204,219,219,219,230,260,13,13,13,13,33,48,48,65,65,165,165,181,196,208,208,208],"floor_reached":39,"playtime":11389,"items_purged":[],"score":405,"play_id":"686dd520-bdc8-4a31-aad8-c366baf5834a","local_time":"20190912160000","is_ascension_mode":false,"campfire_choices":[{"floor":15,"key":"REST"},{"floor":25,"key":"REST"},{"floor":27,"key":"REST"},{"floor":32,"key":"REST"}],"neow_cost":"NONE","seed_source_timestamp":4473813029500,"circlet_count":0,"master_deck":["Strike_R+1","Strike_R","Strike_R","Strike_R+1","Defend_R+1","Defend_R+1","Defend_R","Defend_R","Bash","Whirlwind","Perfected Strike","Battle Trance","Headbutt","Limit Break","Reckless Charge","Inflame","Shrug It Off","Rage","Berserk","Anger","Iron Wave","Whirlwind+1","Twin Strike","Iron Wave","Pain","Entrench","Warcry","Limit Break","Twin Strike+1","Flex","Feed"],"relics":["Burning Blood","Whetstone","MawBank","Pen Nib","War Paint","Cursed Key","Bag of Preparation","Paper Frog","Kunai","Eternal Feather"],"potions_floor_usage":[23,33,33,33],"damage_taken":[{"damage":1,"enemies":"2 Louse","floor":1,"turns":3},{"damage":8,"enemies":"Jaw Worm","floor":4,"turns":3},{"damage":6,"enemies":"Cultist","floor":5,"turns":3},{"damage":57,"enemies":"Lagavulin","floor":6,"turns":9},{"damage":0,"enemies":"3 Louse","floor":10,"turns":1},{"damage":0,"enemies":"2 Fungi Beasts","floor":12,"turns":2},{"damage":0,"enemies":"Gremlin Gang","floor":14,"turns":2},{"damage":33,"enemies":"The Guardian","floor":16,"turns":10},{"damage":0,"enemies":"3 Byrds","floor":18,"turns":5},{"damage":22,"enemies":"2 Thieves","floor":19,"turns":3},{"damage":20,"enemies":"Centurion and Healer","floor":22,"turns":5},{"damage":19,"enemies":"Book of Stabbing","floor":23,"turns":5},{"damage":5,"enemies":"3 Cultists","floor":28,"turns":4},{"damage":9,"enemies":"Cultist and Chosen","floor":29,"turns":4},{"damage":17,"enemies":"Snake Plant","floor":31,"turns":3},{"damage":52,"enemies":"Champ","floor":33,"turns":11},{"damage":47,"enemies":"3 Darklings","floor":35,"turns":5},{"damage":3,"enemies":"3 Shapes","floor":36,"turns":4},{"damage":31,"enemies":"3 Darklings","floor":37,"turns":4},{"damage":28,"enemies":"Sphere and 2 Shapes","floor":39,"turns":3}],"seed_played":"-641051945997705865","potions_obtained":[{"floor":1,"key":"GamblersBrew"},{"floor":5,"key":"SpeedPotion"},{"floor":12,"key":"Weak Potion"},{"floor":19,"key":"Explosive Potion"},{"floor":23,"key":"Strength Potion"},{"floor":28,"key":"PowerPotion"},{"floor":33,"key":"FearPotion"},{"floor":36,"key":"Ancient Potion"}],"is_trial":false,"path_per_floor":["M","?","?","M","M","E","$","?","T","M","?","M","?","M","R","B",null,"M","M","?","?","M","E","$","R","T","R","M","M","?","M","R","B",null,"M","M","M","?","M"],"character_chosen":"IRONCLAD","items_purchased":["Limit Break","Reckless Charge","Paper Frog"],"campfire_rested":4,"item_purchase_floors":[7,7,24],"current_hp_per_floor":[80,80,80,78,78,27,27,27,27,33,33,39,39,45,69,42,80,80,64,64,49,35,22,22,47,47,72,73,70,70,59,82,36,82,41,44,19,19,0],"gold":208,"neow_bonus":"RANDOM_COMMON_RELIC","is_prod":false,"is_daily":false,"chose_seed":false,"campfire_upgraded":0,"win_rate":0.0,"timestamp":1568296800,"path_taken":["M","?","?","M","?","E","$","?","T","M","?","?","?","M","R","BOSS","M","M","?","?","M","E","?","R","T","R","M","M","?","M","R","BOSS","M","M","M","?","M"],"build_version":"2019-07-17","purchased_purges":0,"victory":false,"max_hp_per_floor":[80,80,80,80,80,80,80,80,80,80,80,80,80,80,80,80,80,80,80,80,85,85,85,85,85,85,85,85,85,82,82,82,82,82,82,82,82,82,85],"card_choices":[{"not_picked":["Entrench","Flame Barrier"],"picked":"Whirlwind","floor":1},{"not_picked":["Flame Barrier","Clash"],"picked":"Perfected Strike","floor":4},{"not_picked":["Evolve","Searing Blow"],"picked":"Battle Trance","floor":5},{"not_picked":["Clash","Body Slam"],"picked":"Headbutt","floor":6},{"not_picked":["Shrug It Off","Entrench"],"picked":"Inflame","floor":10},{"not_picked":["Burning Pact","Sword Boomerang"],"picked":"Iron Wave","floor":12},{"not_picked":["Uppercut","Pummel"],"picked":"Rage","floor":14},{"not_picked":["Feed","Double Tap"],"picked":"Berserk","floor":16},{"not_picked":["Rage+1","Metallicize"],"picked":"Anger","floor":18},{"not_picked":["Sword Boomerang","Wild Strike"],"picked":"Iron Wave","floor":19},{"not_picked":["Body Slam","Heavy Blade"],"picked":"Armaments","floor":22},{"not_picked":["Clash","Barricade"],"picked":"Whirlwind+1","floor":23},{"not_picked":["Entrench","Clothesline"],"picked":"Twin Strike","floor":28},{"not_picked":["Anger","Wild Strike"],"picked":"Iron Wave","floor":29},{"not_picked":["Anger","True Grit"],"picked":"Warcry","floor":31},{"not_picked":["Fiend Fire","Brutality"],"picked":"Limit Break","floor":33},{"not_picked":["Clash","Sword Boomerang+1"],"picked":"Twin Strike+1","floor":35},{"not_picked":["Iron Wave","Wild Strike+1"],"picked":"Flex","floor":36},{"not_picked":["Clothesline+1","Clash"],"picked":"Feed","floor":37}],"player_experience":34242,"relics_obtained":[{"floor":6,"key":"Pen Nib"},{"floor":9,"key":"War Paint"},{"floor":23,"key":"Bag of Preparation"},{"floor":26,"key":"Kunai"}],"event_choices":[{"damage_healed":0,"gold_gain":0,"player_choice":"Box","damage_taken":0,"relics_obtained":["MawBank"],"max_hp_gain":0,"max_hp_loss":0,"event_name":"Big Fish","floor":2,"gold_loss":0,"cards_obtained":["Regret"]},{"cards_removed":["Regret"],"damage_healed":0,"gold_gain":0,"player_choice":"Removed Curses","damage_taken":0,"max_hp_gain":0,"max_hp_loss":0,"event_name":"Fountain of Cleansing","floor":3,"gold_loss":0},{"damage_healed":0,"gold_gain":0,"player_choice":"Ignored","damage_taken":0,"max_hp_gain":0,"max_hp_loss":0,"event_name":"Shining Light","floor":8,"gold_loss":0},{"damage_healed":0,"gold_gain":0,"cards_transformed":["Strike_R"],"player_choice":"Transformed","damage_taken":0,"max_hp_gain":0,"max_hp_loss":0,"event_name":"Transmorgrifier","floor":11,"gold_loss":0,"cards_obtained":["Shrug It Off"]},{"damage_healed":0,"gold_gain":0,"player_choice":"Ignored","damage_taken":0,"max_hp_gain":0,"max_hp_loss":0,"event_name":"Golden Wing","floor":13,"gold_loss":0},{"damage_healed":0,"gold_gain":0,"player_choice":"Ignored","damage_taken":0,"max_hp_gain":0,"max_hp_loss":0,"event_name":"Ghosts","floor":20,"gold_loss":0},{"damage_healed":0,"gold_gain":0,"player_choice":"Shed Blood","damage_taken":20,"max_hp_gain":5,"max_hp_loss":0,"event_name":"Forgotten Altar","floor":21,"gold_loss":0},{"damage_healed":0,"gold_gain":0,"cards_transformed":["Parasite","Iron Wave"],"player_choice":"Became Test Subject","damage_taken":0,"max_hp_gain":0,"max_hp_loss":0,"event_name":"Drug Dealer","floor":30,"gold_loss":0,"cards_obtained":["Pain","Entrench"]},{"cards_removed":["Armaments"],"damage_healed":0,"gold_gain":0,"player_choice":"Removed Skill","damage_taken":0,"max_hp_gain":0,"max_hp_loss":0,"event_name":"Falling","floor":38,"gold_loss":0}],"is_beta":false,"boss_relics":[{"not_picked":["Ectoplasm","Lizard Tail"],"picked":"Cursed Key"},{"not_picked":["Philosopher\u0027s Stone","Tiny House"],"picked":"Eternal Feather"}],"items_purged_floors":[],"is_endless":false,"potions_floor_spawned":[1,5,12,14,16,19,23,28,31,33,36],"killed_by":"Sphere and 2 Shapes","ascension_level":0}