{"gold_per_floor":[112,112,112,123,123,123,158,177,177,190,115,145,156,56,56,153,153,171,171,171,28,38,64,64,64,64,64,75,92,92,103,103,103],"floor_reached":33,"playtime":1397,"items_purged":["Defend_R","Defend_R"],"score":300,"play_id":"3debf863-ab76-4f4d-9445-5f0f9d1fcd92","local_time":"20190916204043","is_ascension_mode":false,"campfire_choices":[{"data":"Perfected Strike","floor":6,"key":"SMITH"},{"data":"Perfected Strike","floor":15,"key":"SMITH"},{"data":"1","floor":25,"key":"LIFT"},{"data":"2","floor":30,"key":"LIFT"},{"data":"3","floor":32,"key":"LIFT"}],"neow_cost":"NONE","seed_source_timestamp":58189504348700,"circlet_count":0,"master_deck":["Strike_R","Strike_R","Strike_R","Strike_R","Strike_R","Defend_R","Defend_R","Bash","Perfected Strike+1","Wild Strike","Shrug It Off","Perfected Strike+1","Shame","Wild Strike+1"],"relics":["Burning Blood","NeowsBlessing","Shuriken","GremlinMask","Paper Frog","Centennial Puzzle","Pocketwatch","Coffee Dripper","MutagenicStrength","Vajra","Girya","Bronze Scales","Bag of Preparation"],"potions_floor_usage":[12,12,16,28,28,33,33],"damage_taken":[{"damage":0,"enemies":"Small Slimes","floor":1,"turns":1},{"damage":0,"enemies":"2 Louse","floor":4,"turns":1},{"damage":0,"enemies":"Lagavulin","floor":7,"turns":1},{"damage":1,"enemies":"Cultist","floor":8,"turns":3},{"damage":5,"enemies":"Looter","floor":10,"turns":2},{"damage":20,"enemies":"3 Sentries","floor":12,"turns":6},{"damage":0,"enemies":"2 Fungi Beasts","floor":13,"turns":3},{"damage":46,"enemies":"Hexaghost","floor":16,"turns":6},{"damage":30,"enemies":"2 Thieves","floor":18,"turns":3},{"damage":0,"enemies":"Chosen","floor":22,"turns":3},{"damage":30,"enemies":"Book of Stabbing","floor":23,"turns":3},{"damage":0,"enemies":"Snake Plant","floor":28,"turns":1},{"damage":0,"enemies":"Snecko","floor":29,"turns":2},{"damage":10,"enemies":"Centurion and Healer","floor":31,"turns":3},{"damage":52,"enemies":"Champ","floor":33,"turns":4}],"seed_played":"5772255289834130205","potions_obtained":[{"floor":1,"key":"Explosive Potion"},{"floor":10,"key":"GamblersBrew"},{"floor":13,"key":"FearPotion"},{"floor":16,"key":"GamblersBrew"},{"floor":18,"key":"FearPotion"},{"floor":23,"key":"SteroidPotion"},{"floor":31,"key":"FearPotion"}],"is_trial":false,"path_per_floor":["M","?","?","M","?","R","E","M","T","M","$","E","M","$","R","B",null,"M","?","?","$","M","E","?","R","T","?","M","M","R","M","R","B"],"character_chosen":"IRONCLAD","items_purchased":["Vajra"],"campfire_rested":0,"item_purchase_floors":[21],"current_hp_per_floor":[80,80,73,79,79,79,80,80,80,80,80,66,72,72,72,32,80,56,56,56,56,62,38,38,38,38,38,44,50,50,46,46,0],"gold":103,"neow_bonus":"THREE_ENEMY_KILL","is_prod":false,"is_daily":false,"chose_seed":false,"campfire_upgraded":2,"win_rate":0,"timestamp":1568680843,"path_taken":["M","?","?","M","?","R","E","M","T","M","$","E","?","$","R","BOSS","M","?","?","$","M","E","?","R","T","?","?","M","R","M","R","BOSS"],"build_version":"2019-07-17","purchased_purges":2,"victory":false,"max_hp_per_floor":[80,80,80,80,80,80,80,80,80,80,80,80,80,80,80,80,80,80,80,80,80,80,80,80,80,80,80,80,80,80,80,80,80],"card_choices":[{"not_picked":["Intimidate","Hemokinesis"],"picked":"Perfected Strike","floor":1},{"not_picked":["Clothesline","Heavy Blade"],"picked":"Wild Strike","floor":4},{"not_picked":["Body Slam","Cleave","Uppercut"],"picked":"SKIP","floor":7},{"not_picked":["Feel No Pain","Bloodletting","Flex"],"picked":"SKIP","floor":8},{"not_picked":["Inflame","Uppercut"],"picked":"Shrug It Off","floor":10},{"not_picked":["Rage","True Grit","Carnage"],"picked":"SKIP","floor":12},{"not_picked":["Evolve","Ghostly Armor"],"picked":"Perfected Strike","floor":13},{"not_picked":["Sword Boomerang+1","Iron Wave","Clash+1"],"picked":"SKIP","floor":18},{"not_picked":["Clothesline+1","Hemokinesis+1","Cleave"],"picked":"SKIP","floor":22},{"not_picked":["Sever Soul+1","Rupture+1","Body Slam"],"picked":"SKIP","floor":23},{"not_picked":["Combust+1","Sword Boomerang+1","Sentinel"],"picked":"SKIP","floor":28},{"not_picked":["Corruption","Body Slam"],"picked":"Wild Strike+1","floor":29},{"not_picked":["Rampage","Headbutt","Burning Pact"],"picked":"SKIP","floor":31}],"player_experience":538774,"relics_obtained":[{"floor":7,"key":"Paper Frog"},{"floor":9,"key":"Centennial Puzzle"},{"floor":12,"key":"Pocketwatch"},{"floor":23,"key":"Girya"},{"floor":26,"key":"Bronze Scales"}],"event_choices":[{"damage_healed":0,"gold_gain":0,"player_choice":"Box","damage_taken":0,"relics_obtained":["Shuriken"],"max_hp_gain":0,"max_hp_loss":0,"event_name":"Big Fish","floor":2,"gold_loss":0,"cards_obtained":["Regret"]},{"cards_removed":["Regret"],"damage_healed":0,"gold_gain":0,"player_choice":"Card Removal","damage_taken":7,"max_hp_gain":0,"max_hp_loss":0,"event_name":"Golden Wing","floor":3,"gold_loss":0},{"damage_healed":0,"gold_gain":0,"player_choice":"Trade","damage_taken":0,"relics_obtained":["GremlinMask"],"max_hp_gain":0,"max_hp_loss":0,"event_name":"FaceTrader","floor":5,"gold_loss":0},{"damage_healed":0,"gold_gain":0,"player_choice":"Inject Mutagens","damage_taken":0,"relics_obtained":["MutagenicStrength"],"max_hp_gain":0,"max_hp_loss":0,"event_name":"Drug Dealer","floor":19,"gold_loss":0},{"damage_healed":0,"gold_gain":0,"player_choice":"Ignored","damage_taken":0,"max_hp_gain":0,"max_hp_loss":0,"event_name":"Ghosts","floor":20,"gold_loss":0},{"damage_healed":0,"gold_gain":0,"player_choice":"Ignored","damage_taken":0,"max_hp_gain":0,"max_hp_loss":0,"event_name":"Vampires","floor":24,"gold_loss":0},{"damage_healed":0,"gold_gain":0,"player_choice":"Stole Relic","damage_taken":0,"relics_obtained":["Bag of Preparation"],"max_hp_gain":0,"max_hp_loss":0,"event_name":"Addict","floor":27,"gold_loss":0,"cards_obtained":["Shame"]}],"is_beta":false,"boss_relics":[{"not_picked":["Pandora\u0027s Box","Runic Dome"],"picked":"Coffee Dripper"}],"items_purged_floors":[11,14],"is_endless":false,"potions_floor_spawned":[1,10,13,16,18,23,31],"killed_by":"Champ","ascension_level":0}