{"path_per_floor":["M","M","M","M","?","R","?","R","T","R","?","M","$","?","R","B",null,"M","?","$","?","?","R","$","R","T","T","?","M","R","M","R","B",null,"M","?","M","$","M","R","E","M","T","R","$","M","$","M","R","B"],"character_chosen":"IRONCLAD","items_purchased":["Paper Frog","Pen Nib"],"gold_per_floor":[111,127,146,160,160,160,160,160,211,211,211,231,156,156,156,255,255,266,266,166,266,266,266,24,24,48,124,124,142,142,155,155,253,253,267,267,282,157,167,167,195,212,212,212,212,225,68,81,81,81],"floor_reached":51,"campfire_rested":4,"playtime":1620,"current_hp_per_floor":[71,72,65,54,47,47,47,47,47,47,47,46,46,46,67,25,72,53,53,53,53,53,53,53,53,53,53,40,31,54,60,77,71,77,77,77,77,77,77,77,62,58,58,58,58,28,28,34,57,42],"items_purged":["Strike_R","Strike_R","Sentinel"],"gold":81,"score":784,"play_id":"dfac9563-5be1-4727-85b8-d87286b04cf9","local_time":"20180319145456","is_prod":false,"is_daily":false,"is_ascension_mode":true,"campfire_upgraded":7,"timestamp":1521485696,"path_taken":["M","M","M","M","?","R","?","R","T","R","?","M","$","?","R","BOSS","M","?","$","?","?","R","?","R","T","?","?","M","R","M","R","BOSS","M","?","M","?","M","R","E","M","T","R","$","M","$","M","R","BOSS"],"build_version":"2018-03-15v3","purchased_purges":4,"victory":true,"master_deck":["Bash+1","Limit Break+1","Thunderclap","Flex+1","Headbutt+1","Headbutt+1","Flex+1","Offering+1","Seeing Red","Battle Trance","Heavy Blade+1"],"max_hp_per_floor":[72,72,72,72,72,72,72,72,72,72,72,72,72,72,72,72,72,72,72,72,72,72,72,72,72,72,72,77,77,77,77,77,77,77,77,77,77,77,77,77,77,77,77,77,77,77,77,77,77,77],"relics":["Burning Blood","Juzu Bracelet","Astrolabe","Paper Frog","Anchor","Gremlin Horn","Philosopher\u0027s Stone","Oddly Smooth Stone","Charon\u0027s Ashes","Pen Nib"],"card_choices":[{"not_picked":["Sword Boomerang","Twin Strike"],"picked":"Thunderclap"},{"not_picked":["Reckless Charge","Shrug It Off"],"picked":"Flex"},{"not_picked":["Dark Embrace","Barricade"],"picked":"Offering"},{"not_picked":["Clash","Twin Strike"],"picked":"Seeing Red"},{"not_picked":["Evolve","Warcry"],"picked":"Heavy Blade"}],"player_experience":206428,"potions_floor_usage":[],"damage_taken":[{"damage":7,"enemies":"Small Slimes","floor":1,"turns":4},{"damage":0,"enemies":"2 Louse","floor":2,"turns":3},{"damage":13,"enemies":"Jaw Worm","floor":3,"turns":4},{"damage":17,"enemies":"Looter","floor":4,"turns":3},{"damage":7,"enemies":"2 Fungi Beasts","floor":12,"turns":3},{"damage":48,"enemies":"Slime Boss","floor":16,"turns":7},{"damage":25,"enemies":"2 Thieves","floor":18,"turns":3},{"damage":15,"enemies":"3 Byrds","floor":29,"turns":3},{"damage":0,"enemies":"3 Cultists","floor":31,"turns":2},{"damage":12,"enemies":"Champ","floor":33,"turns":5},{"damage":6,"enemies":"3 Darklings","floor":35,"turns":2},{"damage":4,"enemies":"3 Shapes","floor":37,"turns":1},{"damage":4,"enemies":"3 Darklings","floor":39,"turns":2},{"damage":21,"enemies":"Nemesis","floor":41,"turns":3},{"damage":10,"enemies":"4 Shapes","floor":42,"turns":1},{"damage":36,"enemies":"Maw","floor":46,"turns":3},{"damage":0,"enemies":"3 Darklings","floor":48,"turns":2},{"damage":21,"enemies":"Time Eater","floor":50,"turns":2}],"event_choices":[{"event_name":"Golden Wing","player_choice":"Card Removal","floor":5,"damage_taken":0},{"event_name":"Dead Adventurer","player_choice":"Searched \u00270\u0027 times","floor":7,"damage_taken":0},{"event_name":"Living Wall","player_choice":"Forget","floor":11,"damage_taken":0},{"event_name":"The Lab","player_choice":"Got Potions","floor":14,"damage_taken":0},{"event_name":"The Mausoleum","player_choice":"No","floor":19,"damage_taken":0},{"event_name":"Golden Shrine","player_choice":"Pray","floor":21,"damage_taken":0},{"event_name":"The Library","player_choice":"Read","floor":22,"damage_taken":0},{"event_name":"Forgotten Altar","player_choice":"Shed Blood","floor":28,"damage_taken":0},{"event_name":"Transmorgrifier","player_choice":"Transform","floor":36,"damage_taken":0}],"boss_relics":[{"not_picked":["Mark of Pain","Black Star"],"picked":"Astrolabe"},{"not_picked":["Black Blood","Orrery"],"picked":"Philosopher\u0027s Stone"}],"potions_floor_spawned":[2,12,35,37,42,48],"seed_played":"6064723933033996547","ascension_level":3,"is_trial":false}