{"path_per_floor":["M","M","?","M","T","R","M","R","T","M","R","$","M","M","R","B",null,"M","M","M","M","$","R","M","?","T","R","M","E","M","M","R","B",null,"M","?","M","$","$","R","M","?","T","M","R","M","R","M","R","B"],"character_chosen":"DEFECT","items_purchased":["Omamori","Deep Breath"],"gold_per_floor":[117,130,80,94,94,94,107,107,130,144,144,69,89,101,101,197,197,208,219,232,249,149,149,167,267,267,267,287,319,332,349,349,450,450,460,460,476,93,93,93,109,109,191,210,210,229,229,241,241,241],"floor_reached":51,"campfire_rested":0,"playtime":2459,"item_purchase_floors":[38,38],"current_hp_per_floor":[74,74,74,68,68,68,63,63,63,59,59,59,59,59,59,44,75,75,75,66,62,62,62,62,62,62,62,51,56,56,56,56,56,80,80,80,80,80,80,80,73,73,73,73,73,73,73,73,73,78],"items_purged":["Defend_B","Strike_B","Defend_B"],"gold":241,"score":817,"play_id":"5fd08d10-ceb2-4fab-9f13-ab50139e7017","local_time":"20180605191254","is_prod":false,"is_daily":false,"chose_seed":false,"is_ascension_mode":false,"campfire_upgraded":11,"win_rate":0,"timestamp":1528240374,"campfire_choices":[{"data":"Zap","floor":6,"key":"SMITH"},{"data":"Beam Cell","floor":8,"key":"SMITH"},{"data":"Beam Cell","floor":11,"key":"SMITH"},{"data":"Dualcast","floor":15,"key":"SMITH"},{"data":"Reboot","floor":23,"key":"SMITH"},{"data":"Steam","floor":27,"key":"SMITH"},{"data":"Reprogram","floor":32,"key":"SMITH"},{"data":"Loop","floor":40,"key":"SMITH"},{"data":"Deep Breath","floor":45,"key":"SMITH"},{"data":"Gash","floor":47,"key":"SMITH"},{"data":"Gash","floor":49,"key":"SMITH"}],"path_taken":["M","M","?","?","?","R","M","R","T","M","R","$","M","M","R","BOSS","M","M","M","?","$","R","?","?","T","R","M","E","M","?","R","BOSS","M","?","?","?","$","R","M","?","T","M","R","M","R","M","R","BOSS"],"build_version":"2018-06-04v2","seed_source_timestamp":512143552679857,"purchased_purges":3,"victory":true,"master_deck":["Strike_B","Strike_B","Defend_B+1","Defend_B+1","Zap+1","Dualcast+1","Leap","Go for the Eyes","Beam Cell+1","Beam Cell+1","Gash+1","Reboot+1","Gash+1","Beam Cell+1","Go for the Eyes+1","Steam+1","Reprogram+1","BootSequence+1","Double Energy+1","Deep Breath+1"],"max_hp_per_floor":[75,75,75,75,75,75,75,75,75,75,75,75,75,75,75,75,75,75,75,75,75,75,75,75,75,75,75,75,80,80,80,80,80,80,80,80,80,80,80,80,80,80,80,80,80,80,80,80,80,80],"relics":["Cracked Core","Unceasing Top","War Paint","Cursed Key","Vajra","Busted Crown","Omamori","Shuriken"],"card_choices":[{"not_picked":["Rebound","Compile Driver"],"picked":"Leap","floor":1},{"not_picked":["Double Energy","Barrage"],"picked":"Go for the Eyes","floor":2},{"not_picked":["Go for the Eyes","Tempest"],"picked":"Beam Cell","floor":4},{"not_picked":["Static Discharge","Barrage"],"picked":"Beam Cell","floor":7},{"not_picked":["Barrage","Ball Lightning"],"picked":"Gash","floor":10},{"not_picked":["Tempest","Steam Power","Sweeping Beam"],"picked":"SKIP","floor":13},{"not_picked":["Force Field","Melter","Barrage"],"picked":"SKIP","floor":14},{"not_picked":["Seek","Thunder Strike"],"picked":"Reboot","floor":16},{"not_picked":["Conserve Battery","White Noise"],"picked":"Gash","floor":18},{"not_picked":["Sweeping Beam","Turbo"],"picked":"Loop","floor":19},{"not_picked":["Stack","Sweeping Beam"],"picked":"Beam Cell+1","floor":20},{"not_picked":["Sunder","Rainbow"],"picked":"Go for the Eyes+1","floor":21},{"not_picked":["Sweeping Beam","Compile Driver+1","Steam"],"picked":"SKIP","floor":24},{"not_picked":["Sweeping Beam","Compile Driver+1"],"picked":"Steam","floor":24},{"not_picked":["Loop","Stack+1","Coolheaded+1"],"picked":"SKIP","floor":28},{"not_picked":["Thunder Strike","Coolheaded"],"picked":"Reprogram","floor":29},{"not_picked":["Chaos","Scrape"],"picked":"BootSequence+1","floor":30},{"not_picked":["Coolheaded","Blizzard+1"],"picked":"Double Energy+1","floor":31},{"not_picked":["Steam"],"picked":"SKIP","floor":35},{"not_picked":["Scrape"],"picked":"SKIP","floor":37},{"not_picked":["Reinforced Body+1"],"picked":"SKIP","floor":41},{"not_picked":["Compile Driver"],"picked":"SKIP","floor":44},{"not_picked":["Tempest+1"],"picked":"SKIP","floor":46},{"not_picked":["Darkness+1"],"picked":"SKIP","floor":48}],"player_experience":533065,"potions_floor_usage":[1,14,16,20,28,29,41,50,50,50],"damage_taken":[{"damage":1,"enemies":"Jaw Worm","floor":1,"turns":3},{"damage":0,"enemies":"2 Louse","floor":2,"turns":2},{"damage":6,"enemies":"Cultist","floor":4,"turns":3},{"damage":5,"enemies":"Exordium Thugs","floor":7,"turns":3},{"damage":4,"enemies":"Gremlin Gang","floor":10,"turns":4},{"damage":0,"enemies":"2 Fungi Beasts","floor":13,"turns":3},{"damage":0,"enemies":"Lots of Slimes","floor":14,"turns":3},{"damage":15,"enemies":"Slime Boss","floor":16,"turns":11},{"damage":0,"enemies":"3 Byrds","floor":18,"turns":4},{"damage":0,"enemies":"Spheric Guardian","floor":19,"turns":3},{"damage":9,"enemies":"Snecko","floor":20,"turns":4},{"damage":4,"enemies":"Centurion and Healer","floor":21,"turns":3},{"damage":0,"enemies":"Snake Plant","floor":24,"turns":2},{"damage":11,"enemies":"Snecko","floor":28,"turns":5},{"damage":0,"enemies":"Slavers","floor":29,"turns":3},{"damage":0,"enemies":"Centurion and Healer","floor":30,"turns":2},{"damage":0,"enemies":"Snake Plant","floor":31,"turns":2},{"damage":0,"enemies":"Automaton","floor":33,"turns":3},{"damage":0,"enemies":"Flame Bruiser 1 Orb","floor":35,"turns":3},{"damage":0,"enemies":"3 Darklings","floor":37,"turns":1},{"damage":7,"enemies":"4 Shapes","floor":41,"turns":4},{"damage":0,"enemies":"Sphere and 2 Shapes","floor":44,"turns":1},{"damage":0,"enemies":"Flame Bruiser 2 Orb","floor":46,"turns":1},{"damage":0,"enemies":"Transient","floor":48,"turns":3},{"damage":0,"enemies":"Donu and Deca","floor":50,"turns":2}],"relics_obtained":[{"floor":5,"key":"Unceasing Top"},{"floor":9,"key":"War Paint"},{"floor":29,"key":"Vajra"},{"floor":43,"key":"Shuriken"}],"event_choices":[{"event_name":"The Cleric","player_choice":"Card Removal","floor":3,"damage_taken":0},{"event_name":"Golden Shrine","player_choice":"Pray","floor":25,"damage_taken":0},{"event_name":"The Woman in Blue","player_choice":"Bought 0 Potions","floor":36,"damage_taken":0}],"boss_relics":[{"not_picked":["Ectoplasm","Runic Dome"],"picked":"Cursed Key"},{"not_picked":["Velvet Choker","Inserter"],"picked":"Busted Crown"}],"items_purged_floors":[12,22,38],"potions_floor_spawned":[2,7,10,14,20,24,28,30,31,35,37,44],"seed_played":"-127653423697053388","ascension_level":0,"potions_obtained":[{"floor":2,"key":"PowerPotion"},{"floor":7,"key":"AttackPotion"},{"floor":14,"key":"SteroidPotion"},{"floor":20,"key":"Strength Potion"},{"floor":24,"key":"PowerPotion"},{"floor":28,"key":"Fruit Juice"},{"floor":30,"key":"Fire Potion"},{"floor":44,"key":"GamblersBrew"}],"is_trial":false}