{"path_per_floor":["M","?","?","$","M","R","E","R","T","M","E","$","M","M","R","B",null,"M","M","M","M","$","E","R","?","T","T","M","R","T","M","R","B",null,"M","$","?","M","T","R","T","M","T","M","M","R","$","M","R","B"],"character_chosen":"IRONCLAD","items_purchased":["Flex","Bag of Preparation","Swift Potion"],"gold_per_floor":[14,14,14,14,25,25,55,55,81,98,129,8,28,41,41,144,144,159,179,199,217,117,146,146,146,202,229,242,242,269,281,281,376,376,389,115,115,132,132,132,132,149,149,161,171,171,120,130,130,130],"floor_reached":51,"campfire_rested":4,"playtime":1398,"current_hp_per_floor":[80,62,80,80,74,74,64,64,64,62,41,41,36,29,53,12,80,61,63,65,67,67,52,52,52,52,59,28,54,54,52,78,16,87,83,83,83,66,66,66,66,38,38,78,82,82,82,76,87,13],"items_purged":["Defend_R","Defend_R","Strike_R"],"gold":130,"score":805,"play_id":"7fbd761b-6af1-4a35-a6bf-97893aac13b6","local_time":"20180323024637","is_prod":false,"is_daily":false,"is_ascension_mode":true,"campfire_upgraded":5,"timestamp":1521787597,"path_taken":["M","?","?","?","M","R","E","R","T","M","E","$","M","M","R","BOSS","M","M","?","M","$","E","R","?","T","?","M","R","?","M","R","BOSS","M","$","?","?","?","R","?","M","T","M","?","R","?","?","R","BOSS"],"build_version":"2018-03-22","purchased_purges":3,"victory":true,"master_deck":["Strike_R","Bash+1","Whirlwind+1","Thunderclap","Headbutt","Battle Trance","Carnage","Flex+1","Berserk","Offering+1","Flex+1","Flex+1","Clash","Bloodletting+1","Demon Form","Battle Trance+1","Burning Pact+1","Cleave+1","Reaper"],"max_hp_per_floor":[80,80,80,80,80,80,80,80,80,80,80,80,80,80,80,80,80,80,80,80,80,80,80,80,80,80,87,87,87,87,87,87,87,87,87,87,87,87,87,87,87,87,87,87,87,87,87,87,87,87],"relics":["Burning Blood","Happy Flower","Pen Nib","Dream Catcher","Lantern","Lizard Tail","Prayer Wheel","Tiny Chest","Strawberry","Anchor","Astrolabe","Bag of Preparation","Charon\u0027s Ashes","Shuriken","Magic Flower"],"card_choices":[{"not_picked":["Flame Barrier","Pommel Strike"],"picked":"Whirlwind","floor":1},{"not_picked":["Shockwave","True Grit"],"picked":"Thunderclap","floor":5},{"not_picked":["Thunderclap","Corruption"],"picked":"Headbutt","floor":7},{"not_picked":["Burning Pact","Disarm"],"picked":"Battle Trance","floor":10},{"not_picked":["Pummel","Rampage"],"picked":"Carnage","floor":11},{"not_picked":["Havoc","Disarm"],"picked":"Berserk","floor":15},{"not_picked":["Limit Break","Double Tap"],"picked":"Offering","floor":16},{"not_picked":["Iron Wave","Shrug It Off"],"picked":"Flex","floor":18},{"not_picked":["Warcry","Clash"],"picked":"Flex","floor":19},{"not_picked":["Pommel Strike","Impervious"],"picked":"Clash","floor":30},{"not_picked":["Heavy Blade","Flex"],"picked":"Bloodletting","floor":31},{"not_picked":["Dark Embrace","Feed"],"picked":"Demon Form","floor":33},{"not_picked":["Thunderclap","Infernal Blade"],"picked":"Reaper","floor":43}],"player_experience":253891,"potions_floor_usage":[23,23,50,50],"damage_taken":[{"damage":6,"enemies":"2 Louse","floor":1,"turns":3},{"damage":12,"enemies":"Jaw Worm","floor":5,"turns":3},{"damage":16,"enemies":"Gremlin Nob","floor":7,"turns":3},{"damage":8,"enemies":"Small Slimes","floor":10,"turns":2},{"damage":27,"enemies":"3 Sentries","floor":11,"turns":3},{"damage":11,"enemies":"Looter","floor":13,"turns":2},{"damage":13,"enemies":"Exordium Thugs","floor":14,"turns":2},{"damage":47,"enemies":"The Guardian","floor":16,"turns":7},{"damage":25,"enemies":"Chosen","floor":18,"turns":3},{"damage":4,"enemies":"Shell Parasite","floor":19,"turns":1},{"damage":4,"enemies":"Snake Plant","floor":20,"turns":1},{"damage":4,"enemies":"3 Cultists","floor":21,"turns":1},{"damage":21,"enemies":"Book of Stabbing","floor":23,"turns":3},{"damage":37,"enemies":"Snecko","floor":28,"turns":4},{"damage":8,"enemies":"Centurion and Healer","floor":31,"turns":2},{"damage":68,"enemies":"Collector","floor":33,"turns":6},{"damage":10,"enemies":"Orb Walker","floor":35,"turns":2},{"damage":23,"enemies":"3 Shapes","floor":38,"turns":2},{"damage":34,"enemies":"Maw","floor":42,"turns":5},{"damage":17,"enemies":"4 Shapes","floor":44,"turns":1},{"damage":21,"enemies":"Sphere and 2 Shapes","floor":45,"turns":1},{"damage":15,"enemies":"Maw","floor":48,"turns":4},{"damage":115,"enemies":"Time Eater","floor":50,"turns":7}],"event_choices":[{"event_name":"Scrap Ooze","player_choice":"success","floor":2,"damage_taken":18},{"event_name":"Big Fish","player_choice":"Banana","floor":3,"damage_taken":0},{"event_name":"The Mausoleum","player_choice":"No","floor":25,"damage_taken":0},{"event_name":"Mysterious Sphere","player_choice":"Ignore","floor":37,"damage_taken":0}],"boss_relics":[{"not_picked":["Snecko Eye","White Beast Statue"],"picked":"Lizard Tail"},{"not_picked":["Orrery","Pandora\u0027s Box"],"picked":"Astrolabe"}],"potions_floor_spawned":[1,7,16,21,23,33,38,44,45],"seed_played":"885374955063334279","ascension_level":4,"is_trial":false}