{"gold_per_floor":[18,34,50,50,63,92,92,119,143,143,162,182,207,218,218,294,294,313,313,7,0,0,0,35,35,35,35,60,82,94,106,118,207,219,250,262,274,43,43,43,76,93,93,124,140,140,140,173,173,173,173,173,1,31,31],"floor_reached":56,"playtime":7777,"items_purged":["Strike_B","Strike_B"],"score":2450,"play_id":"d2a8fdfd-3b99-4bef-9c51-47cf67ad86d9","local_time":"20190813014418","is_ascension_mode":true,"campfire_choices":[{"data":"Zap","floor":7.0,"key":"SMITH"},{"data":"Dualcast","floor":10.0,"key":"SMITH"},{"data":"Turbo","floor":15.0,"key":"SMITH"},{"floor":23.0,"key":"DIG"},{"floor":27,"key":"DIG"},{"floor":30,"key":"DIG"},{"floor":32,"key":"DIG"},{"data":"Apotheosis","floor":40,"key":"SMITH"},{"data":"Ghostly","floor":47,"key":"SMITH"},{"floor":49,"key":"RECALL"},{"floor":52,"key":"DIG"}],"neow_cost":"NO_GOLD","seed_source_timestamp":480499518113310,"circlet_count":0,"master_deck":["AscendersBane","Strike_B+1","Defend_B","Defend_B","Defend_B+1","Defend_B","Zap+1","Dualcast+1","Ball Lightning+1","Leap","Chill","Steam","Undo","Self Repair","Double Energy","Echo Form","Coolheaded","Turbo+1","Creative AI","Conserve Battery","Ghostly+1","Ghostly","Ghostly+1","Self Repair","Leap","Doom and Gloom","BootSequence","Beam Cell+1","Meteor Strike","Fission","Coolheaded","Apotheosis+1","PanicButton","Panache","Madness","Steam Power+1","Static Discharge","Capacitor","Secret Technique","Barrage"],"special_seed":0,"relics":["Cracked Core","Shovel","Dodecahedron","Pen Nib","Whetstone","Ancient Tea Set","Eternal Feather","Art of War","Bag of Preparation","FossilizedHelix","GremlinMask","Matryoshka","Strawberry","MawBank","Bag of Marbles","Gambling Chip","Runic Pyramid","Oddly Smooth Stone","Bottled Tornado","War Paint","Meat on the Bone","Potion Belt","DataDisk","Bronze Scales","Mummified Hand","Bottled Lightning"],"potions_floor_usage":[24,24,33,35,55,55,55],"damage_taken":[{"damage":0.0,"enemies":"Cultist","floor":1.0,"turns":4.0},{"damage":5.0,"enemies":"Small Slimes","floor":2.0,"turns":3.0},{"damage":3.0,"enemies":"2 Louse","floor":3.0,"turns":2.0},{"damage":6.0,"enemies":"Blue Slaver","floor":5.0,"turns":3.0},{"damage":8.0,"enemies":"Lagavulin","floor":6.0,"turns":8.0},{"damage":8.0,"enemies":"3 Sentries","floor":8.0,"turns":11.0},{"damage":4.0,"enemies":"Large Slime","floor":11.0,"turns":4.0},{"damage":11.0,"enemies":"Lots of Slimes","floor":12.0,"turns":4.0},{"damage":0.0,"enemies":"Lagavulin","floor":13.0,"turns":6.0},{"damage":3.0,"enemies":"3 Louse","floor":14.0,"turns":3.0},{"damage":12.0,"enemies":"Slime Boss","floor":16.0,"turns":7.0},{"damage":15.0,"enemies":"Chosen","floor":18.0,"turns":7.0},{"damage":17.0,"enemies":"2 Thieves","floor":21.0,"turns":5.0},{"damage":30,"enemies":"Slavers","floor":24,"turns":8},{"damage":0,"enemies":"Gremlin Leader","floor":28,"turns":8},{"damage":22,"enemies":"Snecko","floor":29,"turns":8},{"damage":1,"enemies":"Collector","floor":33,"turns":9},{"damage":0,"enemies":"3 Shapes","floor":35,"turns":4},{"damage":0,"enemies":"Nemesis","floor":41,"turns":7},{"damage":0,"enemies":"Orb Walker","floor":42,"turns":3},{"damage":0,"enemies":"Giant Head","floor":44,"turns":10},{"damage":0,"enemies":"Maw","floor":45,"turns":5},{"damage":0,"enemies":"Nemesis","floor":48,"turns":5},{"damage":0,"enemies":"Time Eater","floor":50,"turns":9},{"damage":0,"enemies":"Shield and Spear","floor":54,"turns":6},{"damage":18,"enemies":"The Heart","floor":55,"turns":8}],"seed_played":"9063924721597768515","potions_obtained":[{"floor":2.0,"key":"FairyPotion"},{"floor":3.0,"key":"Ancient Potion"},{"floor":5.0,"key":"Weak Potion"},{"floor":6.0,"key":"SteroidPotion"},{"floor":13.0,"key":"Swift Potion"},{"floor":16.0,"key":"Regen Potion"},{"floor":28,"key":"Fire Potion"},{"floor":29,"key":"PowerPotion"},{"floor":35,"key":"Energy Potion"},{"floor":44,"key":"GamblersBrew"},{"floor":54,"key":"SteroidPotion"}],"is_trial":false,"path_per_floor":["M","M","M","?","M","E","R","E","T","R","M","M","E","M","R","B",null,"M","?","$","M","?","R","E","?","T","R","E","M","R","$","R","B",null,"M","?","T","$","?","R","E","M","T","E","M","?","R","E","R","B",null,"R","$","E","B",null],"character_chosen":"DEFECT","items_purchased":["Art of War","Self Repair","Leap","War Paint","Secret Technique"],"campfire_rested":0,"item_purchase_floors":[20,20,20,38,53],"current_hp_per_floor":[64,59,56,56,50,42,42,34,34,34,37,33,47,51,51,46,65,64,35,35,32,32,35,26,26,26,42,42,34,42,42,42,42,42,42,32,32,32,24,42,42,42,42,42,42,42,42,42,42,42,42,42,42,42,34],"gold":31,"neow_bonus":"ONE_RARE_RELIC","is_prod":false,"is_daily":false,"chose_seed":false,"campfire_upgraded":5,"win_rate":0,"timestamp":1565685858,"path_taken":["M","M","?","?","?","E","R","E","T","R","M","M","E","M","R","BOSS","M","?","$","M","?","R","E","?","T","R","E","?","R","$","R","BOSS","M","?","?","$","?","R","E","M","T","E","M","?","R","E","R","BOSS","R","$","E","BOSS"],"build_version":"2019-07-17","purchased_purges":2,"victory":true,"max_hp_per_floor":[71,71,71,71,71,71,71,71,71,71,71,71,71,71,71,71,71,71,35,35,35,35,35,35,35,35,42,42,42,42,42,42,42,42,42,42,42,42,42,42,42,42,42,42,42,42,42,42,42,42,42,42,42,42,42],"card_choices":[{"not_picked":["Rebound","Consume"],"picked":"Ball Lightning","floor":1.0},{"not_picked":["Gash","Aggregate"],"picked":"Leap","floor":2.0},{"not_picked":["Turbo","Tempest"],"picked":"Chill","floor":3.0},{"not_picked":["Redo","Beam Cell"],"picked":"Steam","floor":5.0},{"not_picked":["Aggregate","Darkness"],"picked":"Undo","floor":6.0},{"not_picked":["Beam Cell","Leap"],"picked":"Self Repair","floor":8.0},{"not_picked":["Rebound","Reprogram"],"picked":"Double Energy","floor":11.0},{"not_picked":["Go for the Eyes","Barrage"],"picked":"Echo Form","floor":12.0},{"not_picked":["Cold Snap","Beam Cell"],"picked":"Coolheaded","floor":13.0},{"not_picked":["Stack","Redo"],"picked":"Turbo","floor":14.0},{"not_picked":["Biased Cognition","Reboot"],"picked":"Creative AI","floor":16.0},{"not_picked":["Leap","Redo"],"picked":"Conserve Battery","floor":18.0},{"not_picked":["Heatsinks","Redo"],"picked":"Doom and Gloom","floor":21.0},{"not_picked":["Rebound","Turbo"],"picked":"BootSequence","floor":24},{"not_picked":["Sweeping Beam","Doom and Gloom"],"picked":"Beam Cell+1","floor":28},{"not_picked":["Capacitor","Cold Snap"],"picked":"Meteor Strike","floor":29},{"not_picked":["Creative AI","Electrodynamics"],"picked":"Fission","floor":33},{"not_picked":["BootSequence","Leap"],"picked":"Coolheaded","floor":35},{"not_picked":["Enlightenment","Good Instincts"],"picked":"Apotheosis","floor":36},{"not_picked":["Finesse","Trip"],"picked":"PanicButton","floor":36},{"not_picked":["Secret Weapon","Dramatic Entrance"],"picked":"Panache","floor":36},{"not_picked":["Storm","Self Repair"],"picked":"Steam Power+1","floor":41},{"not_picked":["Fusion","Cold Snap"],"picked":"Static Discharge","floor":42},{"not_picked":["Chaos+1","Rip and Tear+1"],"picked":"Capacitor","floor":44},{"not_picked":["Double Energy","Chaos","Beam Cell"],"picked":"SKIP","floor":45},{"not_picked":["Streamline+1","Turbo+1","FTL+1"],"picked":"SKIP","floor":48},{"not_picked":["Beam Cell","Compile Driver"],"picked":"Barrage","floor":54}],"player_experience":642324,"relics_obtained":[{"floor":6.0,"key":"Dodecahedron"},{"floor":8.0,"key":"Pen Nib"},{"floor":9.0,"key":"Whetstone"},{"floor":13.0,"key":"Ancient Tea Set"},{"floor":23.0,"key":"Bag of Preparation"},{"floor":24,"key":"FossilizedHelix"},{"floor":26,"key":"Matryoshka"},{"floor":27,"key":"Strawberry"},{"floor":28,"key":"MawBank"},{"floor":30,"key":"Bag of Marbles"},{"floor":32,"key":"Gambling Chip"},{"floor":37,"key":"Oddly Smooth Stone"},{"floor":37,"key":"Bottled Tornado"},{"floor":41,"key":"Meat on the Bone"},{"floor":43,"key":"Potion Belt"},{"floor":44,"key":"DataDisk"},{"floor":48,"key":"Bronze Scales"},{"floor":52,"key":"Mummified Hand"},{"floor":54,"key":"Bottled Lightning"}],"event_choices":[{"cards_removed":["Strike_B"],"damage_healed":0.0,"max_hp_gain":0.0,"max_hp_loss":0.0,"gold_gain":0.0,"event_name":"Bonfire Elementals","player_choice":"Offered Basic","floor":4.0,"gold_loss":0.0,"damage_taken":0.0},{"damage_healed":0.0,"max_hp_gain":0.0,"max_hp_loss":36.0,"gold_gain":0.0,"event_name":"Ghosts","player_choice":"Became a Ghost","floor":19.0,"gold_loss":0.0,"damage_taken":0.0,"cards_obtained":["Ghostly","Ghostly","Ghostly"]},{"damage_healed":0.0,"max_hp_gain":0.0,"max_hp_loss":0.0,"gold_gain":0.0,"event_name":"Vampires","player_choice":"Ignored","floor":22.0,"gold_loss":0.0,"damage_taken":0.0},{"damage_healed":0,"gold_gain":0,"player_choice":"Trade","damage_taken":0,"relics_obtained":["GremlinMask"],"max_hp_gain":0,"max_hp_loss":0,"event_name":"FaceTrader","floor":25,"gold_loss":0},{"damage_healed":0,"gold_gain":0,"player_choice":"Memory 3","damage_taken":10,"max_hp_gain":0,"max_hp_loss":0,"event_name":"SensoryStone","floor":36,"gold_loss":0},{"damage_healed":0,"gold_gain":0,"player_choice":"Embrace Madness","damage_taken":8,"max_hp_gain":0,"max_hp_loss":0,"event_name":"Winding Halls","floor":39,"gold_loss":0,"cards_obtained":["Madness","Madness"]},{"cards_removed":["Madness"],"damage_healed":0,"gold_gain":0,"player_choice":"Removed Skill","damage_taken":0,"max_hp_gain":0,"max_hp_loss":0,"event_name":"Falling","floor":46,"gold_loss":0}],"is_beta":false,"boss_relics":[{"not_picked":["Philosopher\u0027s Stone","Lizard Tail"],"picked":"Eternal Feather"},{"not_picked":["Snecko Eye","Orrery"],"picked":"Runic Pyramid"}],"items_purged_floors":[20,38],"is_endless":false,"potions_floor_spawned":[2,3,5,6,13,16,28,29,35,44,54],"ascension_level":15}