{"gold_per_floor":[118,68,84,98,23,48,48,59,59,90,90,118,118,147,147,218,218,237,237,254,254,274,274,303,303,330,361,12,12,41,41,41,115,115,128,144,164,164,178,178,204,304,304,316,328,24,55,68,68,68],"floor_reached":51,"playtime":6066,"items_purged":["Strike_B"],"score":1306,"play_id":"5faf600a-a5ff-4b2e-91e8-d06d9e6ddaf0","local_time":"20190808152436","is_ascension_mode":true,"campfire_choices":[{"data":"Sweeping Beam","floor":7.0,"key":"SMITH"},{"data":"Dualcast","floor":13.0,"key":"SMITH"},{"floor":15.0,"key":"REST"},{"data":"Hyperbeam","floor":23.0,"key":"SMITH"},{"data":"Thunder Strike","floor":25.0,"key":"SMITH"},{"data":"Consume","floor":29.0,"key":"SMITH"},{"data":"Reboot","floor":32.0,"key":"SMITH"},{"data":"Sunder","floor":40.0,"key":"SMITH"},{"data":"Coolheaded","floor":45.0,"key":"SMITH"},{"data":"Reinforced Body","floor":49.0,"key":"SMITH"}],"neow_cost":"NONE","seed_source_timestamp":97309357474935,"circlet_count":0,"master_deck":["AscendersBane","Strike_B","Strike_B","Defend_B+1","Defend_B","Defend_B","Defend_B+1","Zap+1","Dualcast+1","Ball Lightning","Stack","Sweeping Beam+1","Cold Snap","Coolheaded+1","BootSequence","Parasite","Reboot+1","Undo","Hyperbeam+1","Skim+1","Pain","Defragment+1","Thunder Strike+1","Consume+1","Doom and Gloom","Hello World+1","Ghostly","Ghostly","Ghostly","Ghostly","Ghostly","Creative AI+1","Glacier+1","Stack+1","Sunder+1","Storm+1","Reinforced Body+1"],"special_seed":0,"relics":["Cracked Core","Mercury Hourglass","Blue Candle","Sundial","Frozen Egg 2","Anchor","Snecko Eye","WarpedTongs","Matryoshka","Vajra","War Paint","Torii","Toy Ornithopter","Potion Belt","White Beast Statue","Bag of Marbles","Emotion Chip","MawBank","Pear","Dream Catcher"],"potions_floor_usage":[50],"damage_taken":[{"damage":2.0,"enemies":"Jaw Worm","floor":1.0,"turns":2.0},{"damage":5.0,"enemies":"Small Slimes","floor":3.0,"turns":3.0},{"damage":1.0,"enemies":"2 Louse","floor":4.0,"turns":3.0},{"damage":15.0,"enemies":"Gremlin Nob","floor":6.0,"turns":3.0},{"damage":3.0,"enemies":"Gremlin Gang","floor":8.0,"turns":3.0},{"damage":11.0,"enemies":"3 Sentries","floor":10.0,"turns":5.0},{"damage":7.0,"enemies":"Lagavulin","floor":12.0,"turns":5.0},{"damage":20.0,"enemies":"Gremlin Nob","floor":14.0,"turns":4.0},{"damage":5.0,"enemies":"The Guardian","floor":16.0,"turns":12.0},{"damage":0.0,"enemies":"Spheric Guardian","floor":18.0,"turns":3.0},{"damage":2.0,"enemies":"3 Byrds","floor":20.0,"turns":3.0},{"damage":1.0,"enemies":"3 Cultists","floor":22.0,"turns":3.0},{"damage":17.0,"enemies":"Book of Stabbing","floor":24.0,"turns":7.0},{"damage":23.0,"enemies":"Slavers","floor":27.0,"turns":2.0},{"damage":11.0,"enemies":"Book of Stabbing","floor":30.0,"turns":4.0},{"damage":4.0,"enemies":"Champ","floor":33.0,"turns":9.0},{"damage":5.0,"enemies":"3 Darklings","floor":35.0,"turns":4.0},{"damage":3.0,"enemies":"3 Shapes","floor":36.0,"turns":5.0},{"damage":6.0,"enemies":"Writhing Mass","floor":37.0,"turns":7.0},{"damage":1.0,"enemies":"Jaw Worm Horde","floor":39.0,"turns":3.0},{"damage":2.0,"enemies":"Reptomancer","floor":41.0,"turns":7.0},{"damage":3.0,"enemies":"Mind Bloom Boss Battle","floor":42.0,"turns":6.0},{"damage":9.0,"enemies":"Nemesis","floor":47.0,"turns":9.0},{"damage":4.0,"enemies":"Spire Growth","floor":48.0,"turns":7.0},{"damage":24,"enemies":"Donu and Deca","floor":50,"turns":9}],"seed_played":"7516599365792074637","potions_obtained":[{"floor":4.0,"key":"Poison Potion"},{"floor":6.0,"key":"Block Potion"},{"floor":10.0,"key":"SteroidPotion"},{"floor":16.0,"key":"SkillPotion"},{"floor":22.0,"key":"SteroidPotion"},{"floor":27.0,"key":"PowerPotion"},{"floor":30.0,"key":"LiquidBronze"},{"floor":35.0,"key":"SpeedPotion"},{"floor":36.0,"key":"Poison Potion"},{"floor":37.0,"key":"Dexterity Potion"},{"floor":39.0,"key":"Block Potion"},{"floor":41.0,"key":"AttackPotion"},{"floor":42.0,"key":"FearPotion"},{"floor":47.0,"key":"Ancient Potion"},{"floor":48.0,"key":"LiquidBronze"}],"is_trial":false,"path_per_floor":["M","?","M","M","$","E","R","M","T","E","?","E","R","E","R","B",null,"M","?","M","?","M","R","E","R","T","E","$","R","E","?","R","B",null,"M","M","M","?","M","R","E","?","T","?","R","$","E","M","R","B",null],"character_chosen":"DEFECT","items_purchased":["Toy Ornithopter","Doom and Gloom","Regen Potion","Pear","Storm+1"],"campfire_rested":1,"item_purchase_floors":[28,28,28,46,46],"current_hp_per_floor":[62,62,57,56,56,41,41,38,38,27,44,37,37,17,38,33,62,62,62,60,60,59,59,42,42,42,19,19,19,30,30,30,26,33,28,25,19,19,18,18,21,23,23,23,23,33,34,35,35,16],"gold":68,"neow_bonus":"UPGRADE_CARD","is_prod":false,"is_daily":false,"chose_seed":false,"campfire_upgraded":9,"win_rate":0,"timestamp":1565303076,"path_taken":["M","?","M","M","$","E","R","M","T","E","?","E","R","E","R","BOSS","M","?","?","?","M","R","E","R","T","E","$","R","E","?","R","BOSS","M","M","M","?","M","R","E","?","T","?","R","$","E","M","R","BOSS"],"build_version":"2019-07-17","purchased_purges":1,"victory":true,"max_hp_per_floor":[71,71,71,71,71,71,71,71,71,71,71,71,71,71,71,71,71,71,71,71,71,71,71,71,71,71,71,71,71,71,35,35,35,35,35,35,35,35,35,35,35,35,35,33,33,43,43,43,43,43],"card_choices":[{"not_picked":["Sweeping Beam","Rebound"],"picked":"Ball Lightning","floor":1.0},{"not_picked":["Hologram","Blizzard"],"picked":"Stack","floor":3.0},{"not_picked":["Double Energy","Steam"],"picked":"Sweeping Beam","floor":4.0},{"not_picked":["Streamline","Hello World"],"picked":"Cold Snap","floor":6.0},{"not_picked":["Gash","Hello World"],"picked":"Coolheaded","floor":8.0},{"not_picked":["Compile Driver","Hologram"],"picked":"BootSequence","floor":10.0},{"not_picked":["Hologram","Storm"],"picked":"Reboot","floor":12.0},{"not_picked":["Blizzard","Streamline"],"picked":"Undo","floor":14.0},{"not_picked":["Machine Learning+1","All For One"],"picked":"Hyperbeam","floor":16.0},{"not_picked":["Cold Snap+1","Beam Cell"],"picked":"Skim+1","floor":18.0},{"not_picked":["Go for the Eyes+1","Skim"],"picked":"Defragment+1","floor":20.0},{"not_picked":["Melter","Rebound","Barrage"],"picked":"SKIP","floor":22.0},{"not_picked":["Heatsinks+1","Beam Cell+1"],"picked":"Thunder Strike","floor":24.0},{"not_picked":["Leap","Storm+1"],"picked":"Consume","floor":27.0},{"not_picked":["Cold Snap","Sweeping Beam+1"],"picked":"Hello World+1","floor":30.0},{"not_picked":["Thunder Strike","Rainbow"],"picked":"Creative AI+1","floor":33.0},{"not_picked":["Reprogram+1","Steam+1","Auto Shields"],"picked":"SKIP","floor":35.0},{"not_picked":["FTL","Undo"],"picked":"Glacier+1","floor":36.0},{"not_picked":["Compile Driver","Chaos"],"picked":"Stack+1","floor":37.0},{"not_picked":["Gash","Barrage+1"],"picked":"Sunder","floor":39.0},{"not_picked":["Steam","Streamline","Conserve Battery"],"picked":"SKIP","floor":41.0},{"not_picked":["Cold Snap","Self Repair+1","Compile Driver"],"picked":"SKIP","floor":47.0},{"not_picked":["Streamline","Gash"],"picked":"Reinforced Body","floor":48.0}],"player_experience":626139,"relics_obtained":[{"floor":6.0,"key":"Mercury Hourglass"},{"floor":9.0,"key":"Blue Candle"},{"floor":10.0,"key":"Sundial"},{"floor":12.0,"key":"Frozen Egg 2"},{"floor":14.0,"key":"Anchor"},{"floor":24.0,"key":"Matryoshka"},{"floor":26.0,"key":"Vajra"},{"floor":26.0,"key":"War Paint"},{"floor":27.0,"key":"Torii"},{"floor":30.0,"key":"Potion Belt"},{"floor":41.0,"key":"Bag of Marbles"},{"floor":42.0,"key":"Emotion Chip"},{"floor":43.0,"key":"MawBank"},{"floor":47.0,"key":"Dream Catcher"}],"event_choices":[{"cards_removed":["Strike_B"],"damage_healed":0.0,"max_hp_gain":0.0,"max_hp_loss":0.0,"gold_gain":0.0,"event_name":"The Cleric","player_choice":"Card Removal","floor":2.0,"gold_loss":50.0,"damage_taken":0.0},{"damage_healed":17.0,"max_hp_gain":0.0,"max_hp_loss":0.0,"gold_gain":0.0,"event_name":"Mushrooms","player_choice":"Healed and dodged fight","floor":11.0,"gold_loss":0.0,"damage_taken":0.0,"cards_obtained":["Parasite"]},{"damage_healed":0.0,"max_hp_gain":0.0,"max_hp_loss":0.0,"gold_gain":0.0,"event_name":"Accursed Blacksmith","player_choice":"Rummage","floor":19.0,"gold_loss":0.0,"damage_taken":0.0,"relics_obtained":["WarpedTongs"],"cards_obtained":["Pain"]},{"damage_healed":0.0,"max_hp_gain":0.0,"max_hp_loss":0.0,"gold_gain":0.0,"event_name":"Vampires","player_choice":"Ignored","floor":21.0,"gold_loss":0.0,"damage_taken":0.0},{"damage_healed":0.0,"max_hp_gain":0.0,"max_hp_loss":36.0,"gold_gain":0.0,"event_name":"Ghosts","player_choice":"Became a Ghost","floor":31.0,"gold_loss":0.0,"damage_taken":0.0,"cards_obtained":["Ghostly","Ghostly","Ghostly","Ghostly","Ghostly"]},{"damage_healed":0.0,"max_hp_gain":0.0,"max_hp_loss":0.0,"gold_gain":0.0,"event_name":"SensoryStone","player_choice":"Memory 1","floor":38.0,"gold_loss":0.0,"damage_taken":0.0},{"damage_healed":0.0,"max_hp_gain":0.0,"max_hp_loss":0.0,"gold_gain":0.0,"event_name":"MindBloom","player_choice":"Fight","floor":42.0,"gold_loss":0.0,"damage_taken":0.0},{"damage_healed":0.0,"max_hp_gain":0.0,"max_hp_loss":2.0,"gold_gain":0.0,"event_name":"Winding Halls","player_choice":"Max HP","floor":44.0,"gold_loss":0.0,"damage_taken":0.0}],"is_beta":false,"boss_relics":[{"not_picked":["Philosopher\u0027s Stone","Inserter"],"picked":"Snecko Eye"},{"not_picked":["Eternal Feather","Sozu"],"picked":"White Beast Statue"}],"items_purged_floors":[5],"is_endless":false,"potions_floor_spawned":[4,6,10,16,22,27,30,35,36,37,39,41,42,47,48],"ascension_level":14}