{"path_per_floor":["M","?","M","?","M","E","R","$","T","M","?","$","R","M","R","B",null,"M","$","M","M","M","R","$","M","T","$","R","M","$","E","R","B",null,"M","?","$","M","$","R","M","$","T","M","R","M","M","M","R"],"character_chosen":"IRONCLAD","items_purchased":["Offering","Apotheosis","Dexterity Potion"],"gold_per_floor":[114,114,127,77,93,122,122,47,129,140,140,72,72,87,87,184,184,195,5,15,27,37,37,37,54,54,54,54,64,14,46,46,151,151,171,0,0,16,16,16,29,29,55,75,75,87,105,122,122],"floor_reached":50,"campfire_rested":5,"playtime":2710,"current_hp_per_floor":[80,80,80,80,80,62,62,62,62,57,57,57,57,52,76,31,80,80,80,80,70,56,56,56,35,35,35,59,54,54,19,43,13,80,80,80,80,74,74,74,53,53,53,48,72,51,37,16,40],"items_purged":["Strike_R"],"gold":122,"score":463,"play_id":"a26a8f17-e172-4416-9e40-d4abafe7b2ef","local_time":"20180302155807","is_prod":false,"is_daily":false,"is_ascension_mode":true,"campfire_upgraded":4,"timestamp":1520024287,"path_taken":["M","?","M","?","?","E","R","$","T","M","?","$","R","M","R","BOSS","M","?","?","M","M","R","$","M","T","?","R","M","$","E","R","BOSS","M","?","$","M","$","R","M","$","T","M","R","M","M","M","R","BOSS"],"build_version":"2018-03-01-PROD1","purchased_purges":1,"victory":false,"master_deck":["Strike_R","Strike_R","Defend_R","Defend_R","Defend_R","Defend_R","Bash","Spot Weakness","Demon Form","Seeing Red+1","Body Slam+1","Shockwave+1","Offering","Heavy Blade","Impervious","Apotheosis+1","Shrug It Off","Pommel Strike","Shrug It Off","True Grit+1","Warcry+1"],"max_hp_per_floor":[80,80,80,80,80,80,80,80,80,80,80,80,80,80,80,80,80,80,80,80,80,80,80,80,80,80,80,80,80,80,80,80,80,80,80,80,80,80,80,80,80,80,80,80,80,80,80,80,80],"relics":["Black Blood","NeowsBlessing","Anchor","Shuriken","Frozen Eye","Art of War","Question Card","Red Mask","Dream Catcher"],"card_choices":[{"not_picked":["Iron Wave","Havoc"],"picked":"Spot Weakness"},{"not_picked":["Wild Strike","Perfected Strike"],"picked":"Seeing Red"},{"not_picked":["Twin Strike","Thunderclap"],"picked":"Body Slam"},{"not_picked":["Searing Blow","Uppercut"],"picked":"Shockwave"},{"not_picked":["Body Slam","Iron Wave"],"picked":"Heavy Blade"},{"not_picked":["Juggernaut","Brutality"],"picked":"Impervious"},{"not_picked":["Sword Boomerang","Clash"],"picked":"Shrug It Off"},{"not_picked":["Perfected Strike","Hemokinesis"],"picked":"Pommel Strike"},{"not_picked":["Iron Wave","Corruption"],"picked":"Shrug It Off"},{"not_picked":["Feel No Pain","Metallicize","Rage"],"picked":"True Grit"},{"not_picked":["True Grit","Pommel Strike","Flame Barrier"],"picked":"Warcry"}],"player_experience":168889,"potions_floor_usage":[31,33,50,50,50],"damage_taken":[{"damage":0,"enemies":"Jaw Worm","floor":1,"turns":1},{"damage":0,"enemies":"Cultist","floor":3,"turns":1},{"damage":0,"enemies":"2 Louse","floor":5,"turns":1},{"damage":24,"enemies":"3 Sentries","floor":6,"turns":8},{"damage":11,"enemies":"Large Slime","floor":10,"turns":7},{"damage":11,"enemies":"2 Fungi Beasts","floor":14,"turns":5},{"damage":51,"enemies":"Slime Boss","floor":16,"turns":8},{"damage":6,"enemies":"Chosen","floor":18,"turns":4},{"damage":8,"enemies":"Shell Parasite","floor":20,"turns":4},{"damage":20,"enemies":"Snake Plant","floor":21,"turns":5},{"damage":24,"enemies":"Sentry and Sphere","floor":22,"turns":6},{"damage":31,"enemies":"Cultist and Chosen","floor":25,"turns":6},{"damage":15,"enemies":"Snecko","floor":29,"turns":4},{"damage":60,"enemies":"Slavers","floor":31,"turns":7},{"damage":40,"enemies":"Automaton","floor":33,"turns":12},{"damage":4,"enemies":"Orb Walker","floor":35,"turns":4},{"damage":16,"enemies":"3 Darklings","floor":38,"turns":6},{"damage":31,"enemies":"4 Shapes","floor":41,"turns":6},{"damage":15,"enemies":"Maw","floor":44,"turns":8},{"damage":31,"enemies":"3 Darklings","floor":46,"turns":7},{"damage":24,"enemies":"4 Shapes","floor":47,"turns":8},{"damage":31,"enemies":"Sphere and 2 Shapes","floor":48,"turns":8},{"damage":56,"enemies":"Donu and Deca","floor":50,"turns":6}],"event_choices":[{"event_name":"Transmorgrifier","player_choice":"Transform","floor":2,"damage_taken":0},{"event_name":"The Cleric","player_choice":"Card Removal","floor":4,"damage_taken":0},{"event_name":"Golden Wing","player_choice":"Ignored","floor":11,"damage_taken":0},{"event_name":"Tomb of Lord Red Mask","player_choice":"Paid","floor":36,"damage_taken":0}],"boss_relics":[{"not_picked":["Velvet Choker","Pandora\u0027s Box"],"picked":"Black Blood"},{"not_picked":["Astrolabe","Calling Bell"],"picked":"Question Card"}],"potions_floor_spawned":[3,6,14,16,22,25,31,33,35,44,48],"seed_played":"-5414171259959410638","killed_by":"Donu and Deca","ascension_level":1,"is_trial":false}