{"gold_per_floor":[116,126,126,140,152,152,170,170,221,247,34,63,77,89,89,192,192,204,216,315,333,1,1,12,339,421,421,452,452,452,464,464,561,561,579,579,579,597,246,262,0,0,0,18,38,38,54,54,54,54,54,54,18,46,46],"floor_reached":55,"playtime":3355,"items_purged":["Strike_B","Writhe"],"score":796,"play_id":"9b0ba8ff-a0a0-49a5-a3a0-78c9e1a4652d","local_time":"20190915181437","is_ascension_mode":false,"campfire_choices":[{"data":"Defragment","floor":6,"key":"SMITH"},{"data":"Dualcast","floor":8,"key":"SMITH"},{"data":"Defragment","floor":15,"key":"SMITH"},{"floor":23,"key":"REST"},{"floor":27,"key":"REST"},{"floor":29,"key":"REST"},{"floor":32,"key":"REST"},{"floor":42,"key":"RECALL"},{"floor":46,"key":"REST"},{"floor":49,"key":"REST"},{"data":"Rainbow","floor":52,"key":"SMITH"}],"neow_cost":"NONE","seed_source_timestamp":422522780740600,"circlet_count":0,"master_deck":["Strike_B","Strike_B","Defend_B","Defend_B+1","Defend_B+1","Defend_B","Zap","Dualcast+1","Defragment+1","Streamline","Leap","Defragment+1","White Noise","Redo","Sweeping Beam","Capacitor","Seek","Cold Snap+1","Double Energy","Auto Shields","Rainbow+1","Conserve Battery+1","Darkness+1","Steam+1","Cold Snap+1","Parasite","Double Energy+1","Reprogram+1","FTL","Leap+1"],"relics":["Cracked Core","War Paint","FaceOfCleric","Oddly Smooth Stone","Ornamental Fan","Strawberry","Bronze Scales","Lizard Tail","Bottled Tornado","Old Coin","PreservedInsect","Eternal Feather","Mummified Hand","Red Mask","Toxic Egg 2","Incense Burner"],"potions_floor_usage":[10,10,16,19,19,25,33,33,40,47,47,50],"damage_taken":[{"damage":0,"enemies":"Cultist","floor":1,"turns":3},{"damage":0,"enemies":"2 Louse","floor":2,"turns":2},{"damage":0,"enemies":"Small Slimes","floor":4,"turns":3},{"damage":3,"enemies":"Exordium Wildlife","floor":5,"turns":4},{"damage":2,"enemies":"Blue Slaver","floor":7,"turns":3},{"damage":0,"enemies":"Gremlin Nob","floor":10,"turns":3},{"damage":3,"enemies":"Lagavulin","floor":12,"turns":6},{"damage":10,"enemies":"Looter","floor":13,"turns":2},{"damage":13,"enemies":"3 Louse","floor":14,"turns":2},{"damage":21,"enemies":"Hexaghost","floor":16,"turns":7},{"damage":4,"enemies":"Chosen","floor":18,"turns":4},{"damage":20,"enemies":"2 Thieves","floor":19,"turns":3},{"damage":24,"enemies":"3 Cultists","floor":21,"turns":6},{"damage":39,"enemies":"Cultist and Chosen","floor":24,"turns":6},{"damage":12,"enemies":"Book of Stabbing","floor":25,"turns":7},{"damage":27,"enemies":"Slavers","floor":28,"turns":5},{"damage":12,"enemies":"Centurion and Healer","floor":31,"turns":5},{"damage":53,"enemies":"Collector","floor":33,"turns":12},{"damage":34,"enemies":"3 Darklings","floor":35,"turns":5},{"damage":13,"enemies":"Orb Walker","floor":38,"turns":6},{"damage":24,"enemies":"4 Shapes","floor":40,"turns":7},{"damage":53,"enemies":"Sphere and 2 Shapes","floor":44,"turns":7},{"damage":12,"enemies":"Writhing Mass","floor":45,"turns":7},{"damage":30,"enemies":"Jaw Worm Horde","floor":47,"turns":6},{"damage":31,"enemies":"Time Eater","floor":50,"turns":13},{"damage":84,"enemies":"Shield and Spear","floor":54,"turns":7},{"damage":80,"enemies":"The Heart","floor":55,"turns":5}],"seed_played":"-1780018610595556381","potions_obtained":[{"floor":1,"key":"Poison Potion"},{"floor":5,"key":"FocusPotion"},{"floor":10,"key":"Explosive Potion"},{"floor":13,"key":"Block Potion"},{"floor":18,"key":"Regen Potion"},{"floor":21,"key":"Strength Potion"},{"floor":24,"key":"PowerPotion"},{"floor":28,"key":"GamblersBrew"},{"floor":31,"key":"SpeedPotion"},{"floor":35,"key":"PowerPotion"},{"floor":45,"key":"GamblersBrew"},{"floor":47,"key":"FocusPotion"}],"is_trial":false,"path_per_floor":["M","M","?","M","M","R","M","R","T","E","$","E","M","M","R","B",null,"M","M","?","M","$","R","M","E","T","R","E","R","?","M","R","B",null,"M","?","?","M","$","M","?","R","T","M","M","R","M","?","R","B",null,"R","$","E","B"],"character_chosen":"DEFECT","items_purchased":["Strawberry","White Noise","Bottled Tornado","Mummified Hand","FTL"],"campfire_rested":6,"item_purchase_floors":[11,11,22,39,53],"current_hp_per_floor":[75,75,75,76,74,74,73,73,73,74,81,79,70,58,58,38,90,87,76,76,53,53,80,42,31,31,59,33,61,61,50,79,27,98,65,65,90,78,78,55,55,70,70,18,7,52,23,23,69,39,105,105,105,22,0],"gold":46,"neow_bonus":"RANDOM_COMMON_RELIC","is_prod":false,"is_daily":false,"chose_seed":false,"campfire_upgraded":4,"win_rate":0,"timestamp":1568564077,"path_taken":["M","?","?","M","?","R","M","R","T","E","$","E","?","M","R","BOSS","M","M","?","M","$","R","M","E","T","R","E","R","?","M","R","BOSS","M","?","?","M","$","M","?","R","T","?","M","R","M","?","R","BOSS","R","$","E","BOSS"],"build_version":"2019-07-17","purchased_purges":2,"victory":false,"max_hp_per_floor":[75,75,75,76,77,77,78,78,78,79,86,87,88,89,89,90,90,91,92,92,93,93,93,94,95,95,95,96,96,96,97,97,98,98,99,99,99,100,100,101,101,101,101,102,103,103,104,104,104,105,105,105,105,106,106],"card_choices":[{"not_picked":["Leap","Gash"],"picked":"Defragment","floor":1},{"not_picked":["Rebound","Sweeping Beam"],"picked":"Streamline","floor":2},{"not_picked":["Force Field","Stack","Auto Shields"],"picked":"SKIP","floor":4},{"not_picked":["Hello World","Turbo"],"picked":"Leap","floor":5},{"not_picked":["Streamline","Lockon","Hello World"],"picked":"SKIP","floor":7},{"not_picked":["Multi-Cast","Undo"],"picked":"Defragment","floor":10},{"not_picked":["Hologram","Tempest"],"picked":"Redo","floor":12},{"not_picked":["Rebound","Ball Lightning"],"picked":"Sweeping Beam","floor":13},{"not_picked":["Rebound","Go for the Eyes"],"picked":"Capacitor","floor":14},{"not_picked":["Amplify","Meteor Strike"],"picked":"Seek","floor":16},{"not_picked":["Ball Lightning","Scrape"],"picked":"Cold Snap+1","floor":18},{"not_picked":["Compile Driver","Steam"],"picked":"Double Energy","floor":19},{"not_picked":["Undo","Turbo","Go for the Eyes+1"],"picked":"SKIP","floor":21},{"not_picked":["Reinforced Body+1","Compile Driver+1"],"picked":"Auto Shields","floor":24},{"not_picked":["Barrage","Redo","Rebound"],"picked":"SKIP","floor":25},{"not_picked":["Redo","Reinforced Body","Melter"],"picked":"SKIP","floor":28},{"not_picked":["Blizzard","Gash","Sunder"],"picked":"SKIP","floor":31},{"not_picked":["Multi-Cast","Electrodynamics"],"picked":"Rainbow","floor":33},{"not_picked":["Redo","Rebound+1"],"picked":"Conserve Battery+1","floor":35},{"not_picked":["Beam Cell","Stack+1"],"picked":"Darkness+1","floor":38},{"not_picked":["Compile Driver","Rebound"],"picked":"Steam+1","floor":40},{"not_picked":["Capacitor","Leap+1"],"picked":"Cold Snap+1","floor":44},{"not_picked":["Leap+1","Storm"],"picked":"Double Energy+1","floor":45},{"not_picked":["Self Repair+1","Buffer"],"picked":"Reprogram+1","floor":47},{"not_picked":["Barrage","Rebound"],"picked":"Leap+1","floor":54}],"player_experience":86335,"relics_obtained":[{"floor":9,"key":"Oddly Smooth Stone"},{"floor":10,"key":"Ornamental Fan"},{"floor":12,"key":"Bronze Scales"},{"floor":25,"key":"Old Coin"},{"floor":28,"key":"PreservedInsect"},{"floor":43,"key":"Toxic Egg 2"},{"floor":54,"key":"Incense Burner"}],"event_choices":[{"damage_healed":0,"gold_gain":0,"player_choice":"Trade","damage_taken":0,"relics_obtained":["FaceOfCleric"],"max_hp_gain":0,"max_hp_loss":0,"event_name":"FaceTrader","floor":3,"gold_loss":0},{"damage_healed":0,"gold_gain":99,"player_choice":"Stole From Cult","damage_taken":0,"max_hp_gain":0,"max_hp_loss":0,"event_name":"Nest","floor":20,"gold_loss":0},{"damage_healed":0,"gold_gain":0,"player_choice":"Ignored","damage_taken":0,"max_hp_gain":0,"max_hp_loss":0,"event_name":"Vampires","floor":30,"gold_loss":0},{"damage_healed":0,"gold_gain":0,"player_choice":"Memory 1","damage_taken":0,"max_hp_gain":0,"max_hp_loss":0,"event_name":"SensoryStone","floor":36,"gold_loss":0},{"damage_healed":25,"gold_gain":0,"player_choice":"Writhe","damage_taken":0,"max_hp_gain":0,"max_hp_loss":0,"event_name":"Winding Halls","floor":37,"gold_loss":0,"cards_obtained":["Writhe"]},{"damage_healed":0,"gold_gain":0,"player_choice":"Paid","damage_taken":0,"relics_obtained":["Red Mask"],"max_hp_gain":0,"max_hp_loss":0,"event_name":"Tomb of Lord Red Mask","floor":41,"gold_loss":262},{"cards_removed":["Strike_B"],"damage_healed":0,"gold_gain":0,"player_choice":"Removed Attack","damage_taken":0,"max_hp_gain":0,"max_hp_loss":0,"event_name":"Falling","floor":48,"gold_loss":0}],"is_beta":false,"boss_relics":[{"not_picked":["Philosopher\u0027s Stone","Fusion Hammer"],"picked":"Lizard Tail"},{"not_picked":["Calling Bell","Orrery"],"picked":"Eternal Feather"}],"items_purged_floors":[22,39],"is_endless":false,"potions_floor_spawned":[1,5,10,13,18,21,24,28,31,35,45,47],"killed_by":"The Heart","ascension_level":0}