{"gold_per_floor":[109,125,200,220,233,233,249,263,334,344,344,344,344,359,359,464,464,483,414,414,339,359,392,307,317,370,370,243,256,272,291,291,392,442,454,354,354,365,380,380,398,416,416,435,116,116,150,166,166,166],"floor_reached":51,"playtime":2758,"items_purged":["Defend_B","Defend_B"],"score":947,"play_id":"d44a16b6-c025-48fe-aa5d-26198a1e8546","local_time":"20180720011800","is_ascension_mode":false,"campfire_choices":[{"data":"Zap","floor":6,"key":"SMITH"},{"data":"Defragment","floor":11,"key":"SMITH"},{"data":"Glacier","floor":13,"key":"SMITH"},{"data":"Loop","floor":15,"key":"SMITH"},{"data":"Barrage","floor":32,"key":"SMITH"},{"data":"Blizzard","floor":40,"key":"SMITH"},{"data":"Blizzard","floor":49,"key":"SMITH"}],"neow_cost":"NONE","seed_source_timestamp":996128156672079,"circlet_count":0,"master_deck":["Defend_B+1","Defend_B","Zap+1","Dualcast+1","Defragment+1","Coolheaded","Loop+1","Glacier+1","Coolheaded","Chill","Machine Learning","Self Repair","Bite","Bite","Bite","Bite","Bite","Barrage+1","Barrage","Fission","Blizzard+1","Blizzard+1","Blizzard+1","Fission+1"],"relics":["FrozenCore","Oddly Smooth Stone","Question Card","Meat on the Bone","Nunchaku","Ancient Tea Set","Tiny House","Shovel","Orichalcum","Cables","War Paint"],"potions_floor_usage":[23,23,31,50,50],"damage_taken":[{"damage":4,"enemies":"Small Slimes","floor":1,"turns":4},{"damage":7,"enemies":"Jaw Worm","floor":2,"turns":3},{"damage":0,"enemies":"2 Louse","floor":4,"turns":2},{"damage":37,"enemies":"Gremlin Gang","floor":5,"turns":4},{"damage":1,"enemies":"Red Slaver","floor":7,"turns":4},{"damage":0,"enemies":"Blue Slaver","floor":8,"turns":4},{"damage":0,"enemies":"Looter","floor":10,"turns":4},{"damage":0,"enemies":"Red Slaver","floor":14,"turns":4},{"damage":9,"enemies":"The Guardian","floor":16,"turns":16},{"damage":0,"enemies":"Chosen","floor":18,"turns":7},{"damage":0,"enemies":"2 Thieves","floor":21,"turns":5},{"damage":17,"enemies":"Slaver and Parasite","floor":22,"turns":11},{"damage":39,"enemies":"Slavers","floor":23,"turns":17},{"damage":9,"enemies":"Snake Plant","floor":25,"turns":7},{"damage":24,"enemies":"Cultist and Chosen","floor":29,"turns":9},{"damage":21,"enemies":"Slaver and Parasite","floor":30,"turns":10},{"damage":38,"enemies":"3 Cultists","floor":31,"turns":7},{"damage":62,"enemies":"Collector","floor":33,"turns":18},{"damage":56,"enemies":"Flame Bruiser 1 Orb","floor":35,"turns":9},{"damage":12,"floor":37,"turns":10},{"damage":9,"enemies":"3 Darklings","floor":38,"turns":9},{"damage":15,"enemies":"4 Shapes","floor":39,"turns":6},{"damage":3,"enemies":"Sphere and 2 Shapes","floor":41,"turns":7},{"damage":24,"enemies":"Flame Bruiser 2 Orb","floor":42,"turns":6},{"damage":46,"enemies":"Transient","floor":44,"turns":5},{"damage":11,"enemies":"Nemesis","floor":47,"turns":11},{"damage":11,"enemies":"Spire Growth","floor":48,"turns":9},{"damage":0,"enemies":"Time Eater","floor":50,"turns":15}],"seed_played":"-5144436203296556681","potions_obtained":[{"floor":1,"key":"Block Potion"},{"floor":2,"key":"Poison Potion"},{"floor":7,"key":"Dexterity Potion"},{"floor":23,"key":"Ancient Potion"},{"floor":25,"key":"FearPotion"},{"floor":29,"key":"SteroidPotion"},{"floor":33,"key":"LiquidBronze"},{"floor":34,"key":"FairyPotion"},{"floor":42,"key":"FocusPotion"}],"is_trial":false,"path_per_floor":["M","M","?","M","M","R","M","M","T","M","R","?","R","M","R","B",null,"M","$","?","M","M","E","?","M","T","?","$","M","M","M","R","B",null,"M","$","?","M","M","R","M","M","T","M","$","?","E","M","R","B"],"character_chosen":"DEFECT","items_purchased":["Self Repair","Barrage","Cables","FocusPotion"],"campfire_rested":0,"item_purchase_floors":[19,28,45,45],"current_hp_per_floor":[71,64,53,53,16,16,15,15,15,15,15,40,40,40,40,31,75,75,75,75,75,65,33,33,43,43,43,43,50,52,45,45,37,57,36,36,53,57,51,51,57,44,44,22,22,50,50,50,50,50],"gold":166,"neow_bonus":"RANDOM_COMMON_RELIC","is_prod":false,"is_daily":false,"chose_seed":false,"campfire_upgraded":7,"win_rate":0,"timestamp":1532063880,"path_taken":["M","M","?","M","?","R","M","M","T","?","R","?","R","?","R","BOSS","M","$","?","M","M","E","?","?","T","?","?","?","M","M","R","BOSS","M","$","?","M","M","R","M","M","T","M","$","?","E","M","R","BOSS"],"build_version":"2018-07-19","purchased_purges":2,"victory":true,"max_hp_per_floor":[75,75,75,75,75,75,75,75,75,75,75,75,75,75,75,75,75,75,75,75,75,75,75,75,75,75,52,52,52,52,52,52,52,57,57,57,57,57,57,57,57,57,57,57,57,50,50,50,50,50],"card_choices":[{"not_picked":["Ball Lightning","Genetic Algorithm"],"picked":"Defragment","floor":1},{"not_picked":["Hello World","Go for the Eyes"],"picked":"Coolheaded","floor":2},{"not_picked":["Conserve Battery","Fission"],"picked":"Loop","floor":4},{"not_picked":["Darkness","Fusion"],"picked":"Glacier","floor":5},{"not_picked":["Hologram","Stack","Sunder"],"picked":"SKIP","floor":7},{"not_picked":["Sweeping Beam","Beam Cell"],"picked":"Coolheaded","floor":8},{"not_picked":["Beam Cell","Sweeping Beam","Turbo","Auto Shields"],"picked":"SKIP","floor":10},{"not_picked":["Go for the Eyes","Coolheaded","Skim"],"picked":"Chill","floor":14},{"not_picked":["Rainbow","Amplify","Thunder Strike"],"picked":"Machine Learning","floor":16},{"not_picked":["Barrage","Beam Cell","Gash","Rebound+1"],"picked":"SKIP","floor":18},{"not_picked":["Hello World","BootSequence","Stack","Leap+1"],"picked":"SKIP","floor":21},{"not_picked":["Tempest","Stack","Sunder","Genetic Algorithm"],"picked":"SKIP","floor":22},{"not_picked":["Chill","White Noise","All For One","Undo+1"],"picked":"SKIP","floor":23},{"not_picked":["Go for the Eyes","Cold Snap+1","Fusion","Heatsinks+1"],"picked":"SKIP","floor":25},{"not_picked":["Genetic Algorithm+1","Gash","Hologram+1","Redo"],"picked":"SKIP","floor":29},{"not_picked":["Sunder+1","Doom and Gloom","Rebound","Thunder Strike"],"picked":"SKIP","floor":30},{"not_picked":["Redo","FTL","Genetic Algorithm"],"picked":"Barrage","floor":31},{"not_picked":["Meteor Strike","Amplify","Rainbow"],"picked":"Fission","floor":33},{"not_picked":["Stack+1","Hologram","Steam+1"],"picked":"Blizzard","floor":35},{"not_picked":["Amplify","Go for the Eyes+1","Gash","Tempest"],"picked":"SKIP","floor":38},{"not_picked":["Go for the Eyes+1","Conserve Battery","Steam+1"],"picked":"Blizzard","floor":39},{"not_picked":["Turbo+1","Storm+1","Loop","Streamline+1"],"picked":"SKIP","floor":41},{"not_picked":["Leap+1","Static Discharge+1","Fusion"],"picked":"Blizzard+1","floor":42},{"not_picked":["White Noise+1","Coolheaded","Conserve Battery","Fission"],"picked":"SKIP","floor":44},{"not_picked":["White Noise+1","Coolheaded","Conserve Battery"],"picked":"Fission","floor":44},{"not_picked":["Sunder","Loop","Compile Driver+1","Rebound+1"],"picked":"SKIP","floor":47},{"not_picked":["Conserve Battery","Compile Driver+1","Coolheaded+1","Fusion"],"picked":"SKIP","floor":48}],"player_experience":760037,"relics_obtained":[{"floor":9,"key":"Question Card"},{"floor":23,"key":"Meat on the Bone"},{"floor":26,"key":"Ancient Tea Set"},{"floor":37,"key":"Shovel"},{"floor":43,"key":"Orichalcum"},{"floor":47,"key":"War Paint"}],"event_choices":[{"event_name":"World of Goop","player_choice":"Gather Gold","floor":3,"damage_taken":0},{"event_name":"Big Fish","player_choice":"Banana","floor":12,"damage_taken":0},{"event_name":"Ghosts","player_choice":"Ignored","floor":20,"damage_taken":0},{"event_name":"Addict","player_choice":"Obtained Relic","floor":24,"damage_taken":0},{"event_name":"Vampires","player_choice":"Became a vampire","floor":27,"damage_taken":0},{"event_name":"MindBloom","player_choice":"Fight","floor":37,"damage_taken":0},{"event_name":"The Moai Head","player_choice":"Heal","floor":46,"damage_taken":0}],"is_beta":true,"boss_relics":[{"not_picked":["Lizard Tail","Ectoplasm"],"picked":"FrozenCore"},{"not_picked":["Coffee Dripper","White Beast Statue"],"picked":"Tiny House"}],"items_purged_floors":[28,36],"is_endless":false,"potions_floor_spawned":[1,2,7,18,23,25,29,33,35,39,42,47,48],"ascension_level":0}