{"path_per_floor":["M","$","M","M","?","R","$","R","T","?","M","M","E","?","R","B",null,"M","M","M","M","?","R"],"character_chosen":"IRONCLAD","items_purchased":[],"gold_per_floor":[111,36,51,70,70,70,70,70,70,70,90,109,139,139,139,235,235,251,270,284,301,301,301,301],"floor_reached":24,"campfire_rested":0,"playtime":491,"current_hp_per_floor":[72,72,71,62,67,67,67,67,67,67,70,67,56,75,75,35,67,76,68,43,20,20,20,0],"items_purged":["Strike_R"],"gold":301,"score":267,"play_id":"9c689fa4-190e-4b8a-9fbb-e3199987c67a","local_time":"20180407114537","is_prod":false,"is_daily":false,"is_ascension_mode":true,"campfire_upgraded":4,"timestamp":1523115937,"path_taken":["M","?","M","M","?","R","$","R","T","?","?","M","E","?","R","BOSS","M","M","?","M","?","R","E"],"build_version":"2018-04-05v2","purchased_purges":1,"victory":false,"master_deck":["Strike_R","Strike_R","Strike_R","Strike_R","Defend_R","Defend_R","Defend_R","Defend_R","Bash","Hemokinesis","Headbutt","Searing Blow+4","Parasite","Feed","Corruption"],"max_hp_per_floor":[72,72,72,72,77,77,77,77,77,77,77,77,77,77,77,77,77,80,80,80,83,83,83,83],"relics":["Burning Blood","Sundial","Torii","Shovel","Runic Dome"],"card_choices":[{"not_picked":["Clothesline","Sever Soul"],"picked":"Hemokinesis","floor":1},{"not_picked":["True Grit","Shockwave"],"picked":"Headbutt","floor":3},{"not_picked":["Twin Strike","Iron Wave"],"picked":"Searing Blow","floor":4},{"not_picked":["Juggernaut","Brutality"],"picked":"Feed","floor":16},{"not_picked":["Rampage","Havoc"],"picked":"Corruption","floor":21}],"player_experience":323860,"potions_floor_usage":[24],"damage_taken":[{"damage":6,"enemies":"Cultist","floor":1,"turns":3},{"damage":7,"enemies":"Small Slimes","floor":3,"turns":3},{"damage":15,"enemies":"Jaw Worm","floor":4,"turns":2},{"damage":3,"enemies":"2 Fungi Beasts","floor":11,"turns":2},{"damage":9,"enemies":"Looter","floor":12,"turns":2},{"damage":17,"enemies":"3 Sentries","floor":13,"turns":6},{"damage":46,"enemies":"The Guardian","floor":16,"turns":11},{"damage":0,"enemies":"Chosen","floor":18,"turns":3},{"damage":14,"enemies":"Spheric Guardian","floor":19,"turns":3},{"damage":31,"enemies":"Snake Plant","floor":20,"turns":3},{"damage":32,"enemies":"Centurion and Healer","floor":21,"turns":4},{"damage":43,"enemies":"Book of Stabbing","floor":24,"turns":3}],"event_choices":[{"event_name":"Big Fish","player_choice":"Donut","floor":5,"damage_taken":0},{"event_name":"Liars Game","player_choice":"disagreed","floor":10,"damage_taken":0},{"event_name":"Mushrooms","player_choice":"Healed and dodged fight","floor":14,"damage_taken":0},{"event_name":"The Lab","player_choice":"Got Potions","floor":22,"damage_taken":0}],"boss_relics":[{"not_picked":["Runic Pyramid","Eternal Feather"],"picked":"Runic Dome"}],"potions_floor_spawned":[1,4,11,18,21],"seed_played":"399531922890124124","killed_by":"Book of Stabbing","ascension_level":7,"is_trial":false}