{"path_per_floor":["M","?","M","?","?","R","E","R","T","M","M","R","E","M","R","B",null,"M","?","M","$","?","E","R","M","T","M","R","$","R","E","R","B",null,"M","?","?","M","T","R","M","R","T","$","E","R","?","$","R"],"character_chosen":"DEFECT","items_purchased":["Self Repair+1","Bag of Marbles","Loop+1","Apotheosis"],"gold_per_floor":[118,118,129,229,229,229,254,254,323,342,354,354,386,400,400,496,496,511,511,526,382,382,409,409,424,424,437,437,111,111,146,146,251,251,268,268,268,288,312,312,324,324,324,199,261,261,261,63,63,63],"floor_reached":50,"campfire_rested":0,"playtime":1897,"item_purchase_floors":[21,29,29,48],"current_hp_per_floor":[75,75,75,75,75,75,61,61,61,61,58,58,45,53,53,63,75,62,62,48,48,48,79,79,79,79,81,81,81,81,81,81,81,81,83,73,73,85,91,91,93,93,93,93,74,74,74,74,74,0],"items_purged":["Regret","Writhe","Doubt"],"gold":63,"score":696,"play_id":"085f0aa9-9786-4dde-8c96-0f4f4fb18b59","local_time":"20180625172851","is_prod":false,"is_daily":false,"chose_seed":false,"is_ascension_mode":true,"campfire_upgraded":12,"win_rate":0,"timestamp":1529962131,"campfire_choices":[{"data":"Dualcast","floor":6,"key":"SMITH"},{"data":"Skim","floor":8,"key":"SMITH"},{"data":"White Noise","floor":12,"key":"SMITH"},{"data":"FTL","floor":15,"key":"SMITH"},{"data":"Scrape","floor":24,"key":"SMITH"},{"data":"Go for the Eyes","floor":28,"key":"SMITH"},{"data":"Glacier","floor":30,"key":"SMITH"},{"data":"Cold Snap","floor":32,"key":"SMITH"},{"data":"Madness","floor":40,"key":"SMITH"},{"data":"Core Surge","floor":42,"key":"SMITH"},{"data":"Madness","floor":46,"key":"SMITH"},{"data":"Apotheosis","floor":49,"key":"SMITH"}],"path_taken":["M","?","M","?","?","R","E","R","T","M","M","R","E","M","R","BOSS","M","?","M","$","?","E","R","M","T","?","R","$","R","E","R","BOSS","M","?","?","M","?","R","M","R","T","$","E","R","?","?","R","BOSS"],"build_version":"2018-06-21","seed_source_timestamp":2234465353723136,"purchased_purges":3,"circlet_count":0,"victory":false,"master_deck":["Strike_B","Strike_B","Strike_B","Defend_B","Defend_B","Defend_B","Defend_B","Zap+1","Dualcast+1","FTL+1","Scrape+1","Skim+1","Cold Snap+1","White Noise+1","Go for the Eyes+1","Self Repair+1","Gash","Echo Form+1","Glacier+1","Biased Cognition+1","Self Repair+1","Gash","Loop+1","FTL+1","Core Surge+1","Madness+1","Madness+1","Gash","Panache+1","Apotheosis+1"],"max_hp_per_floor":[75,75,75,75,75,75,75,75,75,75,75,75,75,75,75,75,75,75,75,77,77,77,79,79,79,79,81,81,81,81,81,81,81,81,83,83,83,85,91,91,93,93,93,93,93,93,93,93,93,93],"relics":["Cracked Core","Vajra","Mummified Hand","Frozen Egg 2","Lantern","Calling Bell","Singing Bowl","Darkstone Periapt","Calipers","Anchor","Art of War","Bag of Marbles","Regal Pillow","Cursed Key","NlothsMask","Boot","Tiny Chest"],"card_choices":[{"not_picked":["Streamline","Turbo"],"picked":"FTL","floor":1},{"not_picked":["Barrage","Ball Lightning"],"picked":"Skim","floor":3},{"not_picked":["Tempest","Streamline"],"picked":"Cold Snap","floor":7},{"not_picked":["Conserve Battery","Melter"],"picked":"White Noise","floor":10},{"not_picked":["Leap","Cold Snap"],"picked":"Go for the Eyes","floor":11},{"not_picked":["Aggregate","BootSequence"],"picked":"Self Repair+1","floor":13},{"not_picked":["Defragment+1","Leap"],"picked":"Gash","floor":14},{"not_picked":["Meteor Strike","Amplify"],"picked":"Echo Form+1","floor":16},{"not_picked":["Redo+1","Turbo"],"picked":"Glacier","floor":18},{"not_picked":["Cold Snap","Hologram","Compile Driver+1"],"picked":"Singing Bowl","floor":20},{"not_picked":["Defragment+1","Fusion","Turbo"],"picked":"Singing Bowl","floor":23},{"not_picked":["Barrage+1","Hello World+1"],"picked":"Gash","floor":25},{"not_picked":["Cold Snap","Ball Lightning","Streamline"],"picked":"Singing Bowl","floor":27},{"not_picked":["Meteor Strike","Barrage"],"picked":"FTL+1","floor":31},{"not_picked":["Rainbow","Fission"],"picked":"Core Surge","floor":33},{"not_picked":["Sweeping Beam+1","Steam","Hologram+1"],"picked":"Singing Bowl","floor":35},{"not_picked":["Chaos+1","Barrage","Turbo"],"picked":"Singing Bowl","floor":38},{"not_picked":["Double Energy+1","Skim+1","Electrodynamics+1"],"picked":"Singing Bowl","floor":41},{"not_picked":["Coolheaded","Rainbow"],"picked":"Gash","floor":45},{"not_picked":["Finesse","Master of Strategy"],"picked":"Panache+1","floor":47}],"player_experience":565744,"potions_floor_usage":[14,16,23,23,25,41,45,45],"damage_taken":[{"damage":0,"enemies":"2 Louse","floor":1,"turns":2},{"damage":0,"enemies":"Cultist","floor":3,"turns":2},{"damage":14,"enemies":"3 Sentries","floor":7,"turns":6},{"damage":0,"enemies":"Small Slimes","floor":10,"turns":2},{"damage":3,"enemies":"Looter","floor":11,"turns":2},{"damage":20,"enemies":"Lagavulin","floor":13,"turns":4},{"damage":2,"enemies":"Lots of Slimes","floor":14,"turns":3},{"damage":0,"enemies":"Slime Boss","floor":16,"turns":6},{"damage":23,"enemies":"Spheric Guardian","floor":18,"turns":4},{"damage":33,"enemies":"2 Thieves","floor":20,"turns":4},{"damage":0,"enemies":"Gremlin Leader","floor":23,"turns":8},{"damage":5,"enemies":"Snecko","floor":25,"turns":5},{"damage":1,"enemies":"Cultist and Chosen","floor":27,"turns":6},{"damage":4,"enemies":"Book of Stabbing","floor":31,"turns":7},{"damage":0,"enemies":"Champ","floor":33,"turns":13},{"damage":12,"enemies":"3 Shapes","floor":35,"turns":4},{"damage":7,"enemies":"Flame Bruiser 1 Orb","floor":38,"turns":5},{"damage":0,"enemies":"Transient","floor":41,"turns":5},{"damage":46,"enemies":"Nemesis","floor":45,"turns":7},{"damage":75,"enemies":"Time Eater","floor":50,"turns":7}],"relics_obtained":[{"floor":7,"key":"Mummified Hand"},{"floor":9,"key":"Frozen Egg 2"},{"floor":13,"key":"Lantern"},{"floor":17,"key":"Singing Bowl"},{"floor":17,"key":"Darkstone Periapt"},{"floor":17,"key":"Calipers"},{"floor":23,"key":"Anchor"},{"floor":26,"key":"Art of War"},{"floor":31,"key":"Regal Pillow"},{"floor":39,"key":"Boot"},{"floor":45,"key":"Tiny Chest"}],"event_choices":[{"event_name":"Match and Keep!","player_choice":"1 cards matched","floor":2,"damage_taken":0},{"event_name":"Golden Shrine","player_choice":"Pray","floor":4,"damage_taken":0},{"event_name":"Upgrade Shrine","player_choice":"Upgraded","floor":5,"damage_taken":0},{"event_name":"Transmorgrifier","player_choice":"Transform","floor":19,"damage_taken":0},{"event_name":"Back to Basics","player_choice":"Elegance","floor":22,"damage_taken":0},{"event_name":"Winding Halls","player_choice":"Embrace Madness","floor":36,"damage_taken":0},{"event_name":"FaceTrader","player_choice":"Took N\u0027loth\u0027s Mask","floor":37,"damage_taken":0},{"event_name":"SensoryStone","player_choice":"Memory 1","floor":47,"damage_taken":0}],"boss_relics":[{"not_picked":["Tiny House","Busted Crown"],"picked":"Calling Bell"},{"not_picked":["Orrery","Inserter"],"picked":"Cursed Key"}],"items_purged_floors":[21,29,44],"is_endless":false,"potions_floor_spawned":[3,11,13,16,18,23,27,31,38,45],"seed_played":"3095429022067719459","killed_by":"Time Eater","ascension_level":1,"potions_obtained":[{"floor":3,"key":"Energy Potion"},{"floor":11,"key":"Fire Potion"},{"floor":13,"key":"SkillPotion"},{"floor":16,"key":"Explosive Potion"},{"floor":18,"key":"Energy Potion"},{"floor":23,"key":"Swift Potion"},{"floor":27,"key":"SkillPotion"},{"floor":31,"key":"PowerPotion"},{"floor":45,"key":"SneckoOil"}],"is_trial":false}