{"path_per_floor":["M","?","M","$","?","E","R","M","T","M","?","E","R","$","R","B",null,"M","M","M","?","?","R","M","R","T","?","M","T","M","M","R","B",null,"M","$","M","M","M","R","M","M","T","?","$","M","R","M","R","B"],"character_chosen":"IRONCLAD","items_purchased":["Clash"],"gold_per_floor":[118,118,136,61,61,88,88,101,101,119,119,153,153,53,53,184,184,197,212,233,148,148,148,161,161,161,161,171,171,191,203,203,301,301,314,140,151,167,185,185,203,218,288,288,138,157,157,168,168,168],"floor_reached":51,"campfire_rested":1,"playtime":1413,"current_hp_per_floor":[80,80,80,80,73,79,79,80,80,72,72,64,64,64,74,14,74,74,59,74,74,74,74,74,74,74,74,74,74,74,74,74,14,74,74,74,74,74,74,74,74,74,74,74,74,74,74,74,74,61],"items_purged":["Strike_R","Defend_R","Strike_R","Shrug It Off"],"gold":168,"score":713,"play_id":"790de8fd-c2fe-46a6-a290-ae89e8d82023","local_time":"20180330170446","is_prod":false,"is_daily":false,"is_ascension_mode":false,"campfire_upgraded":4,"timestamp":1522443886,"path_taken":["M","?","M","$","?","E","R","M","T","M","?","E","R","$","R","BOSS","M","M","M","?","?","R","M","R","T","?","M","?","M","M","R","BOSS","M","$","M","M","M","R","M","M","T","?","$","M","R","M","R","BOSS"],"build_version":"2018-03-29v2","purchased_purges":4,"victory":true,"master_deck":["Offering+1","Flex+1","Flex+1","Clash","Pummel+1"],"max_hp_per_floor":[80,80,80,80,80,80,80,80,80,80,74,74,74,74,74,74,74,74,74,74,74,74,74,74,74,74,74,74,74,74,74,74,74,74,74,74,74,74,74,74,74,74,74,74,74,74,74,74,74,74],"relics":["Black Blood","NeowsBlessing","Torii","Ornamental Fan","Bloody Idol","Gambling Chip","Astrolabe","Oddly Smooth Stone","Peace Pipe","Unceasing Top","Mummified Hand"],"card_choices":[{"not_picked":["Armaments","Cleave"],"picked":"Offering","floor":1},{"not_picked":["Exhume","Double Tap"],"picked":"Reaper","floor":16},{"not_picked":["True Grit","Sever Soul"],"picked":"Flex","floor":20},{"not_picked":["Fiend Fire","Bludgeon"],"picked":"Offering","floor":33},{"not_picked":["Metallicize","Cleave"],"picked":"Pummel","floor":41}],"player_experience":286663,"potions_floor_usage":[24,33,33,33,50,50],"damage_taken":[{"damage":0,"enemies":"Jaw Worm","floor":1,"turns":1},{"damage":0,"enemies":"2 Louse","floor":3,"turns":1},{"damage":0,"enemies":"3 Sentries","floor":6,"turns":1},{"damage":4,"enemies":"Small Slimes","floor":8,"turns":2},{"damage":14,"enemies":"Looter","floor":10,"turns":2},{"damage":14,"enemies":"Gremlin Nob","floor":12,"turns":4},{"damage":66,"enemies":"Slime Boss","floor":16,"turns":15},{"damage":15,"enemies":"2 Thieves","floor":18,"turns":4},{"damage":25,"enemies":"Chosen","floor":19,"turns":3},{"damage":4,"enemies":"Centurion and Healer","floor":20,"turns":5},{"damage":4,"enemies":"Snecko","floor":24,"turns":2},{"damage":4,"enemies":"3 Cultists","floor":28,"turns":3},{"damage":4,"enemies":"Centurion and Healer","floor":30,"turns":3},{"damage":4,"enemies":"Snake Plant","floor":31,"turns":1},{"damage":75,"enemies":"Champ","floor":33,"turns":9},{"damage":8,"enemies":"3 Shapes","floor":35,"turns":1},{"damage":8,"enemies":"Orb Walker","floor":37,"turns":1},{"damage":8,"enemies":"Maw","floor":38,"turns":2},{"damage":8,"enemies":"3 Darklings","floor":39,"turns":1},{"damage":8,"enemies":"Sphere and 2 Shapes","floor":41,"turns":1},{"damage":8,"enemies":"Maw","floor":42,"turns":1},{"damage":8,"enemies":"3 Darklings","floor":46,"turns":1},{"damage":13,"enemies":"4 Shapes","floor":48,"turns":1},{"damage":23,"enemies":"Time Eater","floor":50,"turns":3}],"event_choices":[{"event_name":"Liars Game","player_choice":"disagreed","floor":2,"damage_taken":0},{"event_name":"Golden Wing","player_choice":"Card Removal","floor":5,"damage_taken":0},{"event_name":"Golden Idol","player_choice":"Lose Max HP","floor":11,"damage_taken":0},{"event_name":"Addict","player_choice":"Obtained Relic","floor":21,"damage_taken":0},{"event_name":"Forgotten Altar","player_choice":"Gave Idol","floor":22,"damage_taken":0},{"event_name":"Back to Basics","player_choice":"Elegance","floor":27,"damage_taken":0}],"boss_relics":[{"not_picked":["Cursed Key","Runic Cube"],"picked":"Astrolabe"},{"not_picked":["Calling Bell","Tiny House"],"picked":"Black Blood"}],"potions_floor_spawned":[3,8,10,12,28,31,33,38,39,41,48],"seed_played":"-7232535770200182446","ascension_level":0,"is_trial":false}