{"gold_per_floor":[115,115,128,93,93,93,110,110,182,194,194,194,205,221,221,293,293,305,30,30,30,49,49,113,113,181,192,192,24,43,43,43,115,115,127,175,88,188,202,202,220,254,301,301],"floor_reached":44,"playtime":2850,"items_purged":[],"score":847,"play_id":"cd3be698-380d-43d8-b13f-7aa1a65ceeed","local_time":"20190408174943","is_ascension_mode":true,"campfire_choices":[{"data":"Bash","floor":6,"key":"SMITH"},{"data":"Offering","floor":8,"key":"SMITH"},{"data":"Metallicize","floor":11,"key":"SMITH"},{"floor":15,"key":"REST"},{"data":"Demon Form","floor":23,"key":"SMITH"},{"floor":25,"key":"REST"},{"floor":32,"key":"REST"},{"floor":40,"key":"REST"}],"neow_cost":"NONE","seed_source_timestamp":31851365422736,"circlet_count":0,"master_deck":["AscendersBane","Strike_R","Strike_R","Strike_R","Strike_R","Strike_R","Defend_R","Defend_R+1","Defend_R","Defend_R","Bash+1","Offering+1","Flame Barrier+1","Thunderclap","Cleave","Metallicize+1","Thunderclap","Anger","Demon Form+1","Heavy Blade","Fiend Fire","Thunderclap","Feed","Immolate","Sword Boomerang","Battle Trance","Feel No Pain","Warcry","Cleave","Exhume"],"relics":["Burning Blood","Dodecahedron","Mark of Pain","Mercury Hourglass","Red Skull","Tiny Chest","Pantograph","War Paint","Vajra","Bottled Lightning","Fusion Hammer","Incense Burner","Ginger","Ice Cream"],"potions_floor_usage":[18,33,33,33,35],"damage_taken":[{"damage":15,"enemies":"Small Slimes","floor":1,"turns":3},{"damage":6,"enemies":"Jaw Worm","floor":3,"turns":3},{"damage":6,"enemies":"Cultist","floor":7,"turns":2},{"damage":6,"enemies":"Exordium Wildlife","floor":10,"turns":2},{"damage":14,"enemies":"Blue Slaver","floor":13,"turns":3},{"damage":10,"enemies":"2 Fungi Beasts","floor":14,"turns":3},{"damage":73,"enemies":"The Guardian","floor":16,"turns":11},{"damage":4,"enemies":"Chosen","floor":18,"turns":4},{"damage":30,"enemies":"Shell Parasite","floor":22,"turns":5},{"damage":34,"enemies":"Gremlin Leader","floor":24,"turns":4},{"damage":13,"enemies":"Chosen and Byrds","floor":27,"turns":4},{"damage":6,"enemies":"3 Cultists","floor":30,"turns":2},{"damage":62,"enemies":"Collector","floor":33,"turns":7},{"damage":6,"enemies":"Orb Walker","floor":35,"turns":3},{"damage":49,"enemies":"2 Orb Walkers","floor":36,"turns":3},{"damage":6,"enemies":"Mind Bloom Boss Battle","floor":38,"turns":6},{"damage":16,"enemies":"3 Shapes","floor":39,"turns":6},{"damage":11,"enemies":"3 Darklings","floor":41,"turns":2},{"damage":66,"enemies":"Nemesis","floor":42,"turns":5},{"damage":15,"enemies":"Sphere and 2 Shapes","floor":44,"turns":3}],"seed_played":"-6742202993456402703","potions_obtained":[{"floor":3,"key":"PowerPotion"},{"floor":7,"key":"Swift Potion"},{"floor":24,"key":"SpeedPotion"},{"floor":27,"key":"EntropicBrew"},{"floor":38,"key":"FairyPotion"},{"floor":42,"key":"LiquidBronze"}],"is_trial":false,"path_per_floor":["M","?","M","?","$","R","M","R","T","M","R","?","M","M","R","B",null,"M","$","?","$","M","R","E","R","T","M","T","$","M","T","R","B",null,"M","?","$","?","M","R","M","E","T","M"],"character_chosen":"IRONCLAD","items_purchased":["Mercury Hourglass","Vajra","Feel No Pain"],"campfire_rested":4,"item_purchase_floors":[19,29,37],"current_hp_per_floor":[59,75,75,75,75,75,75,75,75,75,75,75,67,63,75,8,58,60,60,60,60,36,36,8,30,30,23,23,23,23,23,45,17,63,63,23,23,51,44,70,65,14,14,0],"gold":301,"neow_bonus":"ONE_RANDOM_RARE_CARD","is_prod":false,"is_daily":false,"chose_seed":false,"campfire_upgraded":4,"win_rate":0,"timestamp":1554738583,"path_taken":["M","?","M","?","$","R","M","R","T","M","R","?","M","M","R","BOSS","M","$","?","$","?","R","E","R","T","M","?","$","M","?","R","BOSS","M","?","$","?","M","R","M","E","T","M"],"build_version":"2019-01-23","purchased_purges":0,"victory":false,"max_hp_per_floor":[75,75,75,75,75,75,75,75,75,75,75,75,75,75,75,75,75,75,75,75,75,75,75,75,75,75,75,75,75,75,75,75,78,78,78,81,81,84,87,87,87,87,87,87],"card_choices":[{"not_picked":["Flex","Infernal Blade"],"picked":"Flame Barrier","floor":1},{"not_picked":["Dropkick","Searing Blow"],"picked":"Thunderclap","floor":3},{"not_picked":["Flame Barrier","Hemokinesis"],"picked":"Cleave","floor":7},{"not_picked":["Clothesline","Burning Pact"],"picked":"Metallicize","floor":10},{"not_picked":["Infernal Blade","True Grit"],"picked":"Thunderclap","floor":13},{"not_picked":["Iron Wave","Dual Wield"],"picked":"Anger","floor":14},{"not_picked":["Immolate","Fiend Fire"],"picked":"Demon Form","floor":16},{"not_picked":["Combust","Clothesline"],"picked":"Heavy Blade","floor":18},{"not_picked":["Clash","Combust","Power Through"],"picked":"SKIP","floor":22},{"not_picked":["Rupture","Carnage"],"picked":"Fiend Fire","floor":24},{"not_picked":["Pommel Strike","Sword Boomerang"],"picked":"Thunderclap","floor":27},{"not_picked":["True Grit","Combust"],"picked":"Feed","floor":30},{"not_picked":["Exhume","Limit Break"],"picked":"Immolate","floor":33},{"not_picked":["Dual Wield","Disarm"],"picked":"Sword Boomerang","floor":35},{"not_picked":["Sentinel","Carnage"],"picked":"Battle Trance","floor":36},{"not_picked":["Combust","Iron Wave+1"],"picked":"Warcry","floor":38},{"not_picked":["Hemokinesis","Iron Wave","Body Slam"],"picked":"SKIP","floor":39},{"not_picked":["Combust","Sword Boomerang"],"picked":"Cleave","floor":41},{"not_picked":["Body Slam+1","Sever Soul"],"picked":"Exhume","floor":42}],"player_experience":574986,"relics_obtained":[{"floor":9,"key":"Dodecahedron"},{"floor":24,"key":"Tiny Chest"},{"floor":26,"key":"Pantograph"},{"floor":28,"key":"War Paint"},{"floor":31,"key":"Bottled Lightning"},{"floor":36,"key":"Incense Burner"},{"floor":38,"key":"Ginger"},{"floor":42,"key":"Ice Cream"}],"event_choices":[{"damage_healed":25,"gold_gain":0,"player_choice":"Banana","damage_taken":0,"max_hp_gain":0,"max_hp_loss":0,"event_name":"Big Fish","floor":2,"gold_loss":0},{"damage_healed":18,"gold_gain":0,"player_choice":"Healed","damage_taken":0,"max_hp_gain":0,"max_hp_loss":0,"event_name":"The Cleric","floor":4,"gold_loss":35},{"damage_healed":0,"gold_gain":0,"player_choice":"Ignored","damage_taken":0,"max_hp_gain":0,"max_hp_loss":0,"event_name":"Liars Game","floor":12,"gold_loss":0},{"damage_healed":0,"gold_gain":0,"player_choice":"Gave Potion","damage_taken":0,"relics_obtained":["Red Skull"],"max_hp_gain":0,"max_hp_loss":0,"event_name":"WeMeetAgain","floor":20,"gold_loss":0},{"damage_healed":0,"gold_gain":0,"player_choice":"Fight","damage_taken":0,"max_hp_gain":0,"max_hp_loss":0,"event_name":"Mysterious Sphere","floor":36,"gold_loss":0},{"damage_healed":0,"gold_gain":0,"player_choice":"Fight","damage_taken":0,"max_hp_gain":0,"max_hp_loss":0,"event_name":"MindBloom","floor":38,"gold_loss":0}],"is_beta":false,"boss_relics":[{"not_picked":["Astrolabe","Velvet Choker"],"picked":"Mark of Pain"},{"not_picked":["Black Star","Philosopher\u0027s Stone"],"picked":"Fusion Hammer"}],"items_purged_floors":[],"is_endless":false,"potions_floor_spawned":[3,7,24,27,38,42],"killed_by":"Sphere and 2 Shapes","ascension_level":18}