{"gold_per_floor":[215,230,230,240,240,240,254,52,75,95,95,170,187,187,187,187],"floor_reached":16,"playtime":343,"items_purged":[],"score":92,"play_id":"7e1366bb-a63b-4a33-b2b2-0f8708348ddd","local_time":"20180708130846","is_ascension_mode":false,"campfire_choices":[{"data":"Zap","floor":6,"key":"SMITH"},{"data":"Beam Cell","floor":11,"key":"SMITH"},{"data":"Rebound","floor":15,"key":"SMITH"}],"neow_cost":"NONE","seed_source_timestamp":4407367721312,"circlet_count":0,"master_deck":["Strike_B","Strike_B","Strike_B","Defend_B","Defend_B","Defend_B","Defend_B","Zap+1","Dualcast+1","Gash","Beam Cell+1","Rebound+1","Gash"],"relics":["Cracked Core","ClockworkSouvenir","DataDisk"],"potions_floor_usage":[13,16],"damage_taken":[{"damage":6,"enemies":"Jaw Worm","floor":1,"turns":3},{"damage":0,"enemies":"Small Slimes","floor":2,"turns":2},{"damage":0,"enemies":"Cultist","floor":4,"turns":2},{"damage":0,"enemies":"3 Louse","floor":7,"turns":3},{"damage":4,"enemies":"Gremlin Gang","floor":10,"turns":4},{"damage":3,"enemies":"Exordium Wildlife","floor":13,"turns":4},{"damage":51,"enemies":"The Guardian","floor":16,"turns":9}],"seed_played":"8109757732064226332","potions_obtained":[{"floor":2,"key":"Block Potion"},{"floor":4,"key":"Strength Potion"}],"is_trial":false,"path_per_floor":["M","M","?","M","?","R","M","$","T","M","R","?","M","?","R"],"character_chosen":"DEFECT","items_purchased":["ClockworkSouvenir"],"campfire_rested":0,"item_purchase_floors":[8],"current_hp_per_floor":[69,69,69,69,69,69,69,69,69,65,65,54,51,51,51,0],"gold":187,"neow_bonus":"HUNDRED_GOLD","is_prod":false,"is_daily":false,"chose_seed":false,"campfire_upgraded":3,"win_rate":0,"timestamp":1531069726,"path_taken":["M","M","?","M","?","R","M","$","T","?","R","?","M","?","R","BOSS"],"build_version":"2018-07-05","purchased_purges":0,"victory":false,"max_hp_per_floor":[75,75,75,75,75,75,75,75,75,75,75,75,75,75,75,75],"card_choices":[{"not_picked":["Genetic Algorithm","BootSequence"],"picked":"Gash","floor":1},{"not_picked":["Steam","Sweeping Beam"],"picked":"Beam Cell","floor":2},{"not_picked":["Sweeping Beam","Stack","Streamline"],"picked":"SKIP","floor":4},{"not_picked":["Reprogram","Double Energy","Barrage"],"picked":"SKIP","floor":7},{"not_picked":["Fusion","Consume"],"picked":"Rebound","floor":10},{"not_picked":["Coolheaded","Double Energy"],"picked":"Gash","floor":13}],"player_experience":729499,"relics_obtained":[{"floor":9,"key":"DataDisk"}],"event_choices":[{"event_name":"Liars Game","player_choice":"disagreed","floor":3,"damage_taken":0},{"event_name":"Bonfire Elementals","player_choice":"BASIC","floor":5,"damage_taken":0},{"event_name":"World of Goop","player_choice":"Gather Gold","floor":12,"damage_taken":0},{"event_name":"Living Wall","player_choice":"Grow","floor":14,"damage_taken":0}],"boss_relics":[],"items_purged_floors":[],"is_endless":false,"potions_floor_spawned":[2,4],"killed_by":"The Guardian","ascension_level":0}