{"gold_per_floor":[20,40,40,40,52,52,62,62,89,163,194,212,232,250,250,353,353,372,389,399,410,427,427,125,125,125,125,135,135,234,234,234,335,335,352,352,72,85,25,25,25,25,25,38,38],"floor_reached":45,"playtime":1717,"items_purged":["Strike_R","Strike_R"],"score":467,"play_id":"4dd4dc4d-1c21-421f-9beb-60aed45bdf70","local_time":"20190914131951","is_ascension_mode":false,"campfire_choices":[{"data":"Infernal Blade","floor":6,"key":"SMITH"},{"data":"Feed","floor":8,"key":"SMITH"},{"data":"Sword Boomerang","floor":15,"key":"SMITH"},{"floor":23,"key":"REST"},{"floor":25,"key":"REST"},{"data":"Magnetism","floor":27,"key":"SMITH"},{"data":"Double Tap","floor":32,"key":"SMITH"},{"floor":40,"key":"REST"},{"data":"Transmutation","floor":42,"key":"SMITH"}],"neow_cost":"NO_GOLD","seed_source_timestamp":2450623680257700,"circlet_count":0,"master_deck":["Strike_R","Strike_R","Defend_R","Defend_R","Defend_R","Defend_R","Feed+1","Infernal Blade+1","Spot Weakness","Sword Boomerang+1","Double Tap+1","Flex","Inflame","Flex","Magnetism+1","Offering","Transmutation+1"],"relics":["Burning Blood"],"potions_floor_usage":[11,16,21,22,33,33,35,44],"damage_taken":[{"damage":3,"enemies":"Jaw Worm","floor":1,"turns":4},{"damage":3,"enemies":"Cultist","floor":2,"turns":5},{"damage":0,"enemies":"Small Slimes","floor":5,"turns":2},{"damage":4,"enemies":"2 Fungi Beasts","floor":7,"turns":3},{"damage":28,"enemies":"Gremlin Nob","floor":11,"turns":4},{"damage":9,"enemies":"Blue Slaver","floor":12,"turns":4},{"damage":10,"enemies":"Exordium Thugs","floor":13,"turns":3},{"damage":7,"enemies":"2 Fungi Beasts","floor":14,"turns":4},{"damage":39,"enemies":"The Guardian","floor":16,"turns":8},{"damage":5,"enemies":"Chosen","floor":18,"turns":3},{"damage":27,"enemies":"Spheric Guardian","floor":19,"turns":5},{"damage":30,"enemies":"Centurion and Healer","floor":20,"turns":5},{"damage":47,"enemies":"Shelled Parasite and Fungi","floor":21,"turns":6},{"damage":0,"enemies":"Snecko","floor":22,"turns":3},{"damage":12,"enemies":"Centurion and Healer","floor":28,"turns":3},{"damage":88,"enemies":"Champ","floor":33,"turns":8},{"damage":24,"enemies":"Orb Walker","floor":35,"turns":3},{"damage":61,"enemies":"3 Darklings","floor":38,"turns":4},{"damage":68,"enemies":"Maw","floor":44,"turns":7},{"damage":17,"enemies":"4 Shapes","floor":45,"turns":2}],"seed_played":"-359388072819613299","potions_obtained":[{"floor":1,"key":"Swift Potion"},{"floor":11,"key":"Poison Potion"},{"floor":14,"key":"Ancient Potion"},{"floor":16,"key":"Ancient Potion"},{"floor":22,"key":"SneckoOil"},{"floor":28,"key":"Ancient Potion"},{"floor":33,"key":"FearPotion"},{"floor":38,"key":"Swift Potion"},{"floor":44,"key":"Weak Potion"}],"is_trial":false,"path_per_floor":["M","M","?","$","M","R","M","R","T","T","E","M","M","M","R","B",null,"M","M","M","M","M","R","$","R","T","R","M","?","?","?","R","B",null,"M","?","$","M","?","R","$","R","T","M","M"],"character_chosen":"IRONCLAD","items_purchased":["Flex","Magnetism","Transmutation"],"campfire_rested":3,"item_purchase_floors":[24,24,37],"current_hp_per_floor":[83,86,86,86,89,89,92,92,92,92,74,75,75,74,74,41,104,104,83,59,18,28,60,60,92,92,92,90,90,90,90,90,8,112,98,98,98,43,43,77,77,77,77,15,0],"gold":38,"neow_bonus":"THREE_RARE_CARDS","is_prod":false,"is_daily":false,"chose_seed":false,"campfire_upgraded":6,"win_rate":0,"timestamp":1568481591,"path_taken":["M","M","?","$","M","R","M","R","T","?","E","M","M","M","R","BOSS","M","M","M","M","?","R","$","R","T","R","M","?","?","?","R","BOSS","M","?","$","M","?","R","$","R","T","M","M"],"build_version":"2019-07-17","purchased_purges":2,"victory":false,"max_hp_per_floor":[83,86,86,86,89,89,92,92,92,92,96,100,104,104,104,104,104,104,104,104,104,108,108,108,108,108,108,112,112,112,112,112,112,112,116,116,116,116,116,116,116,116,116,116,116],"card_choices":[{"not_picked":["Dark Embrace","Brutality"],"picked":"Feed","floor":0},{"not_picked":["Evolve","Clothesline","Disarm"],"picked":"SKIP","floor":1},{"not_picked":["Clash","Clothesline"],"picked":"Infernal Blade","floor":2},{"not_picked":["Twin Strike","Evolve","Second Wind"],"picked":"SKIP","floor":5},{"not_picked":["Combust","Iron Wave","Power Through"],"picked":"SKIP","floor":7},{"not_picked":["Twin Strike","Evolve","Berserk"],"picked":"SKIP","floor":11},{"not_picked":["Hemokinesis","Rage"],"picked":"Spot Weakness","floor":12},{"not_picked":["Fire Breathing","Warcry"],"picked":"Sword Boomerang","floor":13},{"not_picked":["Clothesline","Evolve","Body Slam"],"picked":"SKIP","floor":14},{"not_picked":["Immolate","Reaper"],"picked":"Double Tap","floor":16},{"not_picked":["Perfected Strike+1","Rampage","Twin Strike"],"picked":"SKIP","floor":18},{"not_picked":["Infernal Blade","Armaments"],"picked":"Flex","floor":19},{"not_picked":["Thunderclap","Havoc","Twin Strike"],"picked":"SKIP","floor":20},{"not_picked":["Thunderclap","Warcry+1"],"picked":"Inflame","floor":21},{"not_picked":["Headbutt+1","Iron Wave+1","Warcry"],"picked":"SKIP","floor":22},{"not_picked":["Headbutt","Rampage","Perfected Strike+1"],"picked":"SKIP","floor":28},{"not_picked":["Juggernaut","Immolate"],"picked":"Offering","floor":33},{"not_picked":["Reckless Charge","Sword Boomerang","Rampage+1"],"picked":"SKIP","floor":35},{"not_picked":["Cleave+1","Body Slam","Searing Blow+1"],"picked":"SKIP","floor":38},{"not_picked":["Rupture","Pommel Strike+1","Second Wind"],"picked":"SKIP","floor":44}],"player_experience":444909,"relics_obtained":[],"event_choices":[{"damage_healed":0,"gold_gain":0,"player_choice":"Ignored","damage_taken":0,"max_hp_gain":0,"max_hp_loss":0,"event_name":"Liars Game","floor":3,"gold_loss":0},{"damage_healed":0,"gold_gain":0,"player_choice":"Ignored","damage_taken":0,"max_hp_gain":0,"max_hp_loss":0,"event_name":"Cursed Tome","floor":29,"gold_loss":0},{"damage_healed":0,"gold_gain":99,"player_choice":"Stole From Cult","damage_taken":0,"max_hp_gain":0,"max_hp_loss":0,"event_name":"Nest","floor":30,"gold_loss":0},{"damage_healed":0,"gold_gain":0,"player_choice":"Ignored","damage_taken":0,"max_hp_gain":0,"max_hp_loss":0,"event_name":"The Mausoleum","floor":31,"gold_loss":0},{"cards_removed":["Bash"],"damage_healed":0,"gold_gain":0,"player_choice":"Removed Attack","damage_taken":0,"max_hp_gain":0,"max_hp_loss":0,"event_name":"Falling","floor":36,"gold_loss":0},{"cards_removed":["Strike_R"],"damage_healed":0,"gold_gain":0,"player_choice":"Single Remove","damage_taken":0,"max_hp_gain":0,"max_hp_loss":0,"event_name":"Designer","floor":39,"gold_loss":60}],"is_beta":false,"boss_relics":[{"not_picked":["Runic Cube","Busted Crown","Black Star"]},{"not_picked":["Astrolabe","Calling Bell","Mark of Pain"]}],"items_purged_floors":[24,37],"is_endless":false,"potions_floor_spawned":[1,11,14,16,22,28,33,38,44],"killed_by":"4 Shapes","ascension_level":0}