{"gold_per_floor":[313,313,313,326,281,281,312,331,383,414,426,440,475,491,491,590,590,600,616,616,635,655,655,682,682,732,747,766,766,781,791,791,791],"floor_reached":33,"playtime":4224,"items_purged":[],"score":293,"play_id":"e198a333-0840-4b29-8aba-5705da4ac31a","local_time":"20190627203744","is_ascension_mode":false,"campfire_choices":[{"data":"Anger","floor":6,"key":"SMITH"},{"floor":15,"key":"REST"},{"floor":23,"key":"REST"},{"floor":25,"key":"REST"},{"floor":29,"key":"REST"},{"floor":32,"key":"REST"}],"neow_cost":"NO_GOLD","seed_source_timestamp":1292141288642016,"circlet_count":0,"master_deck":["Strike_R","Strike_R","Strike_R","Strike_R","Strike_R","Defend_R","Defend_R","Defend_R","Bash","Armaments+1","Anger+1","Headbutt+1","Cleave","Bludgeon","Flex+1","Armaments+1","Fiend Fire","Whirlwind+1","Juggernaut","Shrug It Off+1","Entrench+1","Flex+1","Searing Blow","Feel No Pain+1","Barricade","Rage+1","Thunderclap+1","Second Wind+1","Warcry+1"],"relics":["Burning Blood","Old Coin","Bag of Marbles","Boot","Toxic Egg 2","Vajra","Sozu","Bottled Tornado","Whetstone"],"potions_floor_usage":[8,13,16,22,24],"damage_taken":[{"damage":10,"enemies":"Small Slimes","floor":1,"turns":6},{"damage":1,"enemies":"Cultist","floor":4,"turns":4},{"damage":52,"enemies":"3 Sentries","floor":7,"turns":10},{"damage":0,"enemies":"Jaw Worm","floor":8,"turns":2},{"damage":15,"enemies":"Gremlin Nob","floor":10,"turns":4},{"damage":8,"enemies":"Red Slaver","floor":11,"turns":3},{"damage":0,"enemies":"Large Slime","floor":12,"turns":4},{"damage":22,"enemies":"3 Sentries","floor":13,"turns":5},{"damage":0,"enemies":"Exordium Wildlife","floor":14,"turns":1},{"damage":34,"enemies":"Slime Boss","floor":16,"turns":6},{"damage":14,"enemies":"Shell Parasite","floor":18,"turns":5},{"damage":30,"enemies":"Spheric Guardian","floor":19,"turns":4},{"damage":8,"enemies":"Centurion and Healer","floor":21,"turns":5},{"damage":20,"enemies":"Sentry and Sphere","floor":22,"turns":5},{"damage":39,"enemies":"Book of Stabbing","floor":24,"turns":5},{"damage":10,"enemies":"Snecko","floor":27,"turns":5},{"damage":23,"enemies":"Snake Plant","floor":28,"turns":6},{"damage":1,"enemies":"3 Cultists","floor":30,"turns":3},{"damage":20,"enemies":"Centurion and Healer","floor":31,"turns":4},{"damage":71,"enemies":"Automaton","floor":33,"turns":8}],"seed_played":"2085443150880176953","potions_obtained":[{"floor":7,"key":"Ancient Potion"},{"floor":8,"key":"FearPotion"},{"floor":10,"key":"PowerPotion"},{"floor":12,"key":"Explosive Potion"},{"floor":13,"key":"SkillPotion"}],"is_trial":false,"path_per_floor":["M","?","?","M","?","R","E","M","T","E","M","M","E","M","R","B",null,"M","M","?","M","M","R","E","R","T","M","M","R","M","M","R","B"],"character_chosen":"IRONCLAD","items_purchased":[],"campfire_rested":5,"item_purchase_floors":[],"current_hp_per_floor":[76,76,76,80,80,80,34,40,40,31,29,35,19,25,49,21,80,72,48,48,46,32,56,23,47,47,43,26,50,55,41,65,0],"gold":791,"neow_bonus":"ONE_RARE_RELIC","is_prod":false,"is_daily":false,"chose_seed":false,"campfire_upgraded":1,"win_rate":0.0,"timestamp":1561682264,"path_taken":["M","?","?","?","?","R","E","M","T","E","M","M","E","M","R","BOSS","M","M","?","M","M","R","E","R","T","M","?","R","M","M","R","BOSS"],"build_version":"2019-01-23","purchased_purges":0,"victory":false,"max_hp_per_floor":[80,80,80,80,80,80,80,80,80,80,80,80,80,80,80,80,80,80,80,80,80,80,80,80,80,80,80,80,80,80,80,80,80],"card_choices":[{"not_picked":["Flex","Searing Blow"],"picked":"Armaments","floor":1},{"not_picked":["Iron Wave","Rampage"],"picked":"Anger","floor":4},{"not_picked":["Disarm","Shockwave"],"picked":"Headbutt","floor":7},{"not_picked":["Twin Strike","Sword Boomerang"],"picked":"Cleave","floor":8},{"not_picked":["Clothesline","Heavy Blade"],"picked":"Bludgeon","floor":10},{"not_picked":["Twin Strike","Cleave"],"picked":"Flex+1","floor":11},{"not_picked":["Perfected Strike","Clash"],"picked":"Armaments+1","floor":12},{"not_picked":["Headbutt","Blood for Blood"],"picked":"Fiend Fire","floor":13},{"not_picked":["Intimidate+1","Twin Strike"],"picked":"Whirlwind","floor":14},{"not_picked":["Feed","Bludgeon"],"picked":"Juggernaut","floor":16},{"not_picked":["Twin Strike+1","Headbutt"],"picked":"Shrug It Off+1","floor":18},{"not_picked":["Feel No Pain","Headbutt"],"picked":"Entrench+1","floor":19},{"not_picked":["Combust","Whirlwind"],"picked":"Searing Blow","floor":21},{"not_picked":["Rupture","Whirlwind"],"picked":"Feel No Pain+1","floor":22},{"not_picked":["Power Through+1","Warcry+1"],"picked":"Barricade","floor":24},{"not_picked":["Entrench+1","Cleave"],"picked":"Rage+1","floor":27},{"not_picked":["Dual Wield+1","Cleave"],"picked":"Thunderclap+1","floor":28},{"not_picked":["Armaments+1","Pommel Strike"],"picked":"Second Wind+1","floor":30},{"not_picked":["Headbutt","Entrench+1"],"picked":"Warcry+1","floor":31}],"player_experience":6591,"relics_obtained":[{"floor":7,"key":"Bag of Marbles"},{"floor":9,"key":"Boot"},{"floor":10,"key":"Toxic Egg 2"},{"floor":13,"key":"Vajra"},{"floor":24,"key":"Bottled Tornado"},{"floor":26,"key":"Whetstone"}],"event_choices":[{"damage_healed":0,"gold_gain":0,"player_choice":"Grow","damage_taken":0,"max_hp_gain":0,"max_hp_loss":0,"event_name":"Living Wall","floor":2,"gold_loss":0,"cards_upgraded":["Armaments"]},{"cards_removed":["Defend_R"],"damage_healed":0,"gold_gain":0,"player_choice":"Offered Basic","damage_taken":0,"max_hp_gain":0,"max_hp_loss":0,"event_name":"Bonfire Elementals","floor":3,"gold_loss":0},{"damage_healed":0,"gold_gain":0,"player_choice":"Left Gold","damage_taken":0,"max_hp_gain":0,"max_hp_loss":0,"event_name":"World of Goop","floor":5,"gold_loss":45},{"damage_healed":0,"gold_gain":0,"player_choice":"Copied","damage_taken":0,"max_hp_gain":0,"max_hp_loss":0,"event_name":"Duplicator","floor":20,"gold_loss":0,"cards_obtained":["Flex"]}],"is_beta":false,"boss_relics":[{"not_picked":["Black Blood","White Beast Statue"],"picked":"Sozu"}],"items_purged_floors":[],"is_endless":false,"potions_floor_spawned":[7,8,10,12,13,18,21,24,30,31],"killed_by":"Automaton","ascension_level":0}