{"gold_per_floor":[116,116,131,147,159,159,171,189,236,236,262,262,262,305,305,426,476,507,422,422,422,456,456,456,456,482,515,548,579,191,234,234,353,353,411,245,302,353,353,353,419,419,419,419,493,547,547,617,617,635],"floor_reached":50,"playtime":1564,"items_purged":["conspire:Purge"],"score":666,"play_id":"e4744514-63f4-4e0f-8690-18bca6e3fd2f","local_time":"20190317221031","is_ascension_mode":false,"campfire_choices":[{"data":"BarbarianYell","floor":6,"key":"SMITH"},{"data":"Replay:Undeath\u0027s Touch","floor":10,"key":"SMITH"},{"data":"Clash","floor":13,"key":"SMITH"},{"floor":15,"key":"REST"},{"data":"J.A.X.","floor":23,"key":"SMITH"},{"data":"Hemogenesis","floor":25,"key":"SMITH"},{"data":"ReplayTheSpireMod:Limb From Limb","floor":32,"key":"SMITH"},{"data":"ReplayTheSpireMod:Necrogeddon","floor":40,"key":"SMITH"},{"data":"Massacre","floor":42,"key":"SMITH"},{"floor":47,"key":"REST"},{"data":"Replay:Many Hands","floor":49,"key":"SMITH"}],"neow_cost":"NONE","seed_source_timestamp":2269183463710416,"circlet_count":0,"master_deck":["Bash+1","BarbarianYell+1","Replay:Undeath\u0027s Touch+1","Reaper+1","Hemogenesis+1","J.A.X.+1","ReplayTheSpireMod:Limb From Limb+1","ReplayTheSpireMod:Muscle Training+1","Replay:Many Hands+1","Massacre+1","ReplayTheSpireMod:Necrogeddon+1"],"relics":["Burning Blood","Bandana","hubris:Icosahedron","Snack Pack","Tiny House","Mercury Hourglass","strawberrySpire:MawJerky","hubris:IronBody","strawberrySpire:Treaders","infinitespire:EvilPickle","aspiration:RitualDagger","Centennial Puzzle","Prayer Wheel","StoneCalendar"],"potions_floor_usage":[16,41,46],"damage_taken":[{"damage":14,"enemies":"2 Louse","floor":1,"turns":4},{"damage":29,"enemies":"infinitespire:Voidling","floor":3,"turns":4},{"damage":6,"enemies":"Jaw Worm","floor":4,"turns":2},{"damage":10,"enemies":"Red Slaver","floor":5,"turns":4},{"damage":12,"enemies":"3 Louse","floor":7,"turns":4},{"damage":6,"enemies":"Large Slime","floor":8,"turns":5},{"damage":14,"enemies":"Red Slaver","floor":11,"turns":3},{"damage":18,"enemies":"Gremlin Nob","floor":14,"turns":3},{"damage":56,"enemies":"The Guardian","floor":16,"turns":8},{"damage":24,"enemies":"3 Byrds","floor":18,"turns":4},{"damage":18,"enemies":"Spheric Guardian","floor":22,"turns":3},{"damage":34,"enemies":"Centurion and Healer","floor":27,"turns":5},{"damage":14,"enemies":"Snecko","floor":28,"turns":3},{"damage":31,"enemies":"conspire:HollyBat","floor":29,"turns":5},{"damage":24,"enemies":"Book of Stabbing","floor":31,"turns":4},{"damage":46,"enemies":"Pondfish","floor":33,"turns":10},{"damage":20,"enemies":"Orb Walker","floor":35,"turns":3},{"damage":42,"enemies":"3 Shapes","floor":37,"turns":4},{"damage":31,"enemies":"Sphere and 2 Shapes","floor":38,"turns":4},{"damage":56,"enemies":"2 Orb Walkers","floor":41,"turns":4},{"damage":21,"enemies":"3 Darklings","floor":45,"turns":3},{"damage":18,"enemies":"4 Shapes","floor":46,"turns":2},{"damage":26,"enemies":"Transient","floor":48,"turns":5},{"damage":259,"enemies":"hubris:GrandSnecko","floor":50,"turns":13}],"seed_played":"3575400475670991758","potions_obtained":[{"floor":7,"key":"Dexterity Potion"},{"floor":8,"key":"Reflective Coating"},{"floor":11,"key":"SkillPotion"},{"floor":17,"key":"Weak Potion"},{"floor":44,"key":"Fruit Juice"},{"floor":44,"key":"SteroidPotion"},{"floor":44,"key":"SteroidPotion"},{"floor":46,"key":"Block Potion"}],"is_trial":false,"path_per_floor":["M","?","M","M","M","R","M","M","T","R","M","?","R","E","R","B",null,"M","?","?","?","M","R","?","R","T","M","M","M","$","E","R","B",null,"M","$","M","M","T","R","?","R","T","?","M","M","R","M","R","B"],"character_chosen":"IRONCLAD","items_purchased":["hubris:IronBody","ReplayTheSpireMod:Muscle Training+1","ReplayTheSpireMod:Necrogeddon"],"campfire_rested":2,"item_purchase_floors":[30,30,36],"current_hp_per_floor":[72,72,49,49,45,45,39,39,39,39,35,35,35,29,53,13,85,83,83,83,75,72,72,72,72,72,77,85,70,70,88,88,88,89,89,89,69,61,61,61,32,32,32,32,30,34,62,83,83,0],"gold":635,"neow_bonus":"ONE_RANDOM_RARE_CARD","is_prod":false,"is_daily":false,"chose_seed":false,"campfire_upgraded":9,"win_rate":0,"timestamp":1552875031,"path_taken":["M","?","M","M","?","R","M","M","T","R","M","?","R","E","R","BOSS","M","?","?","?","?","R","?","R","T","M","?","M","?","E","R","BOSS","M","$","M","M","?","R","?","R","T","?","M","M","R","M","R","BOSS"],"build_version":"2019-01-23","purchased_purges":1,"victory":false,"max_hp_per_floor":[80,80,80,80,80,80,80,80,80,80,80,80,80,80,80,80,85,85,85,85,85,85,85,85,85,85,85,85,85,85,89,89,89,89,89,89,89,89,89,89,89,89,89,89,89,94,94,94,94,94],"card_choices":[{"not_picked":["Shrug It Off","Perfected Strike","Warcry"],"picked":"SKIP","floor":1},{"not_picked":["strawberrySpire:DraftPunk","strawberrySpire:ZonePlayer"],"picked":"Clash","floor":3},{"not_picked":["Flex","strawberrySpire:Endurance","Abandon"],"picked":"SKIP","floor":4},{"not_picked":["Combust","Sword Boomerang"],"picked":"BarbarianYell","floor":5},{"not_picked":["True Grit","Dual Wield"],"picked":"Replay:Undeath\u0027s Touch","floor":7},{"not_picked":["strawberrySpire:ZonePlayer","Twin Strike"],"picked":"Reaper","floor":8},{"not_picked":["Whirlwind","Absolvement","Flex"],"picked":"SKIP","floor":11},{"not_picked":["conspire:Charge","Cleave","Body Slam"],"picked":"SKIP","floor":14},{"not_picked":["hubris:StunningStrike","Double Tap"],"picked":"Hemogenesis","floor":16},{"not_picked":["Reckless Charge","Heavy Blade","strawberrySpire:ZonePlayer"],"picked":"SKIP","floor":18},{"not_picked":["strawberrySpire:Incursion","conspire:Charge+1","Flame Barrier"],"picked":"SKIP","floor":22},{"not_picked":["Havoc+1","Shrug It Off","Run Through"],"picked":"SKIP","floor":27},{"not_picked":["Twin Strike","Blood for Blood+1"],"picked":"ReplayTheSpireMod:Limb From Limb","floor":28},{"not_picked":["Battle Trance","strawberrySpire:Taunt+1","Entrench"],"picked":"SKIP","floor":29},{"not_picked":["Shrug It Off+1","conspire:Charge","strawberrySpire:PowerStomp+1"],"picked":"SKIP","floor":31},{"not_picked":["Dark Embrace","Bludgeon"],"picked":"Replay:Many Hands","floor":33},{"not_picked":["Rage+1","Dual Wield"],"picked":"Massacre","floor":35},{"not_picked":["strawberrySpire:Endurance","Iron Wave+1","Shockwave"],"picked":"SKIP","floor":37},{"not_picked":["strawberrySpire:Aggression","Clothesline","conspire:HitWhereItHurts"],"picked":"SKIP","floor":38},{"not_picked":["strawberrySpire:Aggression","Clothesline","conspire:HitWhereItHurts"],"picked":"SKIP","floor":38},{"not_picked":["Armaments+1","ReplayTheSpireMod:Strike From Hell","Sentinel"],"picked":"SKIP","floor":45},{"not_picked":["strawberrySpire:ZonePlayer+1","Warcry+1","strawberrySpire:FireDrill+1"],"picked":"SKIP","floor":45},{"not_picked":["Run Through+1","True Grit+1","ReplayTheSpireMod:Limb From Limb"],"picked":"SKIP","floor":46},{"not_picked":["strawberrySpire:FireDrill","Disarm","Pommel Strike"],"picked":"SKIP","floor":46},{"not_picked":["hubris:ReadiedAction","ReplayReversal+1","Headbutt"],"picked":"SKIP","floor":48},{"not_picked":["Perfected Strike+1","strawberrySpire:DraftPunk+1","hubris:ReadiedAction"],"picked":"SKIP","floor":48}],"player_experience":731960,"relics_obtained":[{"floor":9,"key":"Bandana"},{"floor":14,"key":"Snack Pack"},{"floor":26,"key":"strawberrySpire:MawJerky"},{"floor":31,"key":"strawberrySpire:Treaders"},{"floor":39,"key":"Centennial Puzzle"},{"floor":41,"key":"Prayer Wheel"},{"floor":43,"key":"StoneCalendar"}],"event_choices":[{"damage_healed":0,"gold_gain":0,"player_choice":"Forge","damage_taken":0,"max_hp_gain":0,"max_hp_loss":0,"event_name":"Accursed Blacksmith","floor":2,"gold_loss":0,"cards_upgraded":["Bash"]},{"damage_healed":0,"gold_gain":0,"player_choice":"Obtained Relic","damage_taken":0,"relics_obtained":["Mercury Hourglass"],"max_hp_gain":0,"max_hp_loss":0,"event_name":"Addict","floor":19,"gold_loss":85},{"damage_healed":0,"gold_gain":0,"player_choice":"Obtain J.A.X.","damage_taken":0,"max_hp_gain":0,"max_hp_loss":0,"event_name":"Drug Dealer","floor":20,"gold_loss":0,"cards_obtained":["J.A.X."]},{"damage_healed":0,"gold_gain":0,"player_choice":"","damage_taken":8,"max_hp_gain":0,"max_hp_loss":0,"event_name":"Knowing Skull","floor":21,"potions_obtained":[],"gold_loss":0,"cards_obtained":[]},{"damage_healed":0,"gold_gain":0,"player_choice":"Fight","damage_taken":0,"max_hp_gain":0,"max_hp_loss":0,"event_name":"Mysterious Sphere","floor":41,"gold_loss":0},{"damage_healed":0,"gold_gain":0,"player_choice":"Got Potions","damage_taken":0,"max_hp_gain":0,"max_hp_loss":0,"event_name":"Lab","floor":44,"gold_loss":0}],"is_beta":false,"boss_relics":[{"not_picked":["hubris:TerracottaHorce","strawberrySpire:RottenAvocado"],"picked":"Tiny House"},{"not_picked":["Coffee Dripper","Black Blood"],"picked":"aspiration:RitualDagger"}],"items_purged_floors":[30],"is_endless":false,"potions_floor_spawned":[7,8,11,22,27,28,37,45,46,48],"killed_by":"hubris:GrandSnecko","ascension_level":0}