{"path_per_floor":["M","?","M","$","M","R","M","R","T","?","E","M","E","M","R","B",null,"M","$","?","M","M","R","M","M","T","?","R","M","M","M","R","B",null,"M","$","M","M","$","E","M","?","T","R","?","M","M","?","R"],"character_chosen":"THE_SILENT","items_purchased":["Deadly Poison","Footwork","Crippling Poison+1","Catalyst+1","Snake Skull","Bane"],"gold_per_floor":[119,69,81,33,43,43,63,63,63,63,91,102,127,139,139,241,241,255,135,135,145,158,158,171,181,204,204,204,215,235,251,251,354,354,366,63,78,88,64,90,100,100,100,100,0,10,23,23,23,23],"floor_reached":50,"campfire_rested":2,"playtime":2221,"item_purchase_floors":[4,19,19,36,36,39],"current_hp_per_floor":[77,77,77,77,77,77,77,77,77,77,66,66,45,45,45,3,77,75,75,75,75,75,75,73,73,73,73,73,73,73,69,69,49,77,62,62,55,32,32,32,5,5,5,30,30,22,6,6,31,0],"items_purged":["Strike_G"],"gold":23,"score":540,"play_id":"6f069164-f4f3-486b-9bcf-151c36d1443f","local_time":"20180523215024","is_prod":false,"is_daily":false,"chose_seed":false,"is_ascension_mode":false,"campfire_upgraded":6,"win_rate":0.18604651,"timestamp":1527126624,"campfire_choices":[{"data":"Bouncing Flask","floor":6,"key":"SMITH"},{"data":"Deadly Poison","floor":8,"key":"SMITH"},{"data":"Backstab","floor":15,"key":"SMITH"},{"data":"Backstab","floor":23,"key":"SMITH"},{"data":"Footwork","floor":28,"key":"SMITH"},{"data":"Footwork","floor":32,"key":"SMITH"},{"floor":44,"key":"REST"},{"floor":49,"key":"REST"}],"path_taken":["M","?","M","$","M","R","M","R","T","?","E","M","E","M","R","BOSS","M","$","?","?","M","R","M","M","T","?","R","M","?","M","R","BOSS","M","$","M","?","$","E","M","?","T","R","?","M","M","?","R","BOSS"],"build_version":"2018-05-22","seed_source_timestamp":73966698487589,"purchased_purges":1,"victory":false,"master_deck":["Defend_G","Defend_G","Defend_G","Defend_G","Defend_G","Strike_G","Strike_G","Strike_G","Survivor","Neutralize","Bouncing Flask+1","Slice","Deadly Poison+1","Backstab+1","Backstab+1","PiercingWail+1","Well Laid Plans","Cloak And Dagger+1","Leg Sweep+1","Unload","Deflect+1","Footwork+1","Crippling Poison+1","Footwork+1","Malaise+1","Backflip+1","Bouncing Flask+1","Setup+1","Malaise+1","Corpse Explosion","Noxious Fumes","Catalyst+1","Malaise+1","Bane+1","Bane","Catalyst+1","Deadly Poison+1","Sadistic Nature"],"max_hp_per_floor":[77,77,77,77,77,77,77,77,77,77,77,77,77,77,77,77,77,77,77,77,77,77,77,77,77,77,77,77,77,77,77,77,77,77,77,77,77,77,77,84,84,84,84,84,84,84,84,84,84,84],"relics":["Ring of the Snake","Toxic Egg 2","The Specimen","Du-Vu Doll","Philosopher\u0027s Stone","Pen Nib","Cursed Key","Snake Skull","Strawberry","Red Mask"],"card_choices":[{"not_picked":["Bane","Sucker Punch"],"picked":"Bouncing Flask","floor":1},{"not_picked":["Dodge and Roll","PiercingWail"],"picked":"Slice","floor":3},{"not_picked":["Eviscerate","Dagger Throw"],"picked":"Backstab","floor":5},{"not_picked":["Cloak And Dagger","Riddle With Holes"],"picked":"Backstab","floor":7},{"not_picked":["Dodge and Roll+1","Sucker Punch"],"picked":"PiercingWail+1","floor":11},{"not_picked":["Dodge and Roll+1","Masterful Stab"],"picked":"Well Laid Plans","floor":12},{"not_picked":["Terror+1","A Thousand Cuts"],"picked":"Cloak And Dagger+1","floor":13},{"not_picked":["Outmaneuver+1","Acrobatics+1"],"picked":"Leg Sweep+1","floor":14},{"not_picked":["Adrenaline+1","Wraith Form v2"],"picked":"Unload","floor":16},{"not_picked":["Eviscerate","Masterful Stab+1"],"picked":"Deflect+1","floor":18},{"not_picked":["Concentrate+1","Sucker Punch","Quick Slash"],"picked":"SKIP","floor":21},{"not_picked":["Caltrops","Poisoned Stab"],"picked":"Malaise+1","floor":22},{"not_picked":["Sucker Punch","Skewer+1"],"picked":"Backflip+1","floor":24},{"not_picked":["Outmaneuver+1","Prepared+1"],"picked":"Bouncing Flask+1","floor":25},{"not_picked":["Sucker Punch+1","Masterful Stab","Poisoned Stab"],"picked":"SKIP","floor":29},{"not_picked":["Riddle With Holes","Dash"],"picked":"Setup+1","floor":30},{"not_picked":["Flying Knee","Blade Dance+1"],"picked":"Malaise+1","floor":31},{"not_picked":["Bullet Time+1","Night Terror+1"],"picked":"Corpse Explosion","floor":33},{"not_picked":["Bane+1","Slice"],"picked":"Noxious Fumes","floor":35},{"not_picked":["Acrobatics+1","Outmaneuver+1"],"picked":"Malaise+1","floor":37},{"not_picked":["Backflip+1","Dagger Throw"],"picked":"Bane+1","floor":38},{"not_picked":["Poisoned Stab+1","All Out Attack"],"picked":"Catalyst+1","floor":40},{"not_picked":["Sucker Punch+1","Choke"],"picked":"Deadly Poison+1","floor":41},{"not_picked":["Deep Breath","Purity"],"picked":"Sadistic Nature","floor":42},{"not_picked":["Distraction+1","Dagger Throw+1","Backflip+1"],"picked":"SKIP","floor":46},{"not_picked":["Terror+1","Masterful Stab+1","Flying Knee+1"],"picked":"SKIP","floor":47}],"player_experience":492731,"potions_floor_usage":[14,16,16,16,18,30,30,35,38,41,46,47,50],"damage_taken":[{"damage":0,"enemies":"Jaw Worm","floor":1,"turns":6},{"damage":0,"enemies":"2 Louse","floor":3,"turns":3},{"damage":0,"enemies":"Cultist","floor":5,"turns":4},{"damage":0,"enemies":"3 Louse","floor":7,"turns":2},{"damage":11,"enemies":"3 Sentries","floor":11,"turns":8},{"damage":0,"enemies":"Red Slaver","floor":12,"turns":2},{"damage":21,"enemies":"Gremlin Nob","floor":13,"turns":4},{"damage":0,"enemies":"Exordium Thugs","floor":14,"turns":3},{"damage":42,"enemies":"Slime Boss","floor":16,"turns":16},{"damage":2,"enemies":"Shell Parasite","floor":18,"turns":4},{"damage":0,"enemies":"Spheric Guardian","floor":21,"turns":5},{"damage":0,"enemies":"Snecko","floor":22,"turns":5},{"damage":2,"enemies":"Snake Plant","floor":24,"turns":4},{"damage":0,"enemies":"Cultist and Chosen","floor":25,"turns":5},{"damage":0,"enemies":"Chosen and Byrds","floor":29,"turns":4},{"damage":0,"enemies":"3 Cultists","floor":30,"turns":4},{"damage":4,"enemies":"Snecko","floor":31,"turns":4},{"damage":20,"enemies":"Collector","floor":33,"turns":8},{"damage":15,"enemies":"3 Darklings","floor":35,"turns":4},{"damage":7,"enemies":"3 Shapes","floor":37,"turns":3},{"damage":23,"enemies":"Spire Growth","floor":38,"turns":4},{"damage":7,"enemies":"Giant Head","floor":40,"turns":6},{"damage":27,"enemies":"Transient","floor":41,"turns":5},{"damage":8,"enemies":"3 Darklings","floor":46,"turns":3},{"damage":16,"enemies":"Spire Growth","floor":47,"turns":4},{"damage":51,"enemies":"Awakened One","floor":50,"turns":6}],"relics_obtained":[{"floor":9,"key":"Toxic Egg 2"},{"floor":11,"key":"The Specimen"},{"floor":13,"key":"Du-Vu Doll"},{"floor":26,"key":"Pen Nib"},{"floor":40,"key":"Strawberry"}],"event_choices":[{"event_name":"The Cleric","player_choice":"Card Removal","floor":2,"damage_taken":0},{"event_name":"Liars Game","player_choice":"disagreed","floor":10,"damage_taken":0},{"event_name":"Duplicator","player_choice":"One dupe","floor":20,"damage_taken":0},{"event_name":"Drug Dealer","player_choice":"Ignored","floor":27,"damage_taken":0},{"event_name":"SensoryStone","player_choice":"Memory 1","floor":42,"damage_taken":0},{"event_name":"Tomb of Lord Red Mask","player_choice":"Paid","floor":45,"damage_taken":0},{"event_name":"Mysterious Sphere","player_choice":"Ignore","floor":48,"damage_taken":0}],"boss_relics":[{"not_picked":["Runic Pyramid","Eternal Feather"],"picked":"Philosopher\u0027s Stone"},{"not_picked":["Sozu","Velvet Choker"],"picked":"Cursed Key"}],"items_purged_floors":[36],"potions_floor_spawned":[1,3,7,14,16,18,21,25,30,31,37,38,46,47],"seed_played":"-1701507781368423761","killed_by":"Awakened One","ascension_level":0,"potions_obtained":[{"floor":1,"key":"Energy Potion"},{"floor":3,"key":"GamblersBrew"},{"floor":7,"key":"SkillPotion"},{"floor":14,"key":"SteroidPotion"},{"floor":16,"key":"PowerPotion"},{"floor":18,"key":"Fire Potion"},{"floor":21,"key":"Poison Potion"},{"floor":25,"key":"SkillPotion"},{"floor":30,"key":"Energy Potion"},{"floor":31,"key":"SteroidPotion"},{"floor":37,"key":"Block Potion"},{"floor":38,"key":"Explosive Potion"},{"floor":46,"key":"Ancient Potion"},{"floor":47,"key":"Fire Potion"}],"is_trial":false}