{"gold_per_floor":[110,129,129,140,103,103,121,178,203,203,223,298,298,313,313,313],"floor_reached":16,"playtime":1376,"items_purged":[],"score":92,"play_id":"1a70a067-3eec-4cc0-9eb5-83d25b75125f","local_time":"20190909205540","is_ascension_mode":false,"campfire_choices":[{"data":"Self Repair","floor":6,"key":"SMITH"},{"floor":10,"key":"REST"},{"data":"Dualcast","floor":15,"key":"SMITH"}],"neow_cost":"NONE","seed_source_timestamp":85006739928000,"circlet_count":0,"master_deck":["Strike_B","Strike_B","Strike_B","Defend_B","Defend_B","Defend_B","Defend_B","Zap","Dualcast+1","Sweeping Beam","Rebound","Ball Lightning","Self Repair+1","FTL","Capacitor","Force Field","Barrage"],"relics":["Cracked Core","Bronze Scales","Bag of Preparation"],"potions_floor_usage":[16,16,16],"damage_taken":[{"damage":1,"enemies":"Cultist","floor":1,"turns":4},{"damage":6,"enemies":"Small Slimes","floor":2,"turns":2},{"damage":1,"enemies":"Jaw Worm","floor":4,"turns":3},{"damage":15,"enemies":"Looter","floor":7,"turns":3},{"damage":28,"enemies":"Lagavulin Event","floor":8,"turns":5},{"damage":7,"enemies":"Blue Slaver","floor":11,"turns":3},{"damage":13,"enemies":"3 Louse","floor":14,"turns":2},{"damage":61,"enemies":"The Guardian","floor":16,"turns":9}],"seed_played":"2294220032741436481","potions_obtained":[{"floor":4,"key":"FearPotion"},{"floor":7,"key":"Explosive Potion"},{"floor":14,"key":"GamblersBrew"}],"is_trial":false,"path_per_floor":["M","M","?","M","$","R","M","?","T","R","M","?","$","M","R","B"],"character_chosen":"DEFECT","items_purchased":["Self Repair"],"campfire_rested":1,"item_purchase_floors":[5],"current_hp_per_floor":[81,75,68,67,67,67,62,44,44,68,71,60,60,57,57,0],"gold":313,"neow_bonus":"TEN_PERCENT_HP_BONUS","is_prod":false,"is_daily":false,"chose_seed":false,"campfire_upgraded":2,"win_rate":0.0,"timestamp":1568055340,"path_taken":["M","?","?","M","$","R","M","?","T","R","M","?","$","M","R","BOSS"],"build_version":"2019-07-17","purchased_purges":0,"victory":false,"max_hp_per_floor":[82,82,82,82,82,82,82,82,82,82,82,82,82,82,82,82],"card_choices":[{"not_picked":["Stack","Auto Shields"],"picked":"Sweeping Beam","floor":1},{"not_picked":["Leap","Undo"],"picked":"Rebound","floor":2},{"not_picked":["Coolheaded","Compile Driver"],"picked":"Ball Lightning","floor":4},{"not_picked":["Barrage","Undo"],"picked":"FTL","floor":7},{"not_picked":["Cold Snap","Static Discharge"],"picked":"Capacitor","floor":8},{"not_picked":["Steam Power","Sweeping Beam"],"picked":"Force Field","floor":11},{"not_picked":["Fission","Melter"],"picked":"Barrage","floor":14}],"player_experience":29531,"relics_obtained":[{"floor":8,"key":"Bronze Scales"},{"floor":9,"key":"Bag of Preparation"}],"event_choices":[{"cards_removed":["Strike_B"],"damage_healed":0,"gold_gain":0,"player_choice":"Card Removal","damage_taken":7,"max_hp_gain":0,"max_hp_loss":0,"event_name":"Golden Wing","floor":3,"gold_loss":0},{"damage_healed":0,"gold_gain":0,"player_choice":"Searched \u00271\u0027 times","damage_taken":0,"max_hp_gain":0,"max_hp_loss":0,"event_name":"Dead Adventurer","floor":8,"gold_loss":0},{"damage_healed":0,"gold_gain":75,"player_choice":"Gather Gold","damage_taken":11,"max_hp_gain":0,"max_hp_loss":0,"event_name":"World of Goop","floor":12,"gold_loss":0}],"is_beta":false,"boss_relics":[],"items_purged_floors":[],"is_endless":false,"potions_floor_spawned":[4,7,14],"killed_by":"The Guardian","ascension_level":0}