{"gold_per_floor":[117,131,51,51,61,61,74,93,93,103,116,134,134,146,146,244,244,256,274,274,374,374,374,387,56,81,95,214,227,243,260,260,365,365,375,19,19,29,46,46,62,74,98,110,110,125,145,0,0,0],"floor_reached":51,"playtime":2177,"items_purged":["Strike_G"],"score":655,"play_id":"4b1f6861-7ef2-4d9b-84b4-c0410afe1b32","local_time":"20190108235509","is_ascension_mode":false,"campfire_choices":[{"data":"Skewer","floor":6,"key":"SMITH"},{"data":"Venomology","floor":13,"key":"SMITH"},{"data":"Backstab","floor":15,"key":"SMITH"},{"data":"Blade Dance","floor":23,"key":"SMITH"},{"data":"Cloak And Dagger","floor":32,"key":"SMITH"},{"floor":40,"key":"REST"},{"floor":49,"key":"REST"}],"neow_cost":"NONE","seed_source_timestamp":1044356132521168,"circlet_count":0,"master_deck":["Defend_G","Defend_G","Defend_G","Defend_G","Strike_G","Strike_G","Strike_G","Survivor","Neutralize+1","Skewer+1","Quick Slash","Backstab+1","Sucker Punch","Slice","Venomology+1","Slice","Endless Agony","Well Laid Plans","After Image+1","Dagger Throw+1","Blade Dance+1","Slice+1","Cloak And Dagger+1","Malaise+1","Footwork+1","Cloak And Dagger+1","Backstab+1"],"relics":["Ring of the Serpent","Shuriken","Gambling Chip","The Courier","Toy Ornithopter","Vajra","Strawberry","Bag of Preparation","Fusion Hammer","Bag of Marbles","Unceasing Top","hubris:TenFootPole","Omamori","Red Mask"],"potions_floor_usage":[11,14,16,16,18,19,21,27,29,30,31,31,35,39,41,42],"damage_taken":[{"damage":0,"enemies":"Jaw Worm","floor":1,"turns":5},{"damage":0,"enemies":"Cultist","floor":2,"turns":4},{"damage":5,"enemies":"Small Slimes","floor":5,"turns":2},{"damage":0,"enemies":"3 Louse","floor":7,"turns":3},{"damage":0,"enemies":"Looter","floor":8,"turns":1},{"damage":4,"enemies":"Red Slaver","floor":10,"turns":2},{"damage":0,"enemies":"Exordium Wildlife","floor":11,"turns":2},{"damage":0,"enemies":"Looter","floor":12,"turns":2},{"damage":0,"enemies":"Gremlin Gang","floor":14,"turns":4},{"damage":4,"enemies":"Hexaghost","floor":16,"turns":9},{"damage":9,"enemies":"2 Thieves","floor":18,"turns":4},{"damage":1,"enemies":"Spheric Guardian","floor":19,"turns":4},{"damage":16,"enemies":"Colosseum Slavers","floor":21,"turns":4},{"damage":22,"enemies":"Colosseum Nobs","floor":21,"turns":5},{"damage":6,"enemies":"Centurion and Healer","floor":24,"turns":4},{"damage":4,"enemies":"Chosen and Byrds","floor":27,"turns":4},{"damage":2,"enemies":"Shelled Parasite and Fungi","floor":28,"turns":3},{"damage":0,"enemies":"Centurion and Healer","floor":29,"turns":4},{"damage":0,"enemies":"3 Cultists","floor":30,"turns":4},{"damage":0,"enemies":"Shelled Parasite and Fungi","floor":31,"turns":3},{"damage":23,"enemies":"Champ","floor":33,"turns":10},{"damage":7,"enemies":"3 Shapes","floor":35,"turns":6},{"damage":0,"enemies":"Orb Walker","floor":38,"turns":1},{"damage":5,"enemies":"Maw","floor":39,"turns":6},{"damage":1,"enemies":"3 Darklings","floor":41,"turns":4},{"damage":10,"enemies":"Jaw Worm Horde","floor":42,"turns":3},{"damage":0,"enemies":"Spire Growth","floor":44,"turns":3},{"damage":0,"enemies":"3 Darklings","floor":46,"turns":2},{"damage":0,"enemies":"Sphere and 2 Shapes","floor":47,"turns":3},{"damage":23,"enemies":"infinitespire:MassOfShapes","floor":50,"turns":16}],"seed_played":"-5411834847134204520","potions_obtained":[{"floor":5,"key":"Weak Potion"},{"floor":8,"key":"Explosive Potion"},{"floor":10,"key":"FearPotion"},{"floor":11,"key":"EssenceOfSteel"},{"floor":18,"key":"EssenceOfSteel"},{"floor":24,"key":"Regen Potion"}],"is_trial":false,"path_per_floor":["M","M","$","?","M","R","M","M","T","M","M","M","R","M","R","B",null,"M","M","?","?","?","R","M","$","T","M","M","M","M","M","R","B",null,"M","$","?","M","M","R","M","M","T","M","?","M","M","?","R","B",null],"character_chosen":"THE_SILENT","items_purchased":["Backstab","Toy Ornithopter","Vajra","Bag of Marbles","Unceasing Top"],"campfire_rested":2,"item_purchase_floors":[3,25,25,36,36],"current_hp_per_floor":[70,70,70,70,65,65,65,65,65,61,61,61,61,61,61,57,70,61,60,60,22,22,22,16,16,23,33,31,36,41,51,51,28,77,70,70,70,70,70,77,77,72,72,72,72,72,72,72,77,54],"gold":0,"neow_bonus":"UPGRADE_CARD","is_prod":false,"is_daily":false,"chose_seed":false,"campfire_upgraded":5,"win_rate":0,"timestamp":1547009709,"path_taken":["M","M","$","?","M","R","M","M","T","M","?","M","R","M","R","BOSS","M","?","?","?","?","R","M","$","T","M","M","M","?","M","R","BOSS","M","$","?","M","M","R","M","?","T","M","?","M","M","?","R","BOSS"],"build_version":"2019-01-03v4","purchased_purges":1,"victory":true,"max_hp_per_floor":[70,70,70,70,70,70,70,70,70,70,70,70,70,70,70,70,70,70,70,70,70,70,70,70,70,77,77,77,77,77,77,77,77,77,77,77,77,77,77,77,77,77,77,77,77,77,77,77,77,77],"card_choices":[{"not_picked":["Dodge and Roll","Dagger Throw"],"picked":"Skewer","floor":1},{"not_picked":["Tactician","Dodge and Roll"],"picked":"Quick Slash","floor":2},{"not_picked":["Riddle With Holes","Bane"],"picked":"Slice","floor":5},{"not_picked":["Choke","Deadly Poison","Terror"],"picked":"SKIP","floor":7},{"not_picked":["Flechettes","Dagger Spray"],"picked":"Venomology","floor":8},{"not_picked":["Sucker Punch","Bullet Time"],"picked":"Slice","floor":10},{"not_picked":["Backflip","PiercingWail"],"picked":"Endless Agony","floor":11},{"not_picked":["Dodge and Roll","Predator","All Out Attack"],"picked":"SKIP","floor":12},{"not_picked":["Outmaneuver","Setup"],"picked":"Well Laid Plans","floor":14},{"not_picked":["Bullet Time","Envenom"],"picked":"After Image","floor":16},{"not_picked":["Outmaneuver+1","PiercingWail"],"picked":"Dagger Throw+1","floor":18},{"not_picked":["Flying Knee+1","Acrobatics","Unload"],"picked":"SKIP","floor":19},{"not_picked":["Outmaneuver","Dagger Throw"],"picked":"Slice+1","floor":21},{"not_picked":["All Out Attack","Bane","Backflip+1"],"picked":"SKIP","floor":24},{"not_picked":["Dash","hubris:TrickCloak","hubris:SlightOfHand"],"picked":"SKIP","floor":27},{"not_picked":["PiercingWail","Crippling Poison"],"picked":"Cloak And Dagger","floor":28},{"not_picked":["Underhanded Strike","Cloak And Dagger","hubris:TrickCloak"],"picked":"SKIP","floor":29},{"not_picked":["Quick Slash","hubris:SlightOfHand","Cloak And Dagger"],"picked":"SKIP","floor":30},{"not_picked":["Riddle With Holes","Concentrate","Malaise"],"picked":"SKIP","floor":31},{"not_picked":["Riddle With Holes","Concentrate","Malaise"],"picked":"SKIP","floor":31},{"not_picked":["Unload","Burst"],"picked":"Malaise","floor":33},{"not_picked":["hubris:SlightOfHand+1","Flying Knee+1","Terror"],"picked":"SKIP","floor":35},{"not_picked":["Deadly Poison+1","hubris:SlightOfHand+1","Dodge and Roll+1"],"picked":"SKIP","floor":38},{"not_picked":["Sucker Punch+1","Expertise"],"picked":"Footwork+1","floor":39},{"not_picked":["Quick Slash+1","Reflex+1","PiercingWail+1"],"picked":"SKIP","floor":41},{"not_picked":["Terror","hubris:SlightOfHand+1"],"picked":"Cloak And Dagger+1","floor":42},{"not_picked":["Acrobatics","Setup+1"],"picked":"Backstab+1","floor":44},{"not_picked":["hubris:SlightOfHand+1","Backflip","Acrobatics"],"picked":"SKIP","floor":46},{"not_picked":["Underhanded Strike+1","Concentrate+1","Poisoned Stab+1"],"picked":"SKIP","floor":47}],"player_experience":559436,"relics_obtained":[{"floor":9,"key":"Shuriken"},{"floor":21,"key":"Gambling Chip"},{"floor":21,"key":"The Courier"},{"floor":26,"key":"Strawberry"},{"floor":43,"key":"Omamori"}],"event_choices":[{"damage_healed":0,"gold_gain":0,"cards_transformed":["Strike_G"],"player_choice":"Transformed","damage_taken":0,"max_hp_gain":0,"max_hp_loss":0,"event_name":"Transmorgrifier","floor":4,"gold_loss":0,"cards_obtained":["Sucker Punch"]},{"damage_healed":0,"gold_gain":0,"player_choice":"Read","damage_taken":0,"max_hp_gain":0,"max_hp_loss":0,"event_name":"The Library","floor":20,"gold_loss":0,"cards_obtained":["Blade Dance"]},{"damage_healed":0,"gold_gain":0,"player_choice":"Fight","damage_taken":0,"max_hp_gain":0,"max_hp_loss":0,"event_name":"Colosseum","floor":21,"gold_loss":0},{"damage_healed":0,"gold_gain":0,"player_choice":"Fought Nobs","damage_taken":0,"max_hp_gain":0,"max_hp_loss":0,"event_name":"Colosseum","floor":21,"gold_loss":0},{"damage_healed":0,"gold_gain":0,"player_choice":"Upgraded","damage_taken":0,"max_hp_gain":0,"max_hp_loss":0,"event_name":"Upgrade Shrine","floor":22,"gold_loss":0,"cards_upgraded":["After Image"]},{"damage_healed":0,"gold_gain":0,"player_choice":"Upgraded","damage_taken":0,"max_hp_gain":0,"max_hp_loss":0,"event_name":"Upgrade Shrine","floor":37,"gold_loss":0,"cards_upgraded":["Malaise"]},{"cards_removed":["Defend_G"],"damage_healed":0,"gold_gain":0,"player_choice":"Removed Skill","damage_taken":0,"max_hp_gain":0,"max_hp_loss":0,"event_name":"Falling","floor":45,"gold_loss":0},{"damage_healed":0,"gold_gain":0,"player_choice":"Paid","damage_taken":0,"relics_obtained":["Red Mask"],"max_hp_gain":0,"max_hp_loss":0,"event_name":"Tomb of Lord Red Mask","floor":48,"gold_loss":145}],"is_beta":false,"boss_relics":[{"not_picked":["Black Star","hubris:RunicObelisk"],"picked":"Ring of the Serpent"},{"not_picked":["infinitespire:Cupcake","Busted Crown"],"picked":"Fusion Hammer"}],"items_purged_floors":[25],"is_endless":false,"potions_floor_spawned":[5,8,10,11,18,19,24,29,30,39,42,47],"ascension_level":0}