{"path_per_floor":["M","?","M","M","?","E","M","R","T","M","R","$","M","?","R","B",null,"M","?","?","M","$","R","E","R","T","M","E","?","M","M","R","B",null,"M","M","M","M","$","R","E","M","T","R","M","R","M","E","R","B"],"character_chosen":"THE_SILENT","items_purchased":["Apotheosis","Sadistic Nature","Oddly Smooth Stone","Happy Flower"],"gold_per_floor":[112,112,131,150,150,176,191,191,271,281,281,71,89,89,89,193,193,213,213,213,229,23,23,53,53,102,116,149,149,165,176,176,278,278,288,299,309,326,36,36,61,78,103,103,115,115,127,157,157,157],"floor_reached":51,"campfire_rested":2,"playtime":6812,"current_hp_per_floor":[70,56,56,56,56,51,51,51,51,51,51,51,51,51,51,51,70,65,65,65,65,65,65,44,44,44,36,32,19,21,17,40,45,77,77,76,78,77,77,81,67,65,72,84,86,90,72,63,92,44],"items_purged":[],"gold":157,"score":839,"play_id":"ffeacb92-e1f2-4b1a-a136-ca0096e2048c","local_time":"20180410123853","is_prod":false,"is_daily":false,"is_ascension_mode":true,"campfire_upgraded":8,"timestamp":1523389133,"path_taken":["M","?","?","M","?","E","M","R","T","M","R","?","M","?","R","BOSS","M","?","?","M","$","R","E","R","T","M","E","?","?","M","R","BOSS","M","M","M","M","$","R","E","M","T","R","M","R","M","E","R","BOSS"],"build_version":"2018-04-05v2","purchased_purges":0,"victory":true,"master_deck":["Defend_G","Defend_G","Defend_G","Defend_G","Strike_G","Strike_G","Strike_G","Strike_G+1","Survivor","Neutralize+1","Deflect","Deadly Poison+1","Blur+1","Well Laid Plans+1","Outmaneuver","Deadly Poison+1","Apotheosis+1","Bane","Dash","Neutralize","Die Die Die+1","Backstab+1","Infinite Blades+1","Sadistic Nature+1","After Image+1","Deflect","Backflip","Blur","Burst","Acrobatics+1","Escape Plan+1","Noxious Fumes+1","Backstab+1","Noxious Fumes+1","Heel Hook+1"],"max_hp_per_floor":[70,70,70,70,70,70,70,70,70,70,70,70,70,70,70,70,70,70,70,70,70,70,70,70,70,70,70,70,75,77,77,77,77,77,77,77,79,81,81,81,81,81,88,88,90,90,90,92,92,92],"relics":["Ring of the Snake","Lantern","Gremlin Horn","Lizard Tail","Bag of Marbles","Prayer Wheel","Singing Bowl","Eternal Feather","Oddly Smooth Stone","Happy Flower","Ornamental Fan","Strawberry","Vajra"],"card_choices":[{"not_picked":["Backflip","Skewer"],"picked":"Deflect","floor":1},{"not_picked":["Flechettes","Crippling Poison"],"picked":"Deadly Poison","floor":3},{"not_picked":["Slice","Dagger Throw"],"picked":"Blur","floor":4},{"not_picked":["Underhanded Strike","Storm of Steel"],"picked":"Well Laid Plans","floor":6},{"not_picked":["Dagger Throw","Dodge and Roll"],"picked":"Outmaneuver","floor":7},{"not_picked":["Masterful Stab","Riddle With Holes"],"picked":"Deadly Poison","floor":10},{"not_picked":["Dagger Spray","Dodge and Roll"],"picked":"Bane","floor":13},{"not_picked":["Unload","Glass Knife"],"picked":"Die Die Die","floor":16},{"not_picked":["Quick Slash","Terror"],"picked":"Backstab","floor":18},{"not_picked":["Dagger Spray","Slice"],"picked":"Infinite Blades","floor":21},{"not_picked":["Deadly Poison","Concentrate"],"picked":"After Image","floor":24},{"not_picked":["Deadly Poison","Slice"],"picked":"Deflect","floor":27},{"not_picked":["Slice","Deadly Poison"],"picked":"Backflip","floor":28},{"not_picked":["Prepared","Blade Dance"],"picked":"Blur","floor":31},{"not_picked":["Tactician","Venomology"],"picked":"Burst","floor":33},{"not_picked":["PiercingWail","Deflect"],"picked":"Acrobatics","floor":35},{"not_picked":["Die Die Die","PiercingWail"],"picked":"Escape Plan","floor":36},{"not_picked":["Dagger Throw","Slice"],"picked":"Noxious Fumes","floor":41},{"not_picked":["Dodge and Roll","Backflip"],"picked":"Backstab","floor":42},{"not_picked":["Bane","Eviscerate"],"picked":"Noxious Fumes","floor":43},{"not_picked":["Poisoned Stab","Finisher"],"picked":"Heel Hook","floor":47}],"player_experience":189288,"potions_floor_usage":[6,21,24,30,33,33,38,50,50,50],"damage_taken":[{"damage":0,"enemies":"Jaw Worm","floor":1,"turns":7},{"damage":0,"enemies":"2 Louse","floor":3,"turns":4},{"damage":0,"enemies":"Cultist","floor":4,"turns":3},{"damage":5,"enemies":"3 Sentries","floor":6,"turns":12},{"damage":0,"enemies":"Large Slime","floor":7,"turns":8},{"damage":0,"enemies":"Exordium Thugs","floor":10,"turns":4},{"damage":0,"enemies":"2 Fungi Beasts","floor":13,"turns":4},{"damage":0,"enemies":"Hexaghost","floor":16,"turns":9},{"damage":5,"enemies":"3 Byrds","floor":18,"turns":5},{"damage":0,"enemies":"Shell Parasite","floor":21,"turns":3},{"damage":21,"enemies":"Slavers","floor":24,"turns":5},{"damage":8,"enemies":"Sentry and Sphere","floor":27,"turns":5},{"damage":4,"enemies":"Book of Stabbing","floor":28,"turns":6},{"damage":0,"enemies":"Slaver and Parasite","floor":30,"turns":4},{"damage":4,"enemies":"Centurion and Healer","floor":31,"turns":7},{"damage":10,"enemies":"Automaton","floor":33,"turns":13},{"damage":0,"enemies":"3 Shapes","floor":35,"turns":5},{"damage":1,"enemies":"Orb Walker","floor":36,"turns":4},{"damage":0,"enemies":"Sphere and 2 Shapes","floor":37,"turns":6},{"damage":3,"enemies":"3 Darklings","floor":38,"turns":7},{"damage":14,"enemies":"Nemesis","floor":41,"turns":9},{"damage":2,"enemies":"4 Shapes","floor":42,"turns":5},{"damage":0,"enemies":"Sphere and 2 Shapes","floor":45,"turns":7},{"damage":18,"enemies":"3 Darklings","floor":47,"turns":4},{"damage":11,"enemies":"2 Orb Walkers","floor":48,"turns":5},{"damage":48,"enemies":"Donu and Deca","floor":50,"turns":11}],"event_choices":[{"event_name":"Shining Light","player_choice":"Entered Light","floor":2,"damage_taken":0},{"event_name":"Upgrade Shrine","player_choice":"Upgraded","floor":5,"damage_taken":0},{"event_name":"Match and Keep!","player_choice":"2 cards matched","floor":14,"damage_taken":0},{"event_name":"The Woman in Blue","player_choice":"Bought 0 Potions","floor":19,"damage_taken":0},{"event_name":"Back to Basics","player_choice":"Elegance","floor":20,"damage_taken":0},{"event_name":"Forgotten Altar","player_choice":"Shed Blood","floor":29,"damage_taken":0}],"boss_relics":[{"not_picked":["White Beast Statue","Snecko Eye"],"picked":"Lizard Tail"},{"not_picked":["Calling Bell","Black Star"],"picked":"Eternal Feather"}],"potions_floor_spawned":[3,4,6,18,28,30,31,36,38,47,48],"seed_played":"3385306428772704650","ascension_level":1,"is_trial":false}