{"gold_per_floor":[117,129,129,54,73,106,106,118,118,132,132],"floor_reached":11,"playtime":225,"items_purged":["Defend_R"],"score":75,"play_id":"fce29bd6-52a6-428f-8108-0c7862838f7a","local_time":"20190912172714","is_ascension_mode":false,"campfire_choices":[{"data":"Bash","floor":7,"key":"SMITH"}],"neow_cost":"NONE","seed_source_timestamp":2294160066853500,"circlet_count":0,"master_deck":["Strike_R","Strike_R","Strike_R","Strike_R","Strike_R","Defend_R","Defend_R","Defend_R","Bash+1","True Grit","Flex"],"relics":["Burning Blood","NeowsBlessing","Red Skull","The Courier"],"potions_floor_usage":[10,11],"damage_taken":[{"damage":0,"enemies":"Cultist","floor":1,"turns":1},{"damage":0,"enemies":"2 Louse","floor":2,"turns":1},{"damage":0,"enemies":"Small Slimes","floor":5,"turns":1},{"damage":37,"enemies":"Gremlin Nob","floor":6,"turns":5},{"damage":19,"enemies":"3 Louse","floor":8,"turns":3},{"damage":6,"enemies":"Gremlin Gang","floor":10,"turns":4},{"damage":15,"enemies":"3 Sentries","floor":11,"turns":3}],"seed_played":"7748451123944461348","potions_obtained":[{"floor":6,"key":"Energy Potion"},{"floor":8,"key":"SpeedPotion"}],"is_trial":false,"path_per_floor":["M","M","?","$","M","E","R","M","T","M","E"],"character_chosen":"IRONCLAD","items_purchased":[],"campfire_rested":0,"item_purchase_floors":[],"current_hp_per_floor":[80,80,80,80,80,49,49,36,36,36,21],"gold":132,"neow_bonus":"THREE_ENEMY_KILL","is_prod":false,"is_daily":false,"chose_seed":false,"campfire_upgraded":1,"win_rate":0,"timestamp":1568323634,"path_taken":["M","?","?","$","?","E","R","M","T","M","E"],"build_version":"2019-07-17","purchased_purges":1,"victory":false,"max_hp_per_floor":[80,80,80,80,80,80,80,80,80,80,80],"card_choices":[{"not_picked":["Thunderclap","Inflame","Heavy Blade"],"picked":"SKIP","floor":1},{"not_picked":["Iron Wave","Rupture","Cleave"],"picked":"SKIP","floor":2},{"not_picked":["Iron Wave","Anger","Shrug It Off"],"picked":"SKIP","floor":5},{"not_picked":["Wild Strike","Pommel Strike","Clothesline"],"picked":"SKIP","floor":6},{"not_picked":["Pommel Strike","Shockwave"],"picked":"Flex","floor":8},{"not_picked":["Wild Strike","Pommel Strike","Warcry"],"picked":"SKIP","floor":10}],"player_experience":395605,"relics_obtained":[{"floor":6,"key":"Red Skull"},{"floor":9,"key":"The Courier"}],"event_choices":[{"damage_healed":0,"gold_gain":0,"player_choice":"1 cards matched","damage_taken":0,"max_hp_gain":0,"max_hp_loss":0,"event_name":"Match and Keep!","floor":3,"gold_loss":0,"cards_obtained":["True Grit"]}],"is_beta":false,"boss_relics":[],"items_purged_floors":[4],"is_endless":false,"potions_floor_spawned":[6,8],"killed_by":"3 Sentries","ascension_level":0}