{"gold_per_floor":[118,131,131,206,206,237,237,254,254,125,144,144,177,188,188,288,288,303,314,334,334,334,334,365,378,446,475,485,485,485,502,502,598,898,910,910,910,910,462,497,516,516],"floor_reached":42,"playtime":2611,"items_purged":["Strike_R","Apotheosis+1"],"score":677,"play_id":"9fa16ffd-0f50-446a-b095-c08a6556b92c","local_time":"20190916025415","is_ascension_mode":true,"campfire_choices":[{"data":"Bash","floor":7,"key":"SMITH"},{"data":"Body Slam","floor":15,"key":"SMITH"},{"data":"Body Slam","floor":23,"key":"SMITH"},{"data":"Shrug It Off","floor":30,"key":"SMITH"},{"floor":32,"key":"REST"}],"neow_cost":"NONE","seed_source_timestamp":2584993730917000,"circlet_count":0,"master_deck":["Strike_R","Strike_R","Defend_R+1","Defend_R","Defend_R","Defend_R+1","Bash+1","Body Slam+1","Shrug It Off","Body Slam+1","Armaments+1","Shrug It Off+1","Shrug It Off","Parasite","Doubt","Normality","Shrug It Off+1","Madness+1","Madness+1","Body Slam+1","Body Slam"],"relics":["Burning Blood","NeowsBlessing","Mango","Shuriken","Thread and Needle","CultistMask","Bronze Scales","Sozu","Bottled Lightning","Darkstone Periapt","War Paint","Calling Bell","Boot","Toxic Egg 2","Old Coin","DollysMirror","Bag of Marbles","Pear"],"potions_floor_usage":[16,35,42],"damage_taken":[{"damage":0,"enemies":"Jaw Worm","floor":1,"turns":1},{"damage":0,"enemies":"Small Slimes","floor":2,"turns":1},{"damage":0,"enemies":"Lagavulin","floor":6,"turns":1},{"damage":1,"enemies":"Cultist","floor":8,"turns":3},{"damage":9,"enemies":"Gremlin Gang","floor":11,"turns":6},{"damage":17,"enemies":"3 Sentries","floor":13,"turns":12},{"damage":0,"enemies":"Blue Slaver","floor":14,"turns":4},{"damage":76,"enemies":"Slime Boss","floor":16,"turns":12},{"damage":1,"enemies":"2 Thieves","floor":18,"turns":4},{"damage":0,"enemies":"3 Byrds","floor":19,"turns":4},{"damage":13,"enemies":"Snecko","floor":20,"turns":8},{"damage":20,"enemies":"Book of Stabbing","floor":24,"turns":5},{"damage":0,"enemies":"Chosen and Byrds","floor":25,"turns":4},{"damage":26,"enemies":"Gremlin Leader","floor":27,"turns":6},{"damage":5,"enemies":"Centurion and Healer","floor":28,"turns":7},{"damage":10,"enemies":"Cultist and Chosen","floor":31,"turns":6},{"damage":51,"enemies":"Champ","floor":33,"turns":12},{"damage":4,"enemies":"Orb Walker","floor":35,"turns":5},{"damage":54,"enemies":"Nemesis","floor":40,"turns":9},{"damage":3,"enemies":"3 Darklings","floor":41,"turns":6},{"damage":108,"enemies":"Giant Head","floor":42,"turns":10}],"seed_played":"-4079753856331589129","potions_obtained":[{"floor":1,"key":"BloodPotion"},{"floor":14,"key":"BloodPotion"},{"floor":16,"key":"SpeedPotion"}],"is_trial":false,"path_per_floor":["M","M","?","?","?","E","R","M","T","$","M","?","E","M","R","B",null,"M","M","M","?","?","R","E","M","T","E","M","?","R","M","R","B",null,"M","?","?","?","$","E","M","E"],"character_chosen":"IRONCLAD","items_purchased":["Shrug It Off","DollysMirror","Bag of Marbles"],"campfire_rested":1,"item_purchase_floors":[10,39,39],"current_hp_per_floor":[80,80,80,69,76,82,82,87,87,87,84,84,73,79,79,32,94,94,94,87,87,68,68,54,60,60,40,41,41,41,37,66,21,117,117,117,102,102,102,64,67,0],"gold":516,"neow_bonus":"THREE_ENEMY_KILL","is_prod":false,"is_daily":false,"chose_seed":false,"campfire_upgraded":4,"win_rate":0,"timestamp":1568616855,"path_taken":["M","M","?","?","?","E","R","M","T","$","M","?","E","M","R","BOSS","M","?","?","?","?","R","E","M","T","E","M","?","R","M","R","BOSS","M","?","?","?","$","E","M","E"],"build_version":"2019-07-17","purchased_purges":2,"victory":false,"max_hp_per_floor":[80,80,80,80,94,94,94,94,94,94,94,94,94,94,94,94,94,94,94,94,94,99,99,99,99,99,99,99,99,99,99,99,99,117,117,117,117,117,117,127,127,127],"card_choices":[{"not_picked":["Rampage","Clash","Twin Strike"],"picked":"SKIP","floor":1},{"not_picked":["Shockwave","Ghostly Armor","Twin Strike"],"picked":"SKIP","floor":2},{"not_picked":["Sentinel","Thunderclap","Shockwave"],"picked":"SKIP","floor":6},{"not_picked":["Flame Barrier","Headbutt"],"picked":"Body Slam","floor":8},{"not_picked":["Clash","Inflame","Pummel"],"picked":"SKIP","floor":11},{"not_picked":["Blood for Blood","Dark Embrace"],"picked":"Body Slam","floor":13},{"not_picked":["Rupture","True Grit","Intimidate"],"picked":"SKIP","floor":14},{"not_picked":["Clash+1","True Grit","Perfected Strike+1"],"picked":"SKIP","floor":18},{"not_picked":["Sentinel","Spot Weakness"],"picked":"Armaments+1","floor":19},{"not_picked":["Thunderclap","Metallicize","Rage"],"picked":"SKIP","floor":20},{"not_picked":["Spot Weakness","Pommel Strike","Sword Boomerang"],"picked":"SKIP","floor":24},{"not_picked":["Seeing Red","Reckless Charge+1","Wild Strike"],"picked":"SKIP","floor":25},{"not_picked":["Anger+1","Burning Pact+1"],"picked":"Shrug It Off","floor":27},{"not_picked":["Infernal Blade","Dark Embrace","Clothesline+1"],"picked":"SKIP","floor":28},{"not_picked":["Anger","Twin Strike"],"picked":"Shrug It Off","floor":31},{"not_picked":["Flex+1","Warcry+1"],"picked":"Shrug It Off+1","floor":35},{"not_picked":["Blind+1","Enlightenment+1"],"picked":"Apotheosis+1","floor":38},{"not_picked":["Twin Strike+1","Fire Breathing"],"picked":"Body Slam","floor":40},{"not_picked":["Pummel+1","Anger","True Grit+1"],"picked":"SKIP","floor":41}],"player_experience":515998,"relics_obtained":[{"floor":6,"key":"Shuriken"},{"floor":9,"key":"Thread and Needle"},{"floor":13,"key":"Bronze Scales"},{"floor":24,"key":"Bottled Lightning"},{"floor":26,"key":"Darkstone Periapt"},{"floor":27,"key":"War Paint"},{"floor":34,"key":"Boot"},{"floor":34,"key":"Toxic Egg 2"},{"floor":34,"key":"Old Coin"},{"floor":40,"key":"Pear"}],"event_choices":[{"damage_healed":0,"gold_gain":0,"player_choice":"Ignored","damage_taken":0,"max_hp_gain":0,"max_hp_loss":0,"event_name":"Liars Game","floor":3,"gold_loss":0},{"damage_healed":0,"gold_gain":75,"player_choice":"Gather Gold","damage_taken":11,"max_hp_gain":0,"max_hp_loss":0,"event_name":"World of Goop","floor":4,"gold_loss":0},{"damage_healed":0,"gold_gain":0,"player_choice":"Success","damage_taken":7,"relics_obtained":["Mango"],"max_hp_gain":0,"max_hp_loss":0,"event_name":"Scrap Ooze","floor":5,"gold_loss":0},{"damage_healed":0,"gold_gain":0,"player_choice":"Trade","damage_taken":0,"relics_obtained":["CultistMask"],"max_hp_gain":0,"max_hp_loss":0,"event_name":"FaceTrader","floor":12,"gold_loss":0},{"damage_healed":0,"gold_gain":0,"player_choice":"Ignored","damage_taken":0,"max_hp_gain":0,"max_hp_loss":0,"event_name":"Vampires","floor":21,"gold_loss":0},{"damage_healed":0,"gold_gain":0,"player_choice":"Shed Blood","damage_taken":24,"max_hp_gain":5,"max_hp_loss":0,"event_name":"Forgotten Altar","floor":22,"gold_loss":0},{"cards_removed":["Strike_R"],"damage_healed":0,"gold_gain":0,"player_choice":"Elegance","damage_taken":0,"max_hp_gain":0,"max_hp_loss":0,"event_name":"Back to Basics","floor":29,"gold_loss":0},{"cards_removed":["Strike_R"],"damage_healed":0,"gold_gain":0,"player_choice":"Removed Attack","damage_taken":0,"max_hp_gain":0,"max_hp_loss":0,"event_name":"Falling","floor":36,"gold_loss":0},{"damage_healed":0,"gold_gain":0,"player_choice":"Embrace Madness","damage_taken":15,"max_hp_gain":0,"max_hp_loss":0,"event_name":"Winding Halls","floor":37,"gold_loss":0,"cards_obtained":["Madness","Madness"]},{"damage_healed":0,"gold_gain":0,"player_choice":"Memory 1","damage_taken":0,"max_hp_gain":0,"max_hp_loss":0,"event_name":"SensoryStone","floor":38,"gold_loss":0}],"is_beta":false,"boss_relics":[{"not_picked":["Ectoplasm","Coffee Dripper"],"picked":"Sozu"},{"not_picked":["Black Blood","Runic Cube"],"picked":"Calling Bell"}],"items_purged_floors":[10,39],"is_endless":false,"potions_floor_spawned":[1,14,16,19,24,28,33,35],"killed_by":"Giant Head","ascension_level":1}