{"gold_per_floor":[365,382,6,156,156,156,156,156,156,166,191,210,210,210],"floor_reached":14,"playtime":655,"items_purged":[],"score":176,"play_id":"d4255399-8abc-4ce7-b43e-f1b88e7bc45d","local_time":"20190907193541","is_ascension_mode":true,"campfire_choices":[{"floor":6.0,"key":"REST"},{"data":"Zap","floor":8.0,"key":"SMITH"}],"neow_cost":"TEN_PERCENT_HP_LOSS","seed_source_timestamp":1316757450616476,"circlet_count":0,"master_deck":["AscendersBane","Strike_B","Strike_B","Strike_B","Defend_B","Defend_B","Defend_B","Defend_B","Zap+1","Dualcast","Leap","Doubt","Cold Snap","Defragment","Darkness"],"special_seed":0,"relics":["Cracked Core","Runic Capacitor","Happy Flower","Nunchaku","Ancient Tea Set","Cables","Question Card"],"potions_floor_usage":[11,12],"damage_taken":[{"damage":8.0,"enemies":"Small Slimes","floor":1.0,"turns":3.0},{"damage":6.0,"enemies":"2 Louse","floor":2.0,"turns":2.0},{"damage":0.0,"enemies":"Cultist","floor":10.0,"turns":3.0},{"damage":29,"enemies":"Lagavulin","floor":11,"turns":7},{"damage":0,"enemies":"3 Louse","floor":12,"turns":2},{"damage":7,"enemies":"Lots of Slimes","floor":14,"turns":2}],"seed_played":"-5975788457959413127","potions_obtained":[{"floor":10.0,"key":"Weak Potion"},{"floor":11,"key":"Explosive Potion"}],"is_trial":false,"path_per_floor":["M","M","$","?","?","R","?","R","T","M","E","M","?","M"],"character_chosen":"DEFECT","items_purchased":["Runic Capacitor","Happy Flower"],"campfire_rested":1,"item_purchase_floors":[3,3],"current_hp_per_floor":[56,50,50,50,15,34,34,34,34,34,5,5,5,0],"gold":210,"neow_bonus":"TWO_FIFTY_GOLD","is_prod":false,"is_daily":false,"chose_seed":false,"campfire_upgraded":1,"win_rate":0,"timestamp":1567910141,"path_taken":["M","M","$","?","?","R","?","R","T","?","E","M","?","?"],"build_version":"2019-07-17","purchased_purges":0,"victory":false,"max_hp_per_floor":[64,64,64,64,64,64,64,64,64,64,64,64,64,64],"card_choices":[{"not_picked":["Chaos","Stack"],"picked":"Compile Driver","floor":1.0},{"not_picked":["Compile Driver","Turbo"],"picked":"Leap","floor":2.0},{"not_picked":["Steam","Force Field"],"picked":"Cold Snap","floor":10.0},{"not_picked":["Conserve Battery","Double Energy"],"picked":"Defragment","floor":11},{"not_picked":["Capacitor","Cold Snap","Gash"],"picked":"Darkness","floor":12}],"player_experience":907490,"relics_obtained":[{"floor":9.0,"key":"Cables"},{"floor":11,"key":"Question Card"}],"event_choices":[{"damage_healed":0.0,"max_hp_gain":0.0,"max_hp_loss":0.0,"gold_gain":150.0,"event_name":"Liars Game","player_choice":"AGREE","floor":4.0,"gold_loss":0.0,"damage_taken":0.0,"cards_obtained":["Doubt"]},{"damage_healed":0.0,"max_hp_gain":0.0,"max_hp_loss":0.0,"gold_gain":0.0,"event_name":"Scrap Ooze","player_choice":"Success","floor":5.0,"gold_loss":0.0,"damage_taken":35.0,"relics_obtained":["Nunchaku"]},{"cards_removed":["Compile Driver"],"damage_healed":0.0,"max_hp_gain":0.0,"max_hp_loss":0.0,"gold_gain":0.0,"event_name":"WeMeetAgain","player_choice":"Gave Card","floor":7.0,"gold_loss":0.0,"damage_taken":0.0,"relics_obtained":["Ancient Tea Set"]},{"cards_removed":["Strike_B"],"damage_healed":0,"gold_gain":0,"player_choice":"Card Removal","damage_taken":0,"max_hp_gain":0,"max_hp_loss":0,"event_name":"Wheel of Change","floor":13,"gold_loss":0}],"is_beta":false,"boss_relics":[],"items_purged_floors":[],"is_endless":false,"potions_floor_spawned":[10,11],"killed_by":"Lots of Slimes","ascension_level":20}