{"path_per_floor":["M","M","M","M","?","R","E","R","T","?","$","R","M","M","R","B",null,"M","M","?","M","?","R","M","R","T","?","M","?","$","?","R"],"character_chosen":"IRONCLAD","items_purchased":["Omamori","Whirlwind"],"gold_per_floor":[112,132,148,162,162,162,189,189,189,189,33,33,53,70,70,165,165,180,196,196,213,128,128,142,142,189,189,206,406,254,254,254],"floor_reached":33,"campfire_rested":2,"playtime":703,"current_hp_per_floor":[80,80,80,80,80,80,54,54,54,54,54,54,52,50,74,63,80,69,66,66,62,62,62,64,64,71,71,59,59,59,42,69],"items_purged":["Defend_R"],"gold":254,"score":247,"play_id":"d38cb519-408e-47bc-8f43-f7e08e62b695","local_time":"20180320195010","is_prod":false,"is_daily":false,"is_ascension_mode":false,"campfire_upgraded":5,"timestamp":1521589810,"path_taken":["M","M","M","M","?","R","E","R","T","?","$","R","M","M","R","BOSS","M","M","?","M","?","R","M","R","T","?","M","?","$","?","R","BOSS"],"build_version":"2018-03-15v3","purchased_purges":1,"victory":false,"master_deck":["Strike_R","Strike_R","Strike_R","Strike_R","Strike_R","Defend_R","Bash+1","Clash+1","Flex+1","Thunderclap","Battle Trance","Cleave","Headbutt+1","Flex+1","Whirlwind","Whirlwind"],"max_hp_per_floor":[80,80,80,80,80,80,80,80,80,80,80,80,80,80,80,80,80,80,80,80,80,80,80,80,80,87,87,87,87,87,92,92],"relics":["Burning Blood","Ice Cream","Juzu Bracelet","Magic Flower","Omamori","Runic Dome","Torii","Strawberry"],"card_choices":[{"not_picked":["Twin Strike","Shockwave"],"picked":"Flex"},{"not_picked":["Havoc","Metallicize"],"picked":"Thunderclap"},{"not_picked":["Wild Strike","Thunderclap"],"picked":"Battle Trance"},{"not_picked":["Second Wind","Perfected Strike"],"picked":"Cleave"},{"not_picked":["Combust","Spot Weakness"],"picked":"Flex"},{"not_picked":["Body Slam","Sentinel"],"picked":"Whirlwind"}],"player_experience":217960,"potions_floor_usage":[],"damage_taken":[{"damage":0,"enemies":"2 Louse","floor":1,"turns":2},{"damage":0,"enemies":"Cultist","floor":2,"turns":2},{"damage":6,"enemies":"Jaw Worm","floor":3,"turns":2},{"damage":0,"enemies":"Large Slime","floor":4,"turns":4},{"damage":32,"enemies":"Gremlin Nob","floor":7,"turns":4},{"damage":11,"enemies":"Lots of Slimes","floor":13,"turns":2},{"damage":11,"enemies":"3 Louse","floor":14,"turns":2},{"damage":20,"enemies":"Slime Boss","floor":16,"turns":9},{"damage":20,"enemies":"2 Thieves","floor":18,"turns":3},{"damage":12,"enemies":"3 Byrds","floor":19,"turns":3},{"damage":13,"enemies":"3 Cultists","floor":21,"turns":3},{"damage":7,"enemies":"Centurion and Healer","floor":24,"turns":4},{"damage":21,"enemies":"Snake Plant","floor":28,"turns":3},{"damage":101,"enemies":"Automaton","floor":33,"turns":6}],"event_choices":[{"event_name":"Wheel of Change","player_choice":"Relic","floor":5,"damage_taken":0},{"event_name":"The Lab","player_choice":"Got Potions","floor":10,"damage_taken":0},{"event_name":"The Library","player_choice":"Read","floor":20,"damage_taken":0},{"event_name":"Addict","player_choice":"Obtained Relic","floor":22,"damage_taken":0},{"event_name":"Back to Basics","player_choice":"Elegance","floor":27,"damage_taken":0},{"event_name":"The Joust","player_choice":"Bet on Owner","floor":29,"damage_taken":0},{"event_name":"Forgotten Altar","player_choice":"Shed Blood","floor":31,"damage_taken":0}],"boss_relics":[{"not_picked":["Orrery","Astrolabe"],"picked":"Runic Dome"}],"potions_floor_spawned":[4,14,16,24,28],"seed_played":"-418430865398115112","killed_by":"Automaton","ascension_level":0,"is_trial":false}