{"gold_per_floor":[109,120,7,7,26,53,68,68,68,68,29,29,42,77,77,150,150,163,178,196,212,224,224,234,234,234,234],"floor_reached":27,"playtime":3634,"items_purged":[],"score":386,"play_id":"0a91b149-9437-4388-a7af-96167b844239","local_time":"20190908201251","is_ascension_mode":true,"campfire_choices":[{"floor":8,"key":"REST"},{"data":"Self Repair","floor":10,"key":"SMITH"},{"data":"Coolheaded","floor":12,"key":"SMITH"},{"data":"Scrape","floor":15,"key":"SMITH"},{"data":"Dualcast","floor":23,"key":"SMITH"},{"floor":25,"key":"REST"}],"neow_cost":"NONE","seed_source_timestamp":1450522600455890,"circlet_count":0,"master_deck":["AscendersBane","Strike_B","Strike_B","Strike_B","Strike_B","Defend_B","Defend_B","Defend_B","Defend_B","Zap+1","Dualcast+1","Sweeping Beam","Melter","Self Repair+1","Coolheaded+1","Scrape+1","Gash","Cold Snap","FTL","Ball Lightning","Thunder Strike","Leap+1","Conserve Battery","Lockon+1","BootSequence","Rebound","Turbo"],"relics":["Cracked Core","Smiling Mask","Letter Opener","Du-Vu Doll","Black Star","Singing Bowl"],"potions_floor_usage":[13,16,21,22,24,27,27],"damage_taken":[{"damage":0,"enemies":"Small Slimes","floor":1,"turns":3},{"damage":1,"enemies":"Cultist","floor":2,"turns":3},{"damage":10,"enemies":"Jaw Worm","floor":5,"turns":3},{"damage":47,"enemies":"Gremlin Nob","floor":6,"turns":5},{"damage":17,"enemies":"Lots of Slimes","floor":7,"turns":4},{"damage":9,"enemies":"Gremlin Gang","floor":13,"turns":3},{"damage":20,"enemies":"Lagavulin","floor":14,"turns":7},{"damage":12,"enemies":"Hexaghost","floor":16,"turns":10},{"damage":18,"enemies":"Chosen","floor":18,"turns":5},{"damage":9,"enemies":"Spheric Guardian","floor":19,"turns":3},{"damage":16,"enemies":"Snake Plant","floor":20,"turns":5},{"damage":29,"enemies":"Snecko","floor":21,"turns":6},{"damage":16,"enemies":"Centurion and Healer","floor":22,"turns":8},{"damage":6,"enemies":"Shelled Parasite and Fungi","floor":24,"turns":3},{"damage":44,"enemies":"Gremlin Leader","floor":27,"turns":6}],"seed_played":"-2291724624292194238","potions_obtained":[{"floor":4,"key":"LiquidBronze"},{"floor":4,"key":"SkillPotion"},{"floor":14,"key":"PowerPotion"},{"floor":20,"key":"Energy Potion"},{"floor":21,"key":"Energy Potion"},{"floor":22,"key":"Poison Potion"},{"floor":24,"key":"Fire Potion"}],"is_trial":false,"path_per_floor":["M","M","$","?","M","E","M","R","T","R","$","R","M","E","R","B",null,"M","M","M","M","M","R","M","R","T","E"],"character_chosen":"DEFECT","items_purchased":["Self Repair","Coolheaded","FTL"],"campfire_rested":2,"item_purchase_floors":[3,3,11],"current_hp_per_floor":[64,63,63,63,60,20,10,31,31,31,31,31,32,22,22,20,58,50,51,45,26,20,20,14,35,35,0],"gold":234,"neow_bonus":"UPGRADE_CARD","is_prod":false,"is_daily":false,"chose_seed":false,"campfire_upgraded":4,"win_rate":0,"timestamp":1567987971,"path_taken":["M","M","$","?","M","E","M","R","T","R","?","R","?","E","R","BOSS","M","M","M","?","?","R","M","R","T","E"],"build_version":"2019-07-17","purchased_purges":0,"victory":false,"max_hp_per_floor":[71,71,71,71,71,71,71,71,71,71,71,71,71,71,71,71,71,71,71,71,71,71,71,71,71,71,71],"card_choices":[{"not_picked":["Coolheaded","Consume"],"picked":"Sweeping Beam","floor":1},{"not_picked":["Stack","Sweeping Beam"],"picked":"Melter","floor":2},{"not_picked":["Coolheaded","Reinforced Body"],"picked":"Scrape","floor":5},{"not_picked":["Redo","Streamline"],"picked":"Gash","floor":6},{"not_picked":["Streamline","Coolheaded"],"picked":"Cold Snap","floor":7},{"not_picked":["Skim","Melter"],"picked":"Ball Lightning","floor":13},{"not_picked":["Hello World","Tempest","Doom and Gloom"],"picked":"SKIP","floor":14},{"not_picked":["Reboot","Multi-Cast"],"picked":"Thunder Strike","floor":16},{"not_picked":["Ball Lightning","Doom and Gloom"],"picked":"Leap+1","floor":18},{"not_picked":["Sweeping Beam","Auto Shields"],"picked":"Conserve Battery","floor":19},{"not_picked":["Force Field","Leap"],"picked":"Lockon+1","floor":20},{"not_picked":["Force Field","Redo"],"picked":"BootSequence","floor":21},{"not_picked":["Aggregate","Undo"],"picked":"Rebound","floor":22},{"not_picked":["Coolheaded","Conserve Battery"],"picked":"Turbo","floor":24}],"player_experience":562091,"relics_obtained":[{"floor":6,"key":"Smiling Mask"},{"floor":9,"key":"Letter Opener"},{"floor":14,"key":"Du-Vu Doll"},{"floor":26,"key":"Singing Bowl"}],"event_choices":[{"damage_healed":0,"gold_gain":0,"player_choice":"Got Potions","damage_taken":0,"max_hp_gain":0,"max_hp_loss":0,"event_name":"Lab","floor":4,"gold_loss":0}],"is_beta":false,"boss_relics":[{"not_picked":["Philosopher\u0027s Stone","Busted Crown"],"picked":"Black Star"}],"items_purged_floors":[],"is_endless":false,"potions_floor_spawned":[5,6,7,14,20,21,22,24],"killed_by":"Gremlin Leader","ascension_level":14}