{"gold_per_floor":[118,43,60,60,78,113,131,162,162,194,216,216,244,5,5,104,104,120,20,33,59,59,59,90,103,103,103,19,19,19,30,30,134,134,153,6,51,51,68,103,103,118,195,195,223,223,256,256,256,256,256,256,1,29,29],"floor_reached":56,"playtime":13303,"items_purged":["Strike_B","Strike_B"],"score":1867,"play_id":"69bba804-053b-4811-bd80-c7a59a61bb2d","local_time":"20190804165850","is_ascension_mode":true,"campfire_choices":[{"data":"Hyperbeam","floor":12.0,"key":"SMITH"},{"data":"Loop","floor":15.0,"key":"SMITH"},{"data":"Panacea","floor":23.0,"key":"SMITH"},{"data":"Coolheaded","floor":27.0,"key":"SMITH"},{"data":"Zap","floor":29.0,"key":"SMITH"},{"data":"Turbo","floor":32.0,"key":"SMITH"},{"data":"Static Discharge","floor":41.0,"key":"SMITH"},{"data":"Go for the Eyes","floor":46.0,"key":"SMITH"},{"floor":49.0,"key":"RECALL"},{"data":"Seek","floor":52.0,"key":"SMITH"}],"neow_cost":"NONE","seed_source_timestamp":0,"circlet_count":0,"master_deck":["AscendersBane","Strike_B","Strike_B","Defend_B","Defend_B","Defend_B","Zap+1","Dualcast","Loop+1","Coolheaded","Ball Lightning","Ball Lightning","Coolheaded+1","Hyperbeam+1","Static Discharge+1","Reinforced Body","Compile Driver","Panacea+1","Seek+1","Turbo+1","Chill","Chaos+1","Go for the Eyes+1","Undo","PanicButton","Machine Learning","Echo Form","Steam+1","Stack+1","Compile Driver+1","Turbo+1","Rip and Tear+1","Redo+1","Capacitor+1","Purity+1","Metamorphosis+1","PanicButton+1","Coolheaded+1","Heatsinks+1"],"special_seed":0,"relics":["Cracked Core","NeowsBlessing","Anchor","Bottled Lightning","Bottled Tornado","Meat on the Bone","Odd Mushroom","Vajra","Bag of Preparation","Coffee Dripper","Red Mask","Ginger","Letter Opener","Runic Pyramid","Bag of Marbles","Calipers","Omamori","Symbiotic Virus","Question Card","Toxic Egg 2","Oddly Smooth Stone","Strange Spoon","Ornamental Fan"],"potions_floor_usage":[55,55],"damage_taken":[{"damage":0.0,"enemies":"2 Louse","floor":1.0,"turns":1.0},{"damage":0.0,"enemies":"Cultist","floor":3.0,"turns":1.0},{"damage":0.0,"enemies":"Small Slimes","floor":5.0,"turns":1.0},{"damage":9.0,"enemies":"Lagavulin","floor":6.0,"turns":8.0},{"damage":0.0,"enemies":"2 Fungi Beasts","floor":7.0,"turns":3.0},{"damage":18.0,"enemies":"3 Sentries","floor":8.0,"turns":5.0},{"damage":24.0,"enemies":"Gremlin Nob","floor":10.0,"turns":4.0},{"damage":14.0,"enemies":"The Mushroom Lair","floor":11.0,"turns":4.0},{"damage":7.0,"enemies":"Lagavulin","floor":13.0,"turns":8.0},{"damage":3.0,"enemies":"Slime Boss","floor":16.0,"turns":7.0},{"damage":0.0,"enemies":"Spheric Guardian","floor":18.0,"turns":3.0},{"damage":9.0,"enemies":"Shell Parasite","floor":20.0,"turns":4.0},{"damage":0.0,"enemies":"Masked Bandits","floor":21.0,"turns":2.0},{"damage":9.0,"enemies":"Slavers","floor":24.0,"turns":3.0},{"damage":7.0,"enemies":"Snake Plant","floor":25.0,"turns":3.0},{"damage":0.0,"enemies":"Centurion and Healer","floor":31.0,"turns":3.0},{"damage":0.0,"enemies":"Champ","floor":33.0,"turns":10.0},{"damage":2.0,"enemies":"Orb Walker","floor":35.0,"turns":3.0},{"damage":6.0,"enemies":"2 Orb Walkers","floor":37.0,"turns":5.0},{"damage":0.0,"enemies":"3 Shapes","floor":39.0,"turns":2.0},{"damage":30.0,"enemies":"Giant Head","floor":40.0,"turns":9.0},{"damage":2.0,"enemies":"Sphere and 2 Shapes","floor":42.0,"turns":3.0},{"damage":0.0,"enemies":"Reptomancer","floor":45.0,"turns":6.0},{"damage":1.0,"enemies":"Giant Head","floor":47.0,"turns":8.0},{"damage":20.0,"enemies":"Awakened One","floor":50.0,"turns":10.0},{"damage":9.0,"enemies":"Shield and Spear","floor":54.0,"turns":6.0},{"damage":7,"enemies":"The Heart","floor":55,"turns":12}],"seed_played":"-6004435375645719244","potions_obtained":[{"floor":3.0,"key":"Ancient Potion"},{"floor":4.0,"key":"Poison Potion"},{"floor":4.0,"key":"Dexterity Potion"},{"floor":6.0,"key":"LiquidBronze"},{"floor":7.0,"key":"Explosive Potion"},{"floor":13.0,"key":"LiquidBronze"},{"floor":16.0,"key":"AttackPotion"},{"floor":20.0,"key":"Dexterity Potion"},{"floor":25.0,"key":"EssenceOfSteel"},{"floor":33.0,"key":"SmokeBomb"},{"floor":40.0,"key":"SteroidPotion"},{"floor":45.0,"key":"Strength Potion"}],"is_trial":false,"path_per_floor":["M","$","M","?","M","E","M","E","T","E","?","R","E","$","R","B",null,"M","$","M","?","?","R","E","M","T","R","$","R","T","M","R","B",null,"M","$","?","?","M","E","R","M","T","T","E","R","E","?","R","B",null,"R","$","E","B",null],"character_chosen":"DEFECT","items_purchased":["Bag of Preparation","Panacea","PanicButton","Bag of Marbles","Strange Spoon","Coolheaded+1"],"campfire_rested":0,"item_purchase_floors":[14,14,28,36,53,53],"current_hp_per_floor":[68,68,68,68,68,59,59,41,41,17,15,15,20,20,20,29,64,64,64,55,55,75,75,66,59,59,59,59,59,59,59,59,59,71,69,69,63,63,63,45,45,43,43,43,43,43,42,32,32,24,62,62,62,53,46],"gold":29,"neow_bonus":"THREE_ENEMY_KILL","is_prod":false,"is_daily":false,"chose_seed":false,"campfire_upgraded":9,"win_rate":0,"timestamp":1564963130,"path_taken":["M","$","M","?","?","E","M","E","T","E","?","R","E","$","R","BOSS","M","$","M","?","?","R","E","M","T","R","?","R","?","M","R","BOSS","M","$","?","?","M","E","R","M","T","?","E","R","E","?","R","BOSS","R","$","E","BOSS"],"build_version":"2019-07-17","purchased_purges":2,"victory":true,"max_hp_per_floor":[75,75,75,75,75,75,75,75,75,75,75,75,75,75,75,75,75,75,75,75,75,75,75,75,75,75,75,75,75,75,75,75,75,75,75,75,75,75,75,75,75,75,75,75,75,75,75,75,75,75,75,75,75,75,75],"card_choices":[{"not_picked":["Redo","Compile Driver"],"picked":"Loop","floor":1.0},{"not_picked":["Conserve Battery","Tempest"],"picked":"Coolheaded","floor":3.0},{"not_picked":["Double Energy","Redo"],"picked":"Ball Lightning","floor":5.0},{"not_picked":["Beam Cell","Turbo"],"picked":"Ball Lightning","floor":6.0},{"not_picked":["Streamline","Tempest"],"picked":"Coolheaded","floor":7.0},{"not_picked":["Rip and Tear","Ball Lightning"],"picked":"Hyperbeam","floor":8.0},{"not_picked":["Cold Snap","Double Energy"],"picked":"Static Discharge","floor":10.0},{"not_picked":["Streamline","Compile Driver"],"picked":"Reinforced Body","floor":11.0},{"not_picked":["BootSequence","Reinforced Body"],"picked":"Compile Driver","floor":13.0},{"not_picked":["All For One","Buffer"],"picked":"Seek","floor":16.0},{"not_picked":["Hologram","Stack"],"picked":"Turbo","floor":18.0},{"not_picked":["Turbo+1","Beam Cell"],"picked":"Chill","floor":20.0},{"not_picked":["Beam Cell","Stack"],"picked":"Chaos+1","floor":21.0},{"not_picked":["Gash","Barrage"],"picked":"Go for the Eyes","floor":24.0},{"not_picked":["BootSequence","Coolheaded"],"picked":"Undo","floor":25.0},{"not_picked":["Hologram","Conserve Battery"],"picked":"Machine Learning","floor":31.0},{"not_picked":["Amplify","Thunder Strike"],"picked":"Echo Form","floor":33.0},{"not_picked":["Ball Lightning+1","Scrape"],"picked":"Steam+1","floor":35.0},{"not_picked":["Undo+1","Sweeping Beam+1"],"picked":"Stack+1","floor":37.0},{"not_picked":["Rebound","Storm+1"],"picked":"Compile Driver+1","floor":39.0},{"not_picked":["Beam Cell","Compile Driver+1"],"picked":"Turbo+1","floor":40.0},{"not_picked":["Streamline","Cold Snap"],"picked":"Rip and Tear+1","floor":42.0},{"not_picked":["Reinforced Body+1","Barrage+1","Skim+1"],"picked":"Redo+1","floor":45.0},{"not_picked":["Doom and Gloom","Beam Cell","Tempest+1"],"picked":"Capacitor+1","floor":47.0},{"not_picked":["HandOfGreed","Good Instincts+1","Discovery+1"],"picked":"Purity+1","floor":48.0},{"not_picked":["Master of Strategy+1","Flash of Steel","Dramatic Entrance"],"picked":"Metamorphosis+1","floor":48.0},{"not_picked":["Apotheosis+1","Panache","Blind+1"],"picked":"PanicButton+1","floor":48.0},{"not_picked":["Chill+1","Sunder","Leap+1"],"picked":"Heatsinks+1","floor":54.0}],"player_experience":572973,"relics_obtained":[{"floor":6.0,"key":"Anchor"},{"floor":8.0,"key":"Bottled Lightning"},{"floor":9.0,"key":"Bottled Tornado"},{"floor":10.0,"key":"Meat on the Bone"},{"floor":11.0,"key":"Odd Mushroom"},{"floor":13.0,"key":"Vajra"},{"floor":21.0,"key":"Red Mask"},{"floor":24.0,"key":"Ginger"},{"floor":26.0,"key":"Letter Opener"},{"floor":37.0,"key":"Calipers"},{"floor":40.0,"key":"Omamori"},{"floor":43.0,"key":"Symbiotic Virus"},{"floor":44.0,"key":"Question Card"},{"floor":45.0,"key":"Toxic Egg 2"},{"floor":47.0,"key":"Oddly Smooth Stone"},{"floor":54.0,"key":"Ornamental Fan"}],"event_choices":[{"damage_healed":0.0,"max_hp_gain":0.0,"max_hp_loss":0.0,"gold_gain":0.0,"event_name":"Lab","player_choice":"Got Potions","floor":4.0,"gold_loss":0.0,"damage_taken":0.0},{"damage_healed":0.0,"max_hp_gain":0.0,"max_hp_loss":0.0,"gold_gain":0.0,"event_name":"Mushrooms","player_choice":"Fought Mushrooms","floor":11.0,"gold_loss":0.0,"damage_taken":0.0},{"damage_healed":0.0,"max_hp_gain":0.0,"max_hp_loss":0.0,"gold_gain":0.0,"event_name":"Masked Bandits","player_choice":"Fought Bandits","floor":21.0,"gold_loss":0.0,"damage_taken":0.0},{"damage_healed":25.0,"max_hp_gain":0.0,"max_hp_loss":0.0,"gold_gain":0.0,"event_name":"The Library","player_choice":"Heal","floor":22.0,"gold_loss":0.0,"damage_taken":0.0},{"damage_healed":0.0,"max_hp_gain":0.0,"max_hp_loss":0.0,"gold_gain":0.0,"event_name":"Mysterious Sphere","player_choice":"Fight","floor":37.0,"gold_loss":0.0,"damage_taken":0.0},{"cards_removed":["Defend_B"],"damage_healed":0.0,"max_hp_gain":0.0,"max_hp_loss":0.0,"gold_gain":0.0,"event_name":"Falling","player_choice":"Removed Skill","floor":38.0,"gold_loss":0.0,"damage_taken":0.0},{"damage_healed":0.0,"max_hp_gain":0.0,"max_hp_loss":0.0,"gold_gain":0.0,"event_name":"SensoryStone","player_choice":"Memory 3","floor":48.0,"gold_loss":0.0,"damage_taken":10.0}],"is_beta":false,"boss_relics":[{"not_picked":["Empty Cage","Lizard Tail"],"picked":"Coffee Dripper"},{"not_picked":["Philosopher\u0027s Stone","FrozenCore"],"picked":"Runic Pyramid"}],"items_purged_floors":[2,19],"is_endless":false,"potions_floor_spawned":[3,6,7,13,16,20,25,31,33,40,45,54],"ascension_level":11}