{"gold_per_floor":[111,24,40,190,22,22,348,358,358,372,647,667,78,95,95,172,172,190,200,19,37,49,49,63,76,101,101,130,130,110,26,26,26],"floor_reached":33,"playtime":1600,"items_purged":["Regret","Doubt"],"score":584,"play_id":"62f45562-58ec-4184-9700-48bdc21f8d98","local_time":"20190407174519","is_ascension_mode":true,"campfire_choices":[{"data":"Bash","floor":6,"key":"SMITH"},{"data":"Reaper","floor":15,"key":"SMITH"},{"floor":23,"key":"REST"},{"floor":32,"key":"REST"}],"neow_cost":"NONE","seed_source_timestamp":468582184291,"circlet_count":0,"master_deck":["AscendersBane","Strike_R","Strike_R","Strike_R","Defend_R","Defend_R","Defend_R","Bash+1","Cleave","Combust","Anger+1","Battle Trance","Reaper","Disarm","Inflame","Reaper+1","Flame Barrier","Shockwave","Barricade","Sever Soul+1","Clothesline+1","Corruption+1","Anger","Anger+1","Dramatic Entrance+1","True Grit+1","Ghostly Armor","Sentinel","Ghostly","Ghostly","Ghostly"],"relics":["Burning Blood","NeowsBlessing","Self Forming Clay","Oddly Smooth Stone","Old Coin","Bottled Tornado","Membership Card","Strawberry","Astrolabe","Bag of Preparation","Whetstone","Pantograph","Gremlin Horn","Centennial Puzzle"],"potions_floor_usage":[8,12,16,22,25,28,33,33],"damage_taken":[{"damage":0,"enemies":"Jaw Worm","floor":1,"turns":1},{"damage":0,"enemies":"Cultist","floor":3,"turns":1},{"damage":0,"enemies":"Lagavulin","floor":7,"turns":1},{"damage":9,"enemies":"Small Slimes","floor":8,"turns":2},{"damage":19,"enemies":"Looter","floor":10,"turns":3},{"damage":5,"enemies":"Gremlin Gang","floor":12,"turns":2},{"damage":16,"enemies":"Red Slaver","floor":14,"turns":3},{"damage":52,"enemies":"Hexaghost","floor":16,"turns":9},{"damage":26,"enemies":"Shell Parasite","floor":18,"turns":7},{"damage":44,"enemies":"2 Thieves","floor":19,"turns":4},{"damage":20,"enemies":"3 Cultists","floor":21,"turns":4},{"damage":44,"enemies":"Shelled Parasite and Fungi","floor":22,"turns":5},{"damage":17,"enemies":"Sentry and Sphere","floor":24,"turns":5},{"damage":7,"enemies":"Snecko","floor":25,"turns":5},{"damage":39,"enemies":"Book of Stabbing","floor":28,"turns":6},{"damage":75,"enemies":"Champ","floor":33,"turns":9}],"seed_played":"4024651616490148645","potions_obtained":[{"floor":3,"key":"SmokeBomb"},{"floor":7,"key":"Fire Potion"},{"floor":8,"key":"AttackPotion"},{"floor":10,"key":"Explosive Potion"},{"floor":21,"key":"Weak Potion"},{"floor":22,"key":"LiquidBronze"},{"floor":24,"key":"FearPotion"},{"floor":28,"key":"Explosive Potion"},{"floor":30,"key":"Strength Potion"}],"is_trial":false,"path_per_floor":["M","?","M","?","$","R","E","M","T","M","?","M","$","M","R","B",null,"M","M","$","M","M","R","M","M","T","T","E","?","?","$","R","B"],"character_chosen":"IRONCLAD","items_purchased":["Oddly Smooth Stone","Inflame","Reaper","Membership Card","Flame Barrier","Strawberry","Bag of Preparation","Dramatic Entrance","Centennial Puzzle"],"campfire_rested":2,"item_purchase_floors":[5,13,13,13,13,13,20,20,31],"current_hp_per_floor":[74,74,75,75,75,75,75,72,72,59,59,75,82,72,72,45,73,55,35,35,54,16,40,29,41,41,41,18,18,18,18,30,0],"gold":26,"neow_bonus":"THREE_ENEMY_KILL","is_prod":false,"is_daily":false,"chose_seed":false,"campfire_upgraded":2,"win_rate":0,"timestamp":1554651919,"path_taken":["M","?","?","?","$","R","E","M","T","M","?","M","$","M","R","BOSS","M","M","$","?","M","R","M","M","T","?","E","?","?","$","R","BOSS"],"build_version":"2019-01-23","purchased_purges":2,"victory":false,"max_hp_per_floor":[75,75,75,75,75,75,75,75,75,75,75,75,82,82,82,82,82,82,82,82,82,82,82,82,82,82,82,82,41,41,41,41,41],"card_choices":[{"not_picked":["Pommel Strike","Shockwave"],"picked":"Cleave","floor":1},{"not_picked":["Flame Barrier","Thunderclap"],"picked":"Combust","floor":3},{"not_picked":["Spot Weakness","Cleave"],"picked":"Anger","floor":7},{"not_picked":["Headbutt","Clothesline"],"picked":"Battle Trance","floor":8},{"not_picked":["Clash","Disarm"],"picked":"Reaper","floor":10},{"not_picked":["Thunderclap","Shrug It Off"],"picked":"Disarm","floor":12},{"not_picked":["Thunderclap","Dual Wield"],"picked":"Shockwave","floor":14},{"not_picked":["Double Tap","Limit Break"],"picked":"Barricade","floor":16},{"not_picked":["Wild Strike","Iron Wave"],"picked":"Anger","floor":18},{"not_picked":["Dropkick","Headbutt"],"picked":"Anger+1","floor":19},{"not_picked":["Power Through","Brutality","Havoc"],"picked":"SKIP","floor":21},{"not_picked":["Headbutt","Bloodletting"],"picked":"True Grit+1","floor":22},{"not_picked":["Clothesline","Evolve"],"picked":"Ghostly Armor","floor":24},{"not_picked":["Heavy Blade","Cleave"],"picked":"Sentinel","floor":25},{"not_picked":["Flex","Cleave","Reckless Charge"],"picked":"SKIP","floor":28}],"player_experience":569780,"relics_obtained":[{"floor":7,"key":"Old Coin"},{"floor":9,"key":"Bottled Tornado"},{"floor":26,"key":"Whetstone"},{"floor":27,"key":"Pantograph"},{"floor":28,"key":"Gremlin Horn"}],"event_choices":[{"damage_healed":0,"gold_gain":0,"player_choice":"Paid Gold","damage_taken":0,"relics_obtained":["Self Forming Clay"],"max_hp_gain":0,"max_hp_loss":0,"event_name":"WeMeetAgain","floor":2,"gold_loss":87},{"damage_healed":0,"gold_gain":150,"player_choice":"AGREE","damage_taken":0,"max_hp_gain":0,"max_hp_loss":0,"event_name":"Liars Game","floor":4,"gold_loss":0,"cards_obtained":["Doubt"]},{"damage_healed":0,"gold_gain":275,"player_choice":"Desecrate","damage_taken":0,"max_hp_gain":0,"max_hp_loss":0,"event_name":"Golden Shrine","floor":11,"gold_loss":0,"cards_obtained":["Regret"]},{"damage_healed":0,"gold_gain":0,"player_choice":"Became a Ghost","damage_taken":0,"max_hp_gain":0,"max_hp_loss":41,"event_name":"Ghosts","floor":29,"gold_loss":0,"cards_obtained":["Ghostly","Ghostly","Ghostly"]},{"damage_healed":0,"gold_gain":0,"player_choice":"Bought 1 Potion","damage_taken":0,"max_hp_gain":0,"max_hp_loss":0,"event_name":"The Woman in Blue","floor":30,"gold_loss":0}],"is_beta":false,"boss_relics":[{"not_picked":["Eternal Feather","Calling Bell"],"picked":"Astrolabe"}],"items_purged_floors":[13,20],"is_endless":false,"potions_floor_spawned":[3,7,8,10,21,22,24,28],"killed_by":"Champ","ascension_level":18}