{"path_per_floor":["M","M","M","$","M","R","?","?","T","$","R","$","R","M","R","B",null,"M","M","$","?","?","R","E","R","T","R","M","M","R","M","R","B",null,"M","?","M","$"],"character_chosen":"THE_SILENT","items_purchased":["Noxious Fumes","Well Laid Plans","Outmaneuver","Adrenaline","Endless Agony"],"gold_per_floor":[118,137,153,5,17,17,17,17,17,17,17,17,17,33,33,135,135,149,168,71,71,71,71,103,103,103,103,116,131,131,142,142,239,239,258,258,275,26,26],"floor_reached":39,"campfire_rested":3,"playtime":7331,"current_hp_per_floor":[70,66,66,66,65,65,70,63,63,63,63,63,63,63,63,27,75,73,58,58,58,58,58,34,56,56,56,54,38,60,49,71,43,75,29,48,40,40,0],"items_purged":["Strike_G","Writhe"],"gold":26,"score":389,"play_id":"75b168a5-9a8b-4be9-b379-d68fdaee0859","local_time":"20180403210427","is_prod":false,"is_daily":false,"is_ascension_mode":false,"campfire_upgraded":5,"timestamp":1522814667,"path_taken":["M","M","M","$","M","R","?","?","T","?","R","$","R","M","R","BOSS","M","M","$","?","?","R","E","R","T","R","?","?","R","M","R","BOSS","M","?","M","?","M"],"build_version":"2018-03-29v2","purchased_purges":2,"victory":false,"master_deck":["Defend_G","Defend_G","Defend_G","Defend_G","Defend_G","Strike_G","Survivor","Neutralize+1","Deflect","Deadly Poison+1","Heel Hook","Noxious Fumes+1","Escape Plan","Burst+1","Tools of the Trade","Backflip","Poisoned Stab+1","Well Laid Plans","Outmaneuver+1","Prepared","Burst+1","Choke+1","Acrobatics+1","Dodge and Roll","Distraction+1","A Thousand Cuts","Calculated Gamble+1","Escape Plan+1","Adrenaline","Endless Agony"],"max_hp_per_floor":[70,70,70,70,70,70,75,75,75,75,75,75,75,75,75,75,75,75,75,75,75,75,75,75,75,75,75,75,75,75,75,75,75,75,75,75,75,75,75],"relics":["Ring of the Snake","Sundial","The Specimen","Peace Pipe","Ice Cream","Philosopher\u0027s Stone"],"card_choices":[{"not_picked":["Acrobatics","Masterful Stab"],"picked":"Deflect","floor":1},{"not_picked":["PiercingWail","Quick Slash"],"picked":"Deadly Poison","floor":2},{"not_picked":["PiercingWail","Quick Slash"],"picked":"Heel Hook","floor":3},{"not_picked":["Dodge and Roll","Underhanded Strike"],"picked":"Escape Plan","floor":5},{"not_picked":["Flying Knee","PiercingWail"],"picked":"Burst","floor":14},{"not_picked":["Burst","Doppelganger"],"picked":"Tools of the Trade","floor":16},{"not_picked":["Flying Knee","Choke"],"picked":"Backflip","floor":18},{"not_picked":["Dagger Spray","Flying Knee"],"picked":"Poisoned Stab","floor":19},{"not_picked":["Dagger Spray","Dagger Throw"],"picked":"Choke","floor":24},{"not_picked":["Deflect","Dodge and Roll"],"picked":"Acrobatics","floor":28},{"not_picked":["Terror","Quick Slash"],"picked":"Dodge and Roll","floor":29},{"not_picked":["Bouncing Flask","Flying Knee"],"picked":"Distraction","floor":31},{"not_picked":["Doppelganger","Glass Knife"],"picked":"A Thousand Cuts","floor":33},{"not_picked":["Outmaneuver","Malaise"],"picked":"Calculated Gamble","floor":35},{"not_picked":["Poisoned Stab","Eviscerate"],"picked":"Escape Plan","floor":37}],"player_experience":6185,"potions_floor_usage":[16,16,24,24,24,33,33,39],"damage_taken":[{"damage":0,"enemies":"2 Louse","floor":1,"turns":3},{"damage":4,"enemies":"Jaw Worm","floor":2,"turns":9},{"damage":0,"enemies":"Cultist","floor":3,"turns":5},{"damage":1,"enemies":"Looter","floor":5,"turns":4},{"damage":0,"enemies":"Blue Slaver","floor":14,"turns":3},{"damage":36,"enemies":"Slime Boss","floor":16,"turns":10},{"damage":2,"enemies":"Spheric Guardian","floor":18,"turns":5},{"damage":15,"enemies":"3 Byrds","floor":19,"turns":6},{"damage":39,"enemies":"Slavers","floor":24,"turns":7},{"damage":2,"enemies":"Centurion and Healer","floor":28,"turns":5},{"damage":16,"enemies":"Chosen and Byrds","floor":29,"turns":7},{"damage":11,"enemies":"Cultist and Chosen","floor":31,"turns":7},{"damage":28,"enemies":"Champ","floor":33,"turns":9},{"damage":46,"enemies":"3 Shapes","floor":35,"turns":4},{"damage":8,"enemies":"Orb Walker","floor":37,"turns":3},{"damage":44,"enemies":"Sphere and 2 Shapes","floor":39,"turns":2}],"event_choices":[{"event_name":"Big Fish","player_choice":"Donut","floor":7,"damage_taken":0},{"event_name":"Golden Wing","player_choice":"Card Removal","floor":8,"damage_taken":0},{"event_name":"Transmorgrifier","player_choice":"Transform","floor":21,"damage_taken":0},{"event_name":"Duplicator","player_choice":"One dupe","floor":22,"damage_taken":0},{"event_name":"Winding Halls","player_choice":"Writhe","floor":36,"damage_taken":0}],"boss_relics":[{"not_picked":["Ectoplasm","Eternal Feather"],"picked":"The Specimen"},{"not_picked":["White Beast Statue","Black Star"],"picked":"Philosopher\u0027s Stone"}],"potions_floor_spawned":[3,5,14,18,19,28,29,35,37],"seed_played":"-6138403317530606354","killed_by":"Sphere and 2 Shapes","ascension_level":0,"is_trial":false}