{"gold_per_floor":[116,16,16,34,46,75,91,91,137,137,170,170,188,11,11,86,86,106,106,381,103,119,148,148,181,181,200,234,43,43],"floor_reached":30,"playtime":2359,"items_purged":["Normality","Regret","Strike_R"],"score":538,"play_id":"85bc3276-1164-43c5-ad13-8299bc0712ba","local_time":"20190827045539","is_ascension_mode":true,"campfire_choices":[{"data":"Feed","floor":8,"key":"SMITH"},{"data":"True Grit","floor":10,"key":"SMITH"},{"data":"Body Slam","floor":12,"key":"SMITH"},{"data":"Juggernaut","floor":15,"key":"SMITH"},{"floor":24,"key":"REST"}],"neow_cost":"CURSE","seed_source_timestamp":795916316010491,"circlet_count":0,"master_deck":["AscendersBane","Strike_R+1","Strike_R","Strike_R","Defend_R","Defend_R","Defend_R","Defend_R","Bash+1","Feed+1","Anger","True Grit+1","Body Slam+1","Iron Wave","Clothesline","Juggernaut+1","Iron Wave","Shrug It Off","Power Through","Thunderclap","Shrug It Off","Demon Form","Disarm","Thunderclap","Shrug It Off","Body Slam","Sword Boomerang","Seeing Red","Metallicize+1","Corruption","Evolve","Ghostly Armor"],"relics":["Burning Blood","The Courier","Whetstone","Oddly Smooth Stone","Bronze Scales","Orrery","Self Forming Clay","Meat on the Bone","Red Skull","Pear","Bird Faced Urn"],"potions_floor_usage":[11,25,28,28],"damage_taken":[{"damage":9,"enemies":"Jaw Worm","floor":1,"turns":4},{"damage":2,"enemies":"Cultist","floor":4,"turns":5},{"damage":0,"enemies":"2 Louse","floor":5,"turns":2},{"damage":31,"enemies":"Gremlin Nob","floor":6,"turns":5},{"damage":12,"enemies":"Looter","floor":7,"turns":5},{"damage":11,"enemies":"3 Sentries","floor":11,"turns":10},{"damage":8,"enemies":"Red Slaver","floor":13,"turns":4},{"damage":26,"enemies":"The Guardian","floor":16,"turns":12},{"damage":6,"enemies":"Chosen","floor":18,"turns":6},{"damage":6,"enemies":"Shell Parasite","floor":22,"turns":6},{"damage":29,"enemies":"Book of Stabbing","floor":23,"turns":7},{"damage":18,"enemies":"Slavers","floor":25,"turns":6},{"damage":51,"enemies":"Cultist and Chosen","floor":27,"turns":7},{"damage":47,"enemies":"Gremlin Leader","floor":28,"turns":11},{"damage":27,"enemies":"Snake Plant","floor":30,"turns":3}],"seed_played":"806130544547701063","potions_obtained":[{"floor":1,"key":"Dexterity Potion"},{"floor":4,"key":"GamblersBrew"},{"floor":7,"key":"SkillPotion"},{"floor":13,"key":"SteroidPotion"},{"floor":27,"key":"Regen Potion"}],"is_trial":false,"path_per_floor":["M","$","?","M","M","E","M","R","T","R","E","R","M","$","R","B",null,"M","?","?","$","M","E","R","E","T","M","E","$","M"],"character_chosen":"IRONCLAD","items_purchased":["True Grit","Thunderclap","Bronze Scales","Shrug It Off","Self Forming Clay","Evolve","Ghostly Armor"],"campfire_rested":1,"item_purchase_floors":[2,14,14,14,21,29,29],"current_hp_per_floor":[72,72,72,79,88,63,60,60,60,60,59,59,57,57,57,37,81,81,62,62,62,62,39,69,61,71,38,24,24,0],"gold":43,"neow_bonus":"THREE_RARE_CARDS","is_prod":false,"is_daily":false,"chose_seed":false,"campfire_upgraded":4,"win_rate":0,"timestamp":1566896139,"path_taken":["M","$","?","M","M","E","?","R","T","R","E","R","M","$","R","BOSS","M","?","?","$","M","E","R","E","T","?","E","$","M"],"build_version":"2019-07-17","purchased_purges":3,"victory":false,"max_hp_per_floor":[83,83,83,86,89,89,92,92,92,92,96,96,96,96,96,96,96,96,101,101,101,101,101,101,105,115,115,115,115,115],"card_choices":[{"not_picked":["Juggernaut","Offering"],"picked":"Feed","floor":0},{"not_picked":["Carnage","Heavy Blade"],"picked":"Anger","floor":1},{"not_picked":["True Grit","Perfected Strike"],"picked":"Iron Wave","floor":4},{"not_picked":["Anger","Evolve"],"picked":"Clothesline","floor":5},{"not_picked":["Sever Soul","Ghostly Armor"],"picked":"Juggernaut","floor":6},{"not_picked":["Warcry","Combust"],"picked":"Iron Wave","floor":7},{"not_picked":["Sword Boomerang","Heavy Blade"],"picked":"Shrug It Off","floor":11},{"not_picked":["Cleave","Heavy Blade"],"picked":"Power Through","floor":13},{"not_picked":["Berserk","Dark Embrace"],"picked":"Demon Form","floor":16},{"not_picked":["Perfected Strike","Clash"],"picked":"Disarm","floor":17},{"not_picked":["Body Slam","Flex"],"picked":"Thunderclap","floor":17},{"not_picked":["Offering","Whirlwind"],"picked":"Shrug It Off","floor":17},{"not_picked":["Rampage","Thunderclap"],"picked":"Body Slam","floor":17},{"not_picked":["Juggernaut","Wild Strike"],"picked":"Sword Boomerang","floor":18},{"not_picked":["Perfected Strike","Inflame"],"picked":"Seeing Red","floor":22},{"not_picked":["Heavy Blade","Demon Form","Clash+1"],"picked":"SKIP","floor":23},{"not_picked":["Sword Boomerang","Pommel Strike","Anger"],"picked":"SKIP","floor":25},{"not_picked":["Cleave","Anger+1"],"picked":"Metallicize+1","floor":27},{"not_picked":["Headbutt","Sword Boomerang"],"picked":"Corruption","floor":28}],"player_experience":502498,"relics_obtained":[{"floor":6,"key":"The Courier"},{"floor":9,"key":"Whetstone"},{"floor":11,"key":"Oddly Smooth Stone"},{"floor":23,"key":"Meat on the Bone"},{"floor":25,"key":"Red Skull"},{"floor":26,"key":"Pear"},{"floor":28,"key":"Bird Faced Urn"}],"event_choices":[{"damage_healed":0,"gold_gain":0,"cards_transformed":["Strike_R"],"player_choice":"Transformed","damage_taken":0,"max_hp_gain":0,"max_hp_loss":0,"event_name":"Transmorgrifier","floor":3,"gold_loss":0,"cards_obtained":["Body Slam"]},{"damage_healed":0,"gold_gain":0,"player_choice":"Shed Blood","damage_taken":24,"max_hp_gain":5,"max_hp_loss":0,"event_name":"Forgotten Altar","floor":19,"gold_loss":0},{"damage_healed":0,"gold_gain":275,"player_choice":"Desecrate","damage_taken":0,"max_hp_gain":0,"max_hp_loss":0,"event_name":"Golden Shrine","floor":20,"gold_loss":0,"cards_obtained":["Regret"]}],"is_beta":false,"boss_relics":[{"not_picked":["Tiny House","Empty Cage"],"picked":"Orrery"}],"items_purged_floors":[2,21,29],"is_endless":false,"potions_floor_spawned":[1,4,7,13,18,27],"killed_by":"Snake Plant","ascension_level":13}