{"gold_per_floor":[112,122,138,158,175,175,187,222,222,222,144,144,155,169,169,246,246,262,262,13,13,24,24,74,74,126,138,149,149],"floor_reached":29,"playtime":1516,"items_purged":[],"score":458,"play_id":"f296f957-5d5d-494c-8c90-90c5a2b34f4c","local_time":"20190427074713","is_ascension_mode":true,"campfire_choices":[{"data":"Bash","floor":6,"key":"SMITH"},{"floor":10,"key":"REST"},{"data":"Pommel Strike","floor":12,"key":"SMITH"},{"data":"Uppercut","floor":15,"key":"SMITH"},{"data":"Juggernaut","floor":23,"key":"SMITH"},{"data":"Combust","floor":25,"key":"SMITH"}],"neow_cost":"NONE","seed_source_timestamp":3565751021353,"circlet_count":0,"master_deck":["AscendersBane","Strike_R","Strike_R","Strike_R","Strike_R","Strike_R","Defend_R","Defend_R","Defend_R","Defend_R","Bash+1","Wild Strike","Headbutt","Spot Weakness","Shrug It Off","Juggernaut+1","Pommel Strike+1","Shrug It Off","Feel No Pain","Cleave","Uppercut+1","Dark Embrace","Metallicize","Anger","Combust+1","Shrug It Off","Seeing Red","Headbutt","Rupture","Flame Barrier","Barricade","Iron Wave"],"relics":["Burning Blood","Red Skull","Bottled Flame","Orrery","MutagenicStrength","Art of War","Regal Pillow"],"potions_floor_usage":[4,7,16,27,28],"damage_taken":[{"damage":6,"enemies":"Cultist","floor":1,"turns":3},{"damage":9,"enemies":"Jaw Worm","floor":2,"turns":3},{"damage":3,"enemies":"2 Louse","floor":3,"turns":3},{"damage":14,"enemies":"Exordium Thugs","floor":4,"turns":4},{"damage":24,"enemies":"Exordium Wildlife","floor":5,"turns":5},{"damage":10,"enemies":"Blue Slaver","floor":7,"turns":4},{"damage":44,"enemies":"Lagavulin","floor":8,"turns":8},{"damage":11,"enemies":"2 Fungi Beasts","floor":13,"turns":3},{"damage":4,"enemies":"Looter","floor":14,"turns":3},{"damage":8,"enemies":"The Guardian","floor":16,"turns":9},{"damage":19,"enemies":"Chosen","floor":18,"turns":5},{"damage":28,"enemies":"Spheric Guardian","floor":22,"turns":6},{"damage":17,"enemies":"Chosen and Byrds","floor":27,"turns":6},{"damage":16,"enemies":"Sentry and Sphere","floor":28,"turns":5},{"damage":18,"enemies":"Snecko","floor":29,"turns":2}],"seed_played":"1949973345652792119","potions_obtained":[{"floor":3,"key":"Fire Potion"},{"floor":4,"key":"Dexterity Potion"},{"floor":5,"key":"Dexterity Potion"},{"floor":14,"key":"Energy Potion"},{"floor":16,"key":"SpeedPotion"},{"floor":22,"key":"Dexterity Potion"}],"is_trial":false,"path_per_floor":["M","M","M","M","M","R","M","E","T","R","$","R","M","M","R","B",null,"M","?","$","?","M","R","?","R","T","M","M","M"],"character_chosen":"IRONCLAD","items_purchased":["Feel No Pain","Rupture","Art of War"],"campfire_rested":1,"item_purchase_floors":[11,20,20],"current_hp_per_floor":[75,72,75,67,49,49,45,7,7,31,31,31,26,28,28,26,68,55,55,55,55,33,33,33,33,33,22,12,0],"gold":149,"neow_bonus":"TEN_PERCENT_HP_BONUS","is_prod":false,"is_daily":false,"chose_seed":false,"campfire_upgraded":5,"win_rate":0,"timestamp":1556344033,"path_taken":["M","?","M","M","M","R","M","E","T","R","$","R","M","M","R","BOSS","M","?","$","?","M","R","?","R","T","M","M","?"],"build_version":"2019-01-23","purchased_purges":0,"victory":false,"max_hp_per_floor":[82,82,82,82,82,82,82,82,82,82,82,82,82,82,82,82,82,82,82,82,82,82,82,82,82,82,82,82,82],"card_choices":[{"not_picked":["Clash","Infernal Blade"],"picked":"Wild Strike","floor":1},{"not_picked":["Bloodletting","Body Slam"],"picked":"Headbutt","floor":2},{"not_picked":["Twin Strike","Flex"],"picked":"Spot Weakness","floor":3},{"not_picked":["Flex","Burning Pact"],"picked":"Shrug It Off","floor":4},{"not_picked":["Power Through","Twin Strike"],"picked":"Juggernaut","floor":5},{"not_picked":["Body Slam","Cleave"],"picked":"Pommel Strike","floor":7},{"not_picked":["Hemokinesis","Cleave"],"picked":"Shrug It Off","floor":8},{"not_picked":["Clash","Havoc"],"picked":"Cleave","floor":13},{"not_picked":["Headbutt","True Grit"],"picked":"Uppercut","floor":14},{"not_picked":["Berserk","Feed"],"picked":"Dark Embrace","floor":16},{"not_picked":["Rupture","Searing Blow"],"picked":"Metallicize","floor":17},{"not_picked":["Body Slam","Carnage"],"picked":"Anger","floor":17},{"not_picked":["Body Slam","Twin Strike"],"picked":"Combust","floor":17},{"not_picked":["Iron Wave","Carnage"],"picked":"Shrug It Off","floor":17},{"not_picked":["True Grit","Thunderclap"],"picked":"Seeing Red","floor":17},{"not_picked":["Clothesline+1","Wild Strike"],"picked":"Headbutt","floor":18},{"not_picked":["Pommel Strike","True Grit"],"picked":"Flame Barrier","floor":22},{"not_picked":["Flame Barrier","Anger"],"picked":"Barricade","floor":27},{"not_picked":["Headbutt","Heavy Blade"],"picked":"Iron Wave","floor":28}],"player_experience":609485,"relics_obtained":[{"floor":8,"key":"Red Skull"},{"floor":9,"key":"Bottled Flame"},{"floor":26,"key":"Regal Pillow"}],"event_choices":[{"damage_healed":0,"gold_gain":0,"player_choice":"Inject Mutagens","damage_taken":0,"relics_obtained":["MutagenicStrength"],"max_hp_gain":0,"max_hp_loss":0,"event_name":"Drug Dealer","floor":19,"gold_loss":0},{"damage_healed":0,"gold_gain":0,"player_choice":"Ignored","damage_taken":0,"max_hp_gain":0,"max_hp_loss":0,"event_name":"Vampires","floor":21,"gold_loss":0},{"damage_healed":0,"gold_gain":50,"player_choice":"Pray","damage_taken":0,"max_hp_gain":0,"max_hp_loss":0,"event_name":"Golden Shrine","floor":24,"gold_loss":0}],"is_beta":false,"boss_relics":[{"not_picked":["Mark of Pain","Coffee Dripper"],"picked":"Orrery"}],"items_purged_floors":[],"is_endless":false,"potions_floor_spawned":[3,4,5,14,16,22],"killed_by":"Snecko","ascension_level":20}