{"gold_per_floor":[115,115,115,133,153,179,191,214,250,296,308,137,152,163,163,268,268,279,294,99,149,163,163,177,227,227,227],"floor_reached":27,"playtime":720,"items_purged":["Strike_B"],"score":248,"play_id":"d57bf446-b931-4c0e-93fa-005e39e1d174","local_time":"20180901194710","is_ascension_mode":true,"campfire_choices":[{"data":"Zap","floor":7,"key":"SMITH"},{"data":"Dualcast","floor":15,"key":"SMITH"},{"data":"Buffer","floor":23,"key":"SMITH"}],"neow_cost":"NONE","seed_source_timestamp":236669478816047,"circlet_count":0,"master_deck":["Defend_B","Defend_B","Defend_B","Defend_B","Zap+1","Dualcast+1","Ball Lightning","Lockon","Steam","Coolheaded","Buffer+1","All For One","Core Surge","Go for the Eyes","Hyperbeam","Beam Cell","White Noise","Writhe","Skim+1","Beam Cell+1"],"relics":["Cracked Core","Dream Catcher","MawBank","Bag of Preparation","Vajra","SsserpentHead","Empty Cage","Strange Spoon","Regal Pillow","Dodecahedron"],"potions_floor_usage":[18],"damage_taken":[{"damage":2,"enemies":"Jaw Worm","floor":1,"turns":3},{"damage":0,"enemies":"Small Slimes","floor":4,"turns":2},{"damage":1,"enemies":"2 Louse","floor":5,"turns":2},{"damage":15,"enemies":"3 Sentries","floor":6,"turns":6},{"damage":1,"enemies":"Exordium Wildlife","floor":8,"turns":3},{"damage":6,"enemies":"Gremlin Nob","floor":10,"turns":4},{"damage":3,"enemies":"Blue Slaver","floor":13,"turns":3},{"damage":3,"enemies":"Exordium Thugs","floor":14,"turns":3},{"damage":11,"enemies":"Slime Boss","floor":16,"turns":7},{"damage":6,"enemies":"3 Byrds","floor":18,"turns":2},{"damage":15,"enemies":"Shell Parasite","floor":19,"turns":3},{"damage":13,"enemies":"Sentry and Sphere","floor":22,"turns":4},{"damage":31,"enemies":"3 Cultists","floor":24,"turns":4},{"damage":45,"enemies":"Gremlin Leader","floor":27,"turns":4}],"seed_played":"8569543764760521298","potions_obtained":[{"floor":1,"key":"SteroidPotion"},{"floor":4,"key":"EssenceOfSteel"},{"floor":5,"key":"Ancient Potion"},{"floor":16,"key":"Explosive Potion"},{"floor":18,"key":"FearPotion"}],"is_trial":false,"path_per_floor":["M","?","?","M","M","E","R","M","T","E","?","$","M","M","R","B",null,"M","M","$","?","M","R","M","?","T"],"character_chosen":"DEFECT","items_purchased":["Core Surge","Strange Spoon"],"campfire_rested":0,"item_purchase_floors":[12,20],"current_hp_per_floor":[73,73,66,66,65,50,50,49,49,43,43,43,40,37,37,26,75,69,54,54,54,41,41,10,35,35,0],"gold":227,"neow_bonus":"RANDOM_COMMON_RELIC","is_prod":false,"is_daily":false,"chose_seed":false,"campfire_upgraded":3,"win_rate":0,"timestamp":1535845630,"path_taken":["M","?","?","?","?","E","R","M","T","E","?","?","M","M","R","BOSS","M","M","$","?","M","R","M","?","T","E"],"build_version":"2018-08-30","purchased_purges":1,"victory":false,"max_hp_per_floor":[75,75,75,75,75,75,75,75,75,75,75,75,75,75,75,75,75,75,75,75,75,75,75,75,75,75,75],"card_choices":[{"not_picked":["Stack","Steam Power"],"picked":"Ball Lightning","floor":1},{"not_picked":["Sweeping Beam","Steam Power"],"picked":"Lockon","floor":4},{"not_picked":["Turbo","Compile Driver"],"picked":"Steam","floor":5},{"not_picked":["Hello World","Reinforced Body"],"picked":"Coolheaded","floor":6},{"not_picked":["Beam Cell","Storm"],"picked":"Buffer","floor":8},{"not_picked":["Defragment","Gash"],"picked":"All For One","floor":10},{"not_picked":["Steam","Blizzard","Hologram"],"picked":"SKIP","floor":13},{"not_picked":["Compile Driver","Scrape"],"picked":"Go for the Eyes","floor":14},{"not_picked":["Electrodynamics","Creative AI"],"picked":"Hyperbeam","floor":16},{"not_picked":["Rebound","Blizzard"],"picked":"Beam Cell","floor":18},{"not_picked":["Go for the Eyes","Streamline"],"picked":"White Noise","floor":19},{"not_picked":["Gash","Hello World+1"],"picked":"Skim+1","floor":22},{"not_picked":["Recycle+1","Leap"],"picked":"Beam Cell+1","floor":24}],"player_experience":886707,"relics_obtained":[{"floor":6,"key":"MawBank"},{"floor":9,"key":"Bag of Preparation"},{"floor":10,"key":"Vajra"},{"floor":26,"key":"Dodecahedron"}],"event_choices":[{"event_name":"Liars Game","player_choice":"disagreed","floor":2,"damage_taken":0},{"event_name":"Golden Wing","player_choice":"Card Removal","floor":3,"damage_taken":0},{"event_name":"FaceTrader","player_choice":"Trade","floor":11,"damage_taken":0},{"event_name":"The Mausoleum","player_choice":"Yes","floor":21,"damage_taken":0},{"event_name":"The Library","player_choice":"Heal","floor":25,"damage_taken":0}],"is_beta":true,"boss_relics":[{"not_picked":["Busted Crown","Pandora\u0027s Box"],"picked":"Empty Cage"}],"items_purged_floors":[12],"is_endless":false,"potions_floor_spawned":[1,4,5,16,18,24],"killed_by":"Gremlin Leader","ascension_level":2}