{"gold_per_floor":[116,116,116,133,12,39,39,55,55,89,89,19,19,34,34,130,130,147,161,11,40,40,40,40,373,398,409,444,460,460,375,375,475,475,490,542,29,48,48,76,76,90,115,115,127,142,17,45,45,45,45,45,45,70,70],"floor_reached":56,"playtime":7557,"items_purged":["Defend_B","Defend_B","Strike_B"],"score":1471,"play_id":"1b360fd3-dae0-46fa-99cd-3b02ed6c68e1","local_time":"20190222194131","is_ascension_mode":true,"campfire_choices":[{"floor":7.0,"key":"REST"},{"data":"Genetic Algorithm","floor":11.0,"key":"SMITH"},{"data":"Zap","floor":13.0,"key":"SMITH"},{"data":"Beam Cell","floor":15.0,"key":"SMITH"},{"data":"Go for the Eyes","floor":23.0,"key":"SMITH"},{"data":"RitualDagger","floor":30.0,"key":"SMITH"},{"data":"Hologram","floor":32.0,"key":"SMITH"},{"data":"Creative AI","floor":41.0,"key":"SMITH"},{"floor":44.0,"key":"REST"},{"floor":49.0,"key":"RECALL"},{"data":"Reinforced Body","floor":52,"key":"SMITH"}],"neow_cost":"PERCENT_DAMAGE","seed_source_timestamp":96841278488931,"circlet_count":0,"master_deck":["Strike_B","Zap+1","Dualcast+1","Chill","Beam Cell+1","Conserve Battery","Genetic Algorithm+1","Undo","Ball Lightning","Core Surge","Steam","Creative AI+1","Reinforced Body+1","Go for the Eyes+1","Ball Lightning+1","RitualDagger+1","Compile Driver","Hologram+1","Thunder Strike","Lockon+1","Coolheaded+1","White Noise+1","Reinforced Body+1","Steam+1"],"special_seed":0,"relics":["Cracked Core","Blood Vial","Anchor","Singing Bowl","Pantograph","Empty Cage","Red Mask","Old Coin","Lantern","Sundial","Gremlin Horn","Inserter","Calipers","Chemical X","Incense Burner","Omamori","Art of War","Letter Opener"],"potions_floor_usage":[50,55],"damage_taken":[{"damage":0.0,"enemies":"Small Slimes","floor":1.0,"turns":3.0},{"damage":5.0,"enemies":"Jaw Worm","floor":4.0,"turns":2.0},{"damage":38.0,"enemies":"Gremlin Nob","floor":6.0,"turns":5.0},{"damage":0.0,"enemies":"Cultist","floor":8.0,"turns":3.0},{"damage":31.0,"enemies":"Lagavulin","floor":10.0,"turns":7.0},{"damage":0.0,"enemies":"Lots of Slimes","floor":14.0,"turns":3.0},{"damage":25.0,"enemies":"Slime Boss","floor":16.0,"turns":10.0},{"damage":22.0,"enemies":"Spheric Guardian","floor":18.0,"turns":4.0},{"damage":0.0,"enemies":"Chosen","floor":19.0,"turns":5.0},{"damage":2.0,"enemies":"Masked Bandits","floor":21.0,"turns":4.0},{"damage":1.0,"enemies":"Slavers","floor":25.0,"turns":5.0},{"damage":2.0,"enemies":"Snecko","floor":27.0,"turns":4.0},{"damage":16.0,"enemies":"Book of Stabbing","floor":28.0,"turns":5.0},{"damage":0.0,"enemies":"Centurion and Healer","floor":29.0,"turns":7.0},{"damage":71.0,"enemies":"Champ","floor":33.0,"turns":10.0},{"damage":25.0,"enemies":"3 Darklings","floor":35.0,"turns":6.0},{"damage":39.0,"enemies":"2 Orb Walkers","floor":36.0,"turns":6.0},{"damage":2.0,"enemies":"3 Shapes","floor":38.0,"turns":5.0},{"damage":0.0,"enemies":"Reptomancer","floor":40.0,"turns":5.0},{"damage":0.0,"enemies":"Sphere and 2 Shapes","floor":42.0,"turns":5.0},{"damage":0.0,"enemies":"Transient","floor":45.0,"turns":5.0},{"damage":9.0,"enemies":"Writhing Mass","floor":46.0,"turns":6.0},{"damage":0.0,"enemies":"Giant Head","floor":48.0,"turns":10.0},{"damage":31,"enemies":"Time Eater","floor":50,"turns":8},{"damage":22,"enemies":"Shield and Spear","floor":54,"turns":13},{"damage":92,"enemies":"The Heart","floor":55,"turns":11}],"seed_played":"-855306737438706680","potions_obtained":[{"floor":1.0,"key":"AttackPotion"},{"floor":14.0,"key":"Strength Potion"},{"floor":16.0,"key":"Regen Potion"},{"floor":19.0,"key":"FearPotion"},{"floor":25.0,"key":"GamblersBrew"},{"floor":28.0,"key":"Poison Potion"},{"floor":29.0,"key":"Dexterity Potion"},{"floor":36.0,"key":"AttackPotion"},{"floor":38.0,"key":"Swift Potion"},{"floor":42.0,"key":"SmokeBomb"},{"floor":48.0,"key":"SkillPotion"}],"is_trial":false,"path_per_floor":["M","?","?","M","$","E","R","M","T","E","R","$","R","M","R","B",null,"M","M","$","?","?","R","?","E","T","M","E","M","R","?","R","B",null,"M","?","$","M","?","E","R","M","T","R","M","M","$","E","R","B",null,"R","$","E","B",null],"character_chosen":"DEFECT","items_purchased":["Conserve Battery","Core Surge","Go for the Eyes","Chemical X","Incense Burner"],"campfire_rested":2,"item_purchase_floors":[5,12,20,37,37],"current_hp_per_floor":[68,50,50,47,47,11,37,39,39,10,10,10,10,12,12,14,89,67,71,71,71,71,71,65,80,80,82,70,72,72,72,72,24,95,70,33,33,35,35,37,37,39,39,68,72,67,67,71,71,67,103,103,103,81,11],"gold":70,"neow_bonus":"TWENTY_PERCENT_HP_BONUS","is_prod":false,"is_daily":false,"chose_seed":false,"campfire_upgraded":8,"win_rate":0,"timestamp":1550893291,"path_taken":["M","?","?","?","?","E","R","M","T","E","R","$","R","M","R","BOSS","M","M","$","?","?","R","?","E","T","M","E","M","R","?","R","BOSS","M","?","$","M","?","E","R","M","T","R","M","M","?","E","R","BOSS","R","$","E","BOSS"],"build_version":"2019-01-23","purchased_purges":3,"victory":true,"max_hp_per_floor":[89,89,89,89,89,89,89,89,89,89,89,89,89,89,89,89,89,89,91,91,91,91,91,91,91,91,93,95,95,95,95,95,95,95,95,95,95,97,97,97,97,97,97,97,99,101,101,103,103,103,103,103,103,103,103],"card_choices":[{"not_picked":["Cold Snap","Leap"],"picked":"Chill","floor":1.0},{"not_picked":["Amplify","Compile Driver"],"picked":"Beam Cell","floor":4.0},{"not_picked":["Gash","Stack"],"picked":"Genetic Algorithm","floor":6.0},{"not_picked":["Rebound","Conserve Battery"],"picked":"Undo","floor":8.0},{"not_picked":["Self Repair","Steam"],"picked":"Ball Lightning","floor":10.0},{"not_picked":["Sweeping Beam","Turbo"],"picked":"Steam","floor":14.0},{"not_picked":["Rainbow","Core Surge"],"picked":"Creative AI","floor":16.0},{"not_picked":["Consume","Ball Lightning"],"picked":"Reinforced Body+1","floor":18.0},{"not_picked":["Hologram","Rebound","Static Discharge"],"picked":"Singing Bowl","floor":19.0},{"not_picked":["Streamline","Hello World+1"],"picked":"Ball Lightning+1","floor":21.0},{"not_picked":["Storm","Rebound"],"picked":"Compile Driver","floor":25.0},{"not_picked":["Heatsinks","Sweeping Beam","Storm"],"picked":"Singing Bowl","floor":27.0},{"not_picked":["Go for the Eyes","Storm","Stack"],"picked":"Singing Bowl","floor":28.0},{"not_picked":["Melter","Static Discharge"],"picked":"Hologram","floor":29.0},{"not_picked":["Rainbow","Core Surge"],"picked":"Thunder Strike","floor":33.0},{"not_picked":["Beam Cell+1","Gash+1"],"picked":"Lockon+1","floor":35.0},{"not_picked":["Rebound+1","Redo+1"],"picked":"Coolheaded+1","floor":36.0},{"not_picked":["Scrape+1","Rainbow","Redo"],"picked":"Singing Bowl","floor":38.0},{"not_picked":["Leap+1","Steam"],"picked":"White Noise+1","floor":40.0},{"not_picked":["Conserve Battery+1","Barrage+1"],"picked":"Reinforced Body","floor":42.0},{"not_picked":["Undo","Stack","Turbo"],"picked":"Singing Bowl","floor":45.0},{"not_picked":["Coolheaded+1","Sweeping Beam+1","Capacitor+1"],"picked":"Singing Bowl","floor":46.0},{"not_picked":["Turbo","Redo+1","Ball Lightning+1"],"picked":"Singing Bowl","floor":48.0},{"not_picked":["Fission","Electrodynamics"],"picked":"Steam+1","floor":54}],"player_experience":496013,"relics_obtained":[{"floor":6.0,"key":"Anchor"},{"floor":9.0,"key":"Singing Bowl"},{"floor":10.0,"key":"Pantograph"},{"floor":21.0,"key":"Red Mask"},{"floor":25.0,"key":"Old Coin"},{"floor":26.0,"key":"Lantern"},{"floor":28.0,"key":"Sundial"},{"floor":36.0,"key":"Calipers"},{"floor":40.0,"key":"Omamori"},{"floor":48.0,"key":"Art of War"},{"floor":54,"key":"Letter Opener"}],"event_choices":[{"damage_healed":0.0,"max_hp_gain":0.0,"max_hp_loss":0.0,"gold_gain":0.0,"event_name":"Shining Light","player_choice":"Entered Light","floor":2.0,"gold_loss":0.0,"damage_taken":18.0,"cards_upgraded":["Dualcast","Strike_B"]},{"damage_healed":0.0,"max_hp_gain":0.0,"max_hp_loss":0.0,"gold_gain":0.0,"event_name":"WeMeetAgain","player_choice":"Gave Potion","floor":3.0,"gold_loss":0.0,"damage_taken":0.0,"relics_obtained":["Blood Vial"]},{"damage_healed":0.0,"max_hp_gain":0.0,"max_hp_loss":0.0,"gold_gain":0.0,"event_name":"Masked Bandits","player_choice":"Fought Bandits","floor":21.0,"gold_loss":0.0,"damage_taken":0.0},{"cards_removed":["Defend_B"],"damage_healed":0.0,"max_hp_gain":0.0,"max_hp_loss":0.0,"gold_gain":0.0,"event_name":"Back to Basics","player_choice":"Elegance","floor":22.0,"gold_loss":0.0,"damage_taken":0.0},{"damage_healed":0.0,"max_hp_gain":0.0,"max_hp_loss":0.0,"gold_gain":0.0,"event_name":"Nest","player_choice":"Joined the Cult","floor":24.0,"gold_loss":0.0,"damage_taken":6.0,"cards_obtained":["RitualDagger"]},{"damage_healed":0.0,"max_hp_gain":0.0,"max_hp_loss":0.0,"gold_gain":0.0,"event_name":"Addict","player_choice":"Obtained Relic","floor":31.0,"gold_loss":85.0,"damage_taken":0.0,"relics_obtained":["Gremlin Horn"]},{"damage_healed":0.0,"max_hp_gain":0.0,"max_hp_loss":0.0,"gold_gain":0.0,"event_name":"Mysterious Sphere","player_choice":"Fight","floor":36.0,"gold_loss":0.0,"damage_taken":0.0},{"cards_removed":["Strike_B"],"damage_healed":0.0,"max_hp_gain":0.0,"max_hp_loss":0.0,"gold_gain":0.0,"event_name":"Falling","player_choice":"Removed Attack","floor":39.0,"gold_loss":0.0,"damage_taken":0.0}],"is_beta":false,"boss_relics":[{"not_picked":["Runic Dome","Black Star"],"picked":"Empty Cage"},{"not_picked":["Cursed Key","Tiny House"],"picked":"Inserter"}],"items_purged_floors":[5,20,47],"is_endless":false,"potions_floor_spawned":[1,14,16,19,25,28,29,36,38,42,48],"ascension_level":4}