{"gold_per_floor":[118,132,132,142,67,67,67,83,110,125,125,125,125,138,138,261,261,286,300,200,200,223,223],"floor_reached":23,"playtime":753,"items_purged":["Strike_G","Strike_G"],"score":238,"play_id":"7c27eef0-5bc8-4e8d-883b-0db02c2376b8","local_time":"20180906194908","is_ascension_mode":true,"campfire_choices":[{"data":"Bane","floor":6,"key":"SMITH"},{"data":"Deadly Poison","floor":11,"key":"SMITH"},{"floor":15,"key":"REST"}],"neow_cost":"NONE","seed_source_timestamp":668753815285864,"circlet_count":0,"master_deck":["Defend_G","Defend_G","Defend_G","Defend_G","Defend_G","Strike_G","Strike_G","Strike_G","Survivor","Neutralize+1","Poisoned Stab","Bane+1","Deadly Poison+1","Leg Sweep","Well Laid Plans","Riddle With Holes","Die Die Die","Escape Plan+1","Noxious Fumes","Dagger Spray+1"],"relics":["Philosopher\u0027s Stone","Omamori","Golden Idol","Boot","Thread and Needle","Black Star"],"potions_floor_usage":[10,14,16],"damage_taken":[{"damage":4,"enemies":"Cultist","floor":1,"turns":4},{"damage":3,"enemies":"Small Slimes","floor":2,"turns":4},{"damage":0,"enemies":"Jaw Worm","floor":4,"turns":3},{"damage":13,"enemies":"Large Slime","floor":8,"turns":6},{"damage":7,"enemies":"3 Louse","floor":10,"turns":3},{"damage":0,"enemies":"Exordium Wildlife","floor":14,"turns":5},{"damage":26,"enemies":"The Guardian","floor":16,"turns":10},{"damage":9,"enemies":"2 Thieves","floor":18,"turns":4},{"damage":3,"enemies":"Chosen","floor":19,"turns":3},{"damage":41,"enemies":"Shelled Parasite and Fungi","floor":22,"turns":5},{"damage":22,"enemies":"Book of Stabbing","floor":23,"turns":5}],"seed_played":"5428323959340746287","potions_obtained":[{"floor":2,"key":"Block Potion"},{"floor":4,"key":"Fire Potion"},{"floor":8,"key":"Poison Potion"},{"floor":16,"key":"FearPotion"},{"floor":18,"key":"SteroidPotion"},{"floor":19,"key":"Ancient Potion"}],"is_trial":false,"path_per_floor":["M","M","?","M","$","R","?","M","T","M","R","?","T","M","R","B",null,"M","M","$","?","M"],"character_chosen":"THE_SILENT","items_purchased":[],"campfire_rested":1,"item_purchase_floors":[],"current_hp_per_floor":[59,56,38,38,38,38,38,25,25,18,18,18,18,18,37,11,52,43,40,40,61,20,0],"gold":223,"neow_bonus":"BOSS_RELIC","is_prod":false,"is_daily":false,"chose_seed":false,"campfire_upgraded":2,"win_rate":0,"timestamp":1536277748,"path_taken":["M","?","?","M","$","R","?","M","T","?","R","?","?","M","R","BOSS","M","M","$","?","M","E"],"build_version":"2018-09-05","purchased_purges":2,"victory":false,"max_hp_per_floor":[70,70,70,70,70,70,65,65,65,65,65,65,65,65,65,65,65,65,65,65,65,65,65],"card_choices":[{"not_picked":["Prepared","Concentrate"],"picked":"Poisoned Stab","floor":1},{"not_picked":["Quick Slash","Infinite Blades"],"picked":"Bane","floor":2},{"not_picked":["Grand Finale","Heel Hook"],"picked":"Deadly Poison","floor":4},{"not_picked":["Flying Knee","Cloak And Dagger"],"picked":"Leg Sweep","floor":8},{"not_picked":["Sucker Punch","Choke"],"picked":"Well Laid Plans","floor":10},{"not_picked":["Acrobatics","Dodge and Roll"],"picked":"Riddle With Holes","floor":14},{"not_picked":["Storm of Steel","Venomology"],"picked":"Die Die Die","floor":16},{"not_picked":["Well Laid Plans","Underhanded Strike"],"picked":"Escape Plan+1","floor":18},{"not_picked":["Outmaneuver","Dodge and Roll"],"picked":"Noxious Fumes","floor":19},{"not_picked":["Dodge and Roll","Dash+1"],"picked":"Dagger Spray+1","floor":22}],"player_experience":893408,"relics_obtained":[{"floor":9,"key":"Boot"},{"floor":13,"key":"Thread and Needle"}],"event_choices":[{"event_name":"Scrap Ooze","player_choice":"success","floor":3,"damage_taken":18},{"event_name":"Golden Idol","player_choice":"Lose Max HP","floor":7,"damage_taken":0},{"event_name":"Living Wall","player_choice":"Grow","floor":12,"damage_taken":0},{"event_name":"The Library","player_choice":"Heal","floor":21,"damage_taken":0}],"is_beta":true,"boss_relics":[{"not_picked":["WristBlade","Coffee Dripper"],"picked":"Black Star"}],"items_purged_floors":[5,20],"is_endless":false,"potions_floor_spawned":[2,4,8,16,18,19],"killed_by":"Book of Stabbing","ascension_level":6}