{"gold_per_floor":[114,114,134,144,162,189,189,224,303,140,205,205,217,166,166,263,263,282,282,372,384,404,404,329,356,356,356,369,386,406,417,417,515,515,532,545,565,575,575,575,601,601,601,601,701,555,566,585,585,585],"floor_reached":51,"playtime":6930,"items_purged":["Defend_R","Defend_R"],"score":686,"play_id":"6bd86cb0-285d-42f8-a6d1-702e44a7b598","local_time":"20190124170511","is_ascension_mode":false,"campfire_choices":[{"floor":7.0,"key":"REST"},{"floor":15.0,"key":"REST"},{"floor":23.0,"key":"REST"},{"floor":27.0,"key":"REST"},{"floor":32.0,"key":"REST"},{"floor":40.0,"key":"REST"},{"floor":42.0,"key":"REST"},{"data":"Searing Blow+1","floor":44.0,"key":"SMITH"},{"data":"Rage","floor":49,"key":"SMITH"}],"neow_cost":"","seed_source_timestamp":0,"circlet_count":0,"master_deck":["Strike_R+1","Strike_R","Strike_R+1","Strike_R","Strike_R","Defend_R","Bash","Rage","Battle Trance","Anger","Rage+1","Second Wind","Warcry","Thunderclap","Dropkick+1","Body Slam+1","Bloodletting","Body Slam+1","Iron Wave+1","Shrug It Off","Shrug It Off","Reaper+1","Infernal Blade","J.A.X.","PanicButton","Flame Barrier","Cleave+1","Pommel Strike+1","Searing Blow+2","Hemokinesis+1","Pommel Strike+1","Inflame+1","Metallicize+1","Rupture+1","Anger+1","Barricade+1","Thunderclap+1","Clothesline+1","Carnage+1","Cleave+1","Clothesline+1","Iron Wave+1","Warcry+1","Ghostly Armor","Shrug It Off","Rage+1","Seeing Red+1"],"special_seed":0,"relics":["Burning Blood","Dream Catcher","StoneCalendar","Molten Egg 2","Blood Vial","Velvet Choker","Unceasing Top","Frozen Egg 2","Black Star","Pantograph","Mango","Meat on the Bone","Bird Faced Urn"],"potions_floor_usage":[50,50],"damage_taken":[{"damage":5.0,"enemies":"Small Slimes","floor":1.0,"turns":3.0},{"damage":0.0,"enemies":"Cultist","floor":3.0,"turns":3.0},{"damage":7.0,"enemies":"Jaw Worm","floor":4.0,"turns":3.0},{"damage":23.0,"enemies":"Large Slime","floor":5.0,"turns":8.0},{"damage":38.0,"enemies":"3 Sentries","floor":6.0,"turns":9.0},{"damage":24.0,"enemies":"Gremlin Nob","floor":8.0,"turns":5.0},{"damage":13.0,"enemies":"3 Sentries","floor":11.0,"turns":7.0},{"damage":0.0,"enemies":"3 Louse","floor":13.0,"turns":2.0},{"damage":37.0,"enemies":"The Guardian","floor":16.0,"turns":7.0},{"damage":25.0,"enemies":"Spheric Guardian","floor":18.0,"turns":6.0},{"damage":12.0,"enemies":"3 Byrds","floor":21.0,"turns":6.0},{"damage":11.0,"enemies":"Centurion and Healer","floor":22.0,"turns":7.0},{"damage":30.0,"enemies":"Slavers","floor":25.0,"turns":4.0},{"damage":0.0,"enemies":"Snake Plant","floor":28.0,"turns":2.0},{"damage":5.0,"enemies":"Snecko","floor":29.0,"turns":4.0},{"damage":22.0,"enemies":"Centurion and Healer","floor":30.0,"turns":4.0},{"damage":24.0,"enemies":"Snake Plant","floor":31.0,"turns":5.0},{"damage":46.0,"enemies":"Champ","floor":33.0,"turns":9.0},{"damage":10.0,"enemies":"Orb Walker","floor":35.0,"turns":3.0},{"damage":26.0,"enemies":"3 Darklings","floor":36.0,"turns":5.0},{"damage":39.0,"enemies":"Jaw Worm Horde","floor":37.0,"turns":5.0},{"damage":21.0,"enemies":"4 Shapes","floor":38.0,"turns":4.0},{"damage":18.0,"enemies":"Nemesis","floor":41.0,"turns":7.0},{"damage":25.0,"enemies":"Mind Bloom Boss Battle","floor":45.0,"turns":7.0},{"damage":34.0,"enemies":"3 Darklings","floor":47.0,"turns":4.0},{"damage":28.0,"enemies":"Jaw Worm Horde","floor":48.0,"turns":3.0},{"damage":106,"enemies":"Awakened One","floor":50,"turns":12}],"seed_played":"3470131031060472702","potions_obtained":[{"floor":1.0,"key":"EssenceOfSteel"},{"floor":4.0,"key":"Explosive Potion"},{"floor":8.0,"key":"FearPotion"},{"floor":13.0,"key":"Ancient Potion"},{"floor":16.0,"key":"SpeedPotion"},{"floor":18.0,"key":"Weak Potion"},{"floor":30.0,"key":"Strength Potion"},{"floor":33.0,"key":"SkillPotion"},{"floor":36.0,"key":"Weak Potion"},{"floor":37.0,"key":"FairyPotion"}],"is_trial":false,"path_per_floor":["M","?","M","M","M","E","R","E","T","$","?","?","M","$","R","B",null,"M","?","?","M","M","R","$","E","T","R","M","M","M","M","R","B",null,"M","M","M","M","?","R","E","R","T","R","?","$","M","M","R","B",null],"character_chosen":"IRONCLAD","items_purchased":["Dropkick+1","Body Slam+1","Bloodletting","Shrug It Off","Shrug It Off"],"campfire_rested":7,"item_purchase_floors":[10,10,10,14,46],"current_hp_per_floor":[80,80,80,79,62,30,54,36,36,36,29,13,21,21,45,16,80,61,61,29,34,45,69,69,56,56,80,80,80,64,55,79,45,80,80,60,29,26,26,50,54,82,82,82,75,75,55,69,69,26],"gold":585,"neow_bonus":"","is_prod":false,"is_daily":false,"chose_seed":false,"campfire_upgraded":2,"win_rate":0.0,"timestamp":1548345911,"path_taken":["M","?","M","M","M","E","R","E","T","?","?","?","M","$","R","BOSS","M","?","?","?","M","R","$","E","T","R","M","M","M","M","R","BOSS","M","M","?","M","?","R","E","R","T","R","?","$","M","M","R","BOSS"],"build_version":"2019-01-23","purchased_purges":2,"victory":true,"max_hp_per_floor":[80,80,80,80,80,80,80,80,80,80,80,80,80,80,80,80,80,80,80,80,80,80,80,80,80,80,80,80,80,80,80,80,80,80,80,80,80,80,80,80,94,94,94,94,94,94,94,94,94,94],"card_choices":[{"not_picked":["Burning Pact","True Grit"],"picked":"Rage","floor":1.0},{"not_picked":["Sword Boomerang","Rage"],"picked":"Battle Trance","floor":3.0},{"not_picked":["Battle Trance","Sword Boomerang"],"picked":"Anger","floor":4.0},{"not_picked":["Pummel","Iron Wave"],"picked":"Rage","floor":5.0},{"not_picked":["Cleave","Perfected Strike"],"picked":"Second Wind","floor":6.0},{"not_picked":["Clash","Flex"],"picked":"Warcry","floor":7.0},{"not_picked":["Dual Wield","Bludgeon"],"picked":"Thunderclap","floor":8.0},{"not_picked":["Whirlwind+1","Sword Boomerang+1"],"picked":"Body Slam+1","floor":11.0},{"not_picked":["Flex","Perfected Strike+1"],"picked":"Iron Wave+1","floor":13.0},{"not_picked":["Sword Boomerang+1","Flex"],"picked":"Shrug It Off","floor":15.0},{"not_picked":["Barricade","Fiend Fire+1"],"picked":"Reaper+1","floor":16.0},{"not_picked":["Armaments","Clash+1"],"picked":"Infernal Blade","floor":18.0},{"not_picked":["Thunderclap+1","Sword Boomerang+1"],"picked":"Flame Barrier","floor":21.0},{"not_picked":["Rampage+1","Sword Boomerang+1"],"picked":"Cleave+1","floor":22.0},{"not_picked":["Demon Form","Feel No Pain"],"picked":"Pommel Strike+1","floor":23.0},{"not_picked":["Armaments","Combust"],"picked":"Searing Blow+1","floor":25.0},{"not_picked":["Inflame+1","Seeing Red+1"],"picked":"Hemokinesis+1","floor":27.0},{"not_picked":["Shrug It Off","Anger+1"],"picked":"Pommel Strike+1","floor":28.0},{"not_picked":["Burning Pact","Sword Boomerang+1"],"picked":"Inflame+1","floor":29.0},{"not_picked":["Clash+1","True Grit"],"picked":"Metallicize+1","floor":30.0},{"not_picked":["Pommel Strike+1","Intimidate"],"picked":"Rupture+1","floor":31.0},{"not_picked":["Seeing Red+1","Dual Wield"],"picked":"Anger+1","floor":32.0},{"not_picked":["Dark Embrace+1","Brutality+1"],"picked":"Barricade+1","floor":33.0},{"not_picked":["Perfected Strike+1","Metallicize+1"],"picked":"Thunderclap+1","floor":35.0},{"not_picked":["Second Wind+1","Fire Breathing+1"],"picked":"Clothesline+1","floor":36.0},{"not_picked":["Reckless Charge+1","Disarm"],"picked":"Carnage+1","floor":37.0},{"not_picked":["Sever Soul+1","Dropkick+1"],"picked":"Cleave+1","floor":38.0},{"not_picked":["Inflame+1","Intimidate+1"],"picked":"Clothesline+1","floor":40.0},{"not_picked":["Whirlwind+1","Warcry+1"],"picked":"Iron Wave+1","floor":41.0},{"not_picked":["Fire Breathing+1","Dropkick+1"],"picked":"Warcry+1","floor":42.0},{"not_picked":["Flex","Entrench"],"picked":"Ghostly Armor","floor":45.0},{"not_picked":["Combust+1","Pommel Strike+1"],"picked":"Rage+1","floor":47.0},{"not_picked":["Rage+1","Iron Wave+1"],"picked":"Seeing Red+1","floor":48}],"player_experience":0,"relics_obtained":[{"floor":6.0,"key":"Dream Catcher"},{"floor":8.0,"key":"StoneCalendar"},{"floor":9.0,"key":"Molten Egg 2"},{"floor":11.0,"key":"Blood Vial"},{"floor":25.0,"key":"Unceasing Top"},{"floor":26.0,"key":"Frozen Egg 2"},{"floor":41.0,"key":"Pantograph"},{"floor":41.0,"key":"Mango"},{"floor":43.0,"key":"Meat on the Bone"},{"floor":45.0,"key":"Bird Faced Urn"}],"event_choices":[{"damage_healed":0.0,"max_hp_gain":0.0,"max_hp_loss":0.0,"gold_gain":0.0,"event_name":"WeMeetAgain","player_choice":"Ignored","floor":2.0,"gold_loss":0.0,"damage_taken":0.0},{"damage_healed":0.0,"max_hp_gain":0.0,"max_hp_loss":0.0,"gold_gain":0.0,"event_name":"Dead Adventurer","player_choice":"Searched \u00271\u0027 times","floor":11.0,"gold_loss":0.0,"damage_taken":0.0},{"damage_healed":0.0,"max_hp_gain":0.0,"max_hp_loss":0.0,"gold_gain":0.0,"event_name":"Shining Light","player_choice":"Entered Light","floor":12.0,"gold_loss":0.0,"damage_taken":16.0,"cards_upgraded":["Strike_R","Strike_R"]},{"damage_healed":0.0,"max_hp_gain":0.0,"max_hp_loss":0.0,"gold_gain":0.0,"event_name":"Drug Dealer","player_choice":"Obtain J.A.X.","floor":19.0,"gold_loss":0.0,"damage_taken":0.0,"cards_obtained":["J.A.X."]},{"damage_healed":0.0,"max_hp_gain":0.0,"max_hp_loss":0.0,"gold_gain":90.0,"event_name":"Knowing Skull","player_choice":"POTION CARD GOLD ","floor":20.0,"potions_obtained":["Ancient Potion"],"gold_loss":0.0,"damage_taken":32.0,"cards_obtained":["PanicButton"]},{"cards_removed":["Defend_R"],"damage_healed":0.0,"max_hp_gain":0.0,"max_hp_loss":0.0,"gold_gain":0.0,"event_name":"Falling","player_choice":"Removed Skill","floor":39.0,"gold_loss":0.0,"damage_taken":0.0},{"damage_healed":0.0,"max_hp_gain":0.0,"max_hp_loss":0.0,"gold_gain":0.0,"event_name":"MindBloom","player_choice":"Fight","floor":45.0,"gold_loss":0.0,"damage_taken":0.0}],"is_beta":false,"boss_relics":[{"not_picked":["Busted Crown","Lizard Tail"],"picked":"Velvet Choker"},{"not_picked":["Cursed Key","Coffee Dripper"],"picked":"Black Star"}],"items_purged_floors":[24,46],"is_endless":false,"potions_floor_spawned":[1,4,8,13,16,18,25,30,33,36,37,41],"ascension_level":0}