{"path_per_floor":["M","?","?","?","?","R","M","E","T","R","M","R","?","M","R","B",null,"M","?","M","M","M","R","E","R","T","M","M","M","R","M","R","B",null,"M","$","M","?","M","R","E","R","T","M","M","?","$","M","R"],"character_chosen":"DEFECT","items_purchased":["Toxic Egg 2","Bandage Up+1","Meat on the Bone"],"gold_per_floor":[114,114,189,139,139,139,150,176,176,176,192,192,292,308,308,407,407,419,419,438,455,468,468,500,500,500,512,527,540,540,560,560,662,662,680,364,375,375,385,385,413,413,413,433,448,448,14,25,25,25],"floor_reached":50,"campfire_rested":1,"playtime":2205,"item_purchase_floors":[36,47,47],"current_hp_per_floor":[73,73,62,62,47,47,47,35,35,35,35,35,35,35,35,16,75,73,73,69,48,43,43,21,21,21,25,39,46,46,47,47,39,75,74,74,49,49,45,45,42,42,42,34,44,35,35,23,45,0],"items_purged":["Strike_B","Defend_B"],"gold":25,"score":521,"play_id":"a6b31705-c007-4ece-b879-c8551fab5b95","local_time":"20180601024132","is_prod":false,"is_daily":false,"chose_seed":false,"is_ascension_mode":true,"campfire_upgraded":10,"win_rate":0,"timestamp":1527835292,"campfire_choices":[{"data":"Dualcast","floor":6,"key":"SMITH"},{"data":"Glacier","floor":10,"key":"SMITH"},{"data":"Go for the Eyes","floor":12,"key":"SMITH"},{"data":"Capacitor","floor":15,"key":"SMITH"},{"data":"Buffer","floor":23,"key":"SMITH"},{"data":"Buffer","floor":25,"key":"SMITH"},{"data":"Defragment","floor":30,"key":"SMITH"},{"data":"Redo","floor":32,"key":"SMITH"},{"data":"Rainbow","floor":40,"key":"SMITH"},{"data":"Self Repair","floor":42,"key":"SMITH"},{"floor":49,"key":"REST"}],"path_taken":["M","?","?","?","?","R","M","E","T","R","?","R","?","M","R","BOSS","M","?","M","?","M","R","E","R","T","M","M","M","R","M","R","BOSS","M","$","?","?","?","R","E","R","T","M","M","?","$","M","R","BOSS"],"build_version":"2018-05-31","seed_source_timestamp":107327160985135,"purchased_purges":2,"victory":false,"master_deck":["Strike_B+1","Defend_B","Defend_B","Defend_B","Zap+1","Dualcast+1","Go for the Eyes+1","Beam Cell","Glacier+1","Coolheaded","Capacitor+1","Buffer+1","Redo+1","Doom and Gloom","Buffer+1","White Noise","Self Repair+1","Defragment+1","Rip and Tear+1","Rainbow+1","Cold Snap","Skim+1","Storm+1","Machine Learning","Madness+1","Madness+1","Bandage Up+1","Barrage+1"],"max_hp_per_floor":[75,75,75,75,75,75,75,75,75,75,75,75,75,75,75,75,75,75,75,75,75,75,75,75,75,75,75,75,75,75,75,75,75,75,75,75,75,75,75,75,75,75,75,75,75,75,75,75,75,75],"relics":["Cracked Core","Oddly Smooth Stone","Pen Nib","Mummified Hand","Philosopher\u0027s Stone","Ginger","Darkstone Periapt","Cursed Key","Toxic Egg 2","Potion Belt","Meat on the Bone"],"card_choices":[{"not_picked":["Streamline","Leap"],"picked":"Go for the Eyes","floor":1},{"not_picked":["Stack","Hello World"],"picked":"Beam Cell","floor":7},{"not_picked":["Storm","Conserve Battery"],"picked":"Glacier","floor":8},{"not_picked":["Fusion","Recycle"],"picked":"Coolheaded","floor":11},{"not_picked":["Barrage","Conserve Battery"],"picked":"Capacitor","floor":14},{"not_picked":["Thunder Strike","Seek"],"picked":"Buffer","floor":16},{"not_picked":["Darkness","Turbo"],"picked":"Redo","floor":18},{"not_picked":["Conserve Battery","Go for the Eyes+1"],"picked":"Doom and Gloom","floor":20},{"not_picked":["Compile Driver","Go for the Eyes"],"picked":"Buffer","floor":21},{"not_picked":["Go for the Eyes","Redo"],"picked":"White Noise","floor":22},{"not_picked":["Steam Power","Amplify"],"picked":"Self Repair","floor":24},{"not_picked":["Leap+1","Reprogram"],"picked":"Defragment","floor":27},{"not_picked":["Lockon","Leap+1","Barrage"],"picked":"SKIP","floor":28},{"not_picked":["Reprogram","Barrage","Skim"],"picked":"SKIP","floor":29},{"not_picked":["FTL+1","Tempest"],"picked":"Rip and Tear+1","floor":31},{"not_picked":["All For One","Core Surge"],"picked":"Rainbow","floor":33},{"not_picked":["Gash","Rebound"],"picked":"Cold Snap","floor":35},{"not_picked":["Cold Snap","Turbo+1","Capacitor"],"picked":"SKIP","floor":37},{"not_picked":["Coolheaded+1","Compile Driver"],"picked":"Skim+1","floor":39},{"not_picked":["Beam Cell","Streamline+1"],"picked":"Storm+1","floor":41},{"not_picked":["Rebound+1","Stack+1","Reprogram+1"],"picked":"SKIP","floor":44},{"not_picked":["Loop","Redo+1"],"picked":"Machine Learning","floor":45},{"not_picked":["Leap+1","Sweeping Beam"],"picked":"Barrage+1","floor":48}],"player_experience":536305,"potions_floor_usage":[18,33,41,45,48,50,50],"damage_taken":[{"damage":2,"enemies":"Small Slimes","floor":1,"turns":3},{"damage":0,"enemies":"Cultist","floor":7,"turns":3},{"damage":12,"enemies":"3 Sentries","floor":8,"turns":9},{"damage":0,"enemies":"2 Louse","floor":11,"turns":2},{"damage":0,"enemies":"Large Slime","floor":14,"turns":4},{"damage":19,"enemies":"Hexaghost","floor":16,"turns":12},{"damage":2,"enemies":"Shell Parasite","floor":18,"turns":8},{"damage":4,"enemies":"Spheric Guardian","floor":20,"turns":6},{"damage":21,"enemies":"Snake Plant","floor":21,"turns":5},{"damage":5,"enemies":"Centurion and Healer","floor":22,"turns":8},{"damage":22,"enemies":"Gremlin Leader","floor":24,"turns":10},{"damage":3,"enemies":"Cultist and Chosen","floor":27,"turns":6},{"damage":0,"enemies":"Snecko","floor":28,"turns":6},{"damage":0,"enemies":"Centurion and Healer","floor":29,"turns":11},{"damage":6,"enemies":"Snake Plant","floor":31,"turns":6},{"damage":15,"enemies":"Collector","floor":33,"turns":13},{"damage":8,"enemies":"3 Shapes","floor":35,"turns":6},{"damage":32,"enemies":"3 Darklings","floor":37,"turns":6},{"damage":11,"enemies":"Sphere and 2 Shapes","floor":39,"turns":5},{"damage":10,"enemies":"Nemesis","floor":41,"turns":7},{"damage":18,"enemies":"4 Shapes","floor":44,"turns":4},{"damage":0,"enemies":"3 Darklings","floor":45,"turns":5},{"damage":30,"enemies":"Sphere and 2 Shapes","floor":48,"turns":4},{"damage":57,"enemies":"Donu and Deca","floor":50,"turns":6}],"relics_obtained":[{"floor":8,"key":"Pen Nib"},{"floor":9,"key":"Mummified Hand"},{"floor":24,"key":"Ginger"},{"floor":26,"key":"Darkstone Periapt"},{"floor":41,"key":"Potion Belt"}],"event_choices":[{"event_name":"Wheel of Change","player_choice":"Curse","floor":2,"damage_taken":0},{"event_name":"World of Goop","player_choice":"Gather Gold","floor":3,"damage_taken":0},{"event_name":"The Cleric","player_choice":"Card Removal","floor":4,"damage_taken":0},{"event_name":"Shining Light","player_choice":"Entered Light","floor":5,"damage_taken":0},{"event_name":"Golden Shrine","player_choice":"Pray","floor":13,"damage_taken":0},{"event_name":"Back to Basics","player_choice":"Elegance","floor":19,"damage_taken":0},{"event_name":"Winding Halls","player_choice":"Embrace Madness","floor":46,"damage_taken":0}],"boss_relics":[{"not_picked":["Runic Dome","Eternal Feather"],"picked":"Philosopher\u0027s Stone"},{"not_picked":["Runic Pyramid","Snecko Eye"],"picked":"Cursed Key"}],"items_purged_floors":[36,47],"potions_floor_spawned":[8,14,16,20,22,28,31,33,39,44,45,48],"seed_played":"-2719384867138027983","killed_by":"Donu and Deca","ascension_level":1,"potions_obtained":[{"floor":8,"key":"Energy Potion"},{"floor":14,"key":"Dexterity Potion"},{"floor":16,"key":"Explosive Potion"},{"floor":20,"key":"SpeedPotion"},{"floor":31,"key":"Fire Potion"},{"floor":33,"key":"Poison Potion"},{"floor":39,"key":"SkillPotion"},{"floor":44,"key":"LiquidBronze"},{"floor":45,"key":"Poison Potion"},{"floor":48,"key":"Block Potion"}],"is_trial":false}