{"gold_per_floor":[115,115,129,129,129,129,163,173,199,225,225,225,225,80,80,176,176,188,88,0,0,19,19,35,47,71,71,89,89,89,89,89,187,187,197,211,264,114,114,114,141,141,141,0,0,17,33,52,52,52],"floor_reached":51,"playtime":1507,"items_purged":["Strike_R","Juggernaut+1"],"score":1002,"play_id":"a405425d-5137-4b5e-9b46-5644ed3ffdc8","local_time":"20180918002354","is_ascension_mode":true,"campfire_choices":[{"data":"Clash","floor":6,"key":"SMITH"},{"data":"Anger","floor":11,"key":"SMITH"},{"data":"Cleave","floor":13,"key":"SMITH"},{"data":"Inflame","floor":15,"key":"SMITH"},{"data":"Limit Break","floor":23,"key":"SMITH"},{"data":"Feel No Pain","floor":27,"key":"SMITH"},{"data":"Dual Wield","floor":30,"key":"SMITH"},{"floor":32,"key":"REST"},{"data":"Pummel","floor":40,"key":"SMITH"},{"data":"Defend_R","floor":42,"key":"SMITH"},{"data":"Reaper","floor":49,"key":"SMITH"}],"neow_cost":"NONE","seed_source_timestamp":434630767752866,"circlet_count":0,"master_deck":["Strike_R+1","Strike_R+1","Strike_R+1","Defend_R+1","Bash+1","Clash+1","Cleave+1","Anger+1","Inflame+1","Limit Break+1","Carnage+1","Havoc+1","Pummel+1","Feel No Pain+1","Dual Wield+1","Flex+1","True Grit+1","Reaper+1","Shrug It Off+1"],"relics":["Burning Blood","FaceOfCleric","Whetstone","PreservedInsect","Charon\u0027s Ashes","Astrolabe","Centennial Puzzle","Runic Pyramid","Thread and Needle","Orichalcum","Pantograph","Red Mask"],"potions_floor_usage":[7,24,25,33,37,46,47,50,50],"damage_taken":[{"damage":8,"enemies":"Jaw Worm","floor":1,"turns":6},{"damage":3,"enemies":"2 Louse","floor":3,"turns":2},{"damage":25,"enemies":"Lagavulin","floor":7,"turns":5},{"damage":7,"enemies":"Small Slimes","floor":8,"turns":2},{"damage":5,"enemies":"3 Sentries","floor":10,"turns":4},{"damage":27,"enemies":"Hexaghost","floor":16,"turns":5},{"damage":11,"enemies":"2 Thieves","floor":18,"turns":2},{"damage":21,"enemies":"Shell Parasite","floor":22,"turns":3},{"damage":11,"enemies":"Centurion and Healer","floor":24,"turns":4},{"damage":19,"enemies":"Snake Plant","floor":25,"turns":2},{"damage":7,"enemies":"3 Cultists","floor":28,"turns":3},{"damage":32,"enemies":"Automaton","floor":33,"turns":5},{"damage":16,"enemies":"Orb Walker","floor":35,"turns":2},{"damage":36,"enemies":"3 Shapes","floor":36,"turns":4},{"damage":28,"enemies":"Mysterious Sphere","floor":37,"turns":5},{"damage":62,"enemies":"Nemesis","floor":41,"turns":5},{"damage":8,"enemies":"3 Darklings","floor":46,"turns":4},{"damage":25,"enemies":"Jaw Worm Horde","floor":47,"turns":3},{"damage":13,"enemies":"Reptomancer","floor":48,"turns":4},{"damage":51,"enemies":"Donu and Deca","floor":50,"turns":8}],"seed_played":"-8900136502955079942","potions_obtained":[{"floor":3,"key":"SteroidPotion"},{"floor":8,"key":"Strength Potion"},{"floor":18,"key":"Block Potion"},{"floor":22,"key":"Ancient Potion"},{"floor":25,"key":"Strength Potion"},{"floor":33,"key":"Strength Potion"},{"floor":37,"key":"Energy Potion"},{"floor":41,"key":"Strength Potion"},{"floor":46,"key":"SpeedPotion"},{"floor":48,"key":"SpeedPotion"}],"is_trial":false,"path_per_floor":["M","?","M","?","?","R","E","M","T","E","R","?","R","$","R","B",null,"M","$","?","$","M","R","M","M","T","R","M","?","R","?","R","B",null,"M","M","?","$","?","R","E","R","T","?","$","M","M","M","R","B"],"character_chosen":"IRONCLAD","items_purchased":["Inflame","Reaper"],"campfire_rested":1,"item_purchase_floors":[14,38],"current_hp_per_floor":[78,78,81,81,63,63,45,45,45,47,47,47,47,47,47,27,76,72,72,72,72,58,58,54,42,42,42,42,42,42,42,71,46,85,76,47,26,26,88,88,69,69,69,69,69,88,89,83,83,48],"gold":52,"neow_bonus":"TEN_PERCENT_HP_BONUS","is_prod":false,"is_daily":false,"chose_seed":false,"campfire_upgraded":10,"win_rate":0,"timestamp":1537244634,"path_taken":["M","?","M","?","?","R","E","?","T","E","R","?","R","$","R","BOSS","M","$","?","$","M","R","M","M","T","R","M","?","R","?","R","BOSS","M","M","?","$","?","R","E","R","T","?","?","M","M","M","R","BOSS"],"build_version":"2018-09-17","purchased_purges":2,"victory":true,"max_hp_per_floor":[88,88,88,88,88,88,89,90,90,91,91,91,91,91,91,92,92,93,93,93,93,94,94,95,96,96,96,97,97,97,97,97,98,98,99,100,101,101,88,88,89,89,89,89,89,90,91,92,92,93],"card_choices":[{"not_picked":["Clothesline","Heavy Blade","Fire Breathing"],"picked":"SKIP","floor":1},{"not_picked":["True Grit","Evolve"],"picked":"Clash","floor":3},{"not_picked":["Bloodletting","Reckless Charge"],"picked":"Cleave","floor":7},{"not_picked":["Metallicize","Perfected Strike"],"picked":"Anger","floor":8},{"not_picked":["Entrench","Rage","Body Slam"],"picked":"SKIP","floor":10},{"not_picked":["Fiend Fire","Feed"],"picked":"Limit Break","floor":16},{"not_picked":["Iron Wave+1","Corruption","Body Slam"],"picked":"SKIP","floor":18},{"not_picked":["Flex","Thunderclap"],"picked":"Pummel","floor":22},{"not_picked":["Combust+1","Shrug It Off+1"],"picked":"Feel No Pain","floor":24},{"not_picked":["Heavy Blade","Havoc","Flex"],"picked":"SKIP","floor":25},{"not_picked":["Barricade","Heavy Blade"],"picked":"Dual Wield","floor":28},{"not_picked":["Sentinel+1","Cleave+1"],"picked":"Flex+1","floor":35},{"not_picked":["Flex","Battle Trance+1"],"picked":"True Grit+1","floor":36},{"not_picked":["Demon Form","Thunderclap+1","Clash"],"picked":"SKIP","floor":41},{"not_picked":["Flex+1","Iron Wave","Dual Wield"],"picked":"SKIP","floor":46},{"not_picked":["Flame Barrier","Wild Strike+1"],"picked":"Shrug It Off+1","floor":47},{"not_picked":["Sword Boomerang","Clothesline","Cleave"],"picked":"SKIP","floor":48}],"player_experience":896768,"relics_obtained":[{"floor":7,"key":"Whetstone"},{"floor":9,"key":"PreservedInsect"},{"floor":10,"key":"Charon\u0027s Ashes"},{"floor":26,"key":"Centennial Puzzle"},{"floor":37,"key":"Thread and Needle"},{"floor":41,"key":"Orichalcum"},{"floor":43,"key":"Pantograph"}],"event_choices":[{"event_name":"Liars Game","player_choice":"disagreed","floor":2,"damage_taken":0},{"event_name":"FaceTrader","player_choice":"Trade","floor":4,"damage_taken":0},{"event_name":"Shining Light","player_choice":"Entered Light","floor":5,"damage_taken":0},{"event_name":"Living Wall","player_choice":"Forget","floor":12,"damage_taken":0},{"event_name":"Masked Bandits","player_choice":"Paid Fearfully","floor":20,"damage_taken":0},{"event_name":"The Mausoleum","player_choice":"No","floor":29,"damage_taken":0},{"event_name":"Ghosts","player_choice":"Ignored","floor":31,"damage_taken":0},{"event_name":"Mysterious Sphere","player_choice":"Fight","floor":37,"damage_taken":0},{"event_name":"The Moai Head","player_choice":"Heal","floor":39,"damage_taken":0},{"event_name":"Tomb of Lord Red Mask","player_choice":"Paid","floor":44,"damage_taken":0}],"is_beta":true,"boss_relics":[{"not_picked":["Black Blood","Mark of Pain"],"picked":"Astrolabe"},{"not_picked":["Philosopher\u0027s Stone","Calling Bell"],"picked":"Runic Pyramid"}],"items_purged_floors":[14,19],"is_endless":false,"potions_floor_spawned":[3,8,18,22,25,33,37,41,46,48],"ascension_level":7}