{"gold_per_floor":[118,137,11,86,86,117,127,127,202,230,230,244,263,288,288,393,393,403,318,328,353,363,363,363],"floor_reached":24,"playtime":659,"items_purged":["Strike_B"],"score":290,"play_id":"270833a8-c888-4c90-9f7b-176607d7e6e0","local_time":"20180906161928","is_ascension_mode":true,"campfire_choices":[{"data":"Self Repair","floor":8,"key":"SMITH"},{"data":"FTL","floor":11,"key":"SMITH"},{"data":"Beam Cell","floor":15,"key":"SMITH"},{"data":"Zap","floor":23,"key":"SMITH"}],"neow_cost":"NONE","seed_source_timestamp":656265861844498,"circlet_count":0,"master_deck":["Strike_B","Strike_B","Defend_B","Defend_B","Defend_B","Defend_B","Zap+1","Dualcast","Self Repair+1","Go for the Eyes","Gash","FTL+1","Beam Cell+1","Machine Learning","Skim"],"relics":["Cracked Core","NeowsBlessing","Bronze Scales","Singing Bowl","Blue Candle","Oddly Smooth Stone","Cursed Key","Strawberry","Red Mask"],"potions_floor_usage":[16,22,22,22],"damage_taken":[{"damage":0,"enemies":"2 Louse","floor":1,"turns":1},{"damage":0,"enemies":"Jaw Worm","floor":2,"turns":1},{"damage":0,"enemies":"Lagavulin","floor":6,"turns":1},{"damage":10,"enemies":"Small Slimes","floor":7,"turns":2},{"damage":21,"enemies":"Gremlin Nob","floor":10,"turns":4},{"damage":6,"enemies":"Looter","floor":12,"turns":3},{"damage":8,"enemies":"3 Louse","floor":13,"turns":3},{"damage":11,"enemies":"Lagavulin","floor":14,"turns":5},{"damage":46,"enemies":"Slime Boss","floor":16,"turns":10},{"damage":6,"enemies":"3 Byrds","floor":18,"turns":2},{"damage":0,"enemies":"Chosen","floor":20,"turns":4},{"damage":63,"enemies":"Masked Bandits","floor":21,"turns":4},{"damage":34,"enemies":"Shelled Parasite and Fungi","floor":22,"turns":6},{"damage":34,"enemies":"Slavers","floor":24,"turns":3}],"seed_played":"-4760608772217612026","potions_obtained":[{"floor":1,"key":"Regen Potion"},{"floor":2,"key":"SteroidPotion"},{"floor":7,"key":"Dexterity Potion"},{"floor":18,"key":"Weak Potion"}],"is_trial":false,"path_per_floor":["M","M","$","?","?","E","M","R","T","E","R","M","M","E","R","B",null,"M","?","M","?","M","R"],"character_chosen":"DEFECT","items_purchased":["Gash"],"campfire_rested":0,"item_purchase_floors":[3],"current_hp_per_floor":[75,75,75,64,57,57,54,54,54,45,45,51,53,54,54,18,81,81,88,90,39,29,29,0],"gold":363,"neow_bonus":"THREE_ENEMY_KILL","is_prod":false,"is_daily":false,"chose_seed":false,"campfire_upgraded":4,"win_rate":0,"timestamp":1536265168,"path_taken":["M","M","$","?","?","E","M","R","T","E","R","M","M","E","R","BOSS","M","?","M","?","M","R","E"],"build_version":"2018-09-05","purchased_purges":1,"victory":false,"max_hp_per_floor":[75,75,75,75,75,75,75,75,75,77,77,79,79,81,81,81,81,81,88,90,92,94,94,94],"card_choices":[{"not_picked":["Rebound","Redo"],"picked":"Self Repair","floor":1},{"not_picked":["Fusion","Redo"],"picked":"Go for the Eyes","floor":2},{"not_picked":["Hologram","Fission"],"picked":"FTL","floor":6},{"not_picked":["Conserve Battery","Ball Lightning","Cold Snap"],"picked":"SKIP","floor":7},{"not_picked":["Coolheaded","Scrape","Hello World"],"picked":"Singing Bowl","floor":10},{"not_picked":["Scrape","Conserve Battery","Steam Power"],"picked":"Singing Bowl","floor":12},{"not_picked":["Consume","White Noise"],"picked":"Beam Cell","floor":13},{"not_picked":["Capacitor","Double Energy","Consume"],"picked":"Singing Bowl","floor":14},{"not_picked":["Core Surge","Amplify"],"picked":"Machine Learning","floor":16},{"not_picked":["Coolheaded","Recycle+1"],"picked":"Skim","floor":18},{"not_picked":["Leap+1","Coolheaded","Sweeping Beam"],"picked":"Singing Bowl","floor":20},{"not_picked":["Fusion+1","Cold Snap","Undo+1"],"picked":"Singing Bowl","floor":21},{"not_picked":["Rebound+1","Darkness","Glacier"],"picked":"Singing Bowl","floor":22}],"player_experience":887427,"relics_obtained":[{"floor":6,"key":"Bronze Scales"},{"floor":9,"key":"Singing Bowl"},{"floor":10,"key":"Blue Candle"},{"floor":14,"key":"Oddly Smooth Stone"},{"floor":21,"key":"Red Mask"}],"event_choices":[{"event_name":"World of Goop","player_choice":"Gather Gold","floor":4,"damage_taken":0},{"event_name":"Golden Wing","player_choice":"Card Removal","floor":5,"damage_taken":0},{"event_name":"Addict","player_choice":"Obtained Relic","floor":19,"damage_taken":0},{"event_name":"Masked Bandits","player_choice":"Fought Bandits","floor":21,"damage_taken":0}],"is_beta":true,"boss_relics":[{"not_picked":["Runic Pyramid","Nuclear Battery"],"picked":"Cursed Key"}],"items_purged_floors":[3],"is_endless":false,"potions_floor_spawned":[1,2,7,13,18,20],"killed_by":"Slavers","ascension_level":2}