{"gold_per_floor":[110,110,110,129,139,166,196,208,247,279,291,303,345,377,389,497,509,487,515,527],"floor_reached":20,"playtime":918,"items_purged":[],"score":186,"play_id":"b54d2b51-222c-4a66-a1a2-7dfb33605907","local_time":"20190917024217","is_ascension_mode":false,"campfire_choices":[{"floor":12,"key":"REST"},{"data":"Strike_R","floor":15,"key":"SMITH"}],"neow_cost":"NONE","seed_source_timestamp":80363401633100,"circlet_count":0,"master_deck":["Strike_R","Strike_R","Strike_R","Strike_R","Strike_R+1","Defend_R","Defend_R","Defend_R","Defend_R+1","Bash+1","Shrug It Off+1","Pain","Parasite","Parasite","Body Slam"],"relics":["Burning Blood","Strawberry","MawBank","Ancient Tea Set","War Paint","Calling Bell","Centennial Puzzle","Darkstone Periapt","Girya"],"potions_floor_usage":[6,10,13,13,13,18,19],"damage_taken":[{"damage":9,"enemies":"Small Slimes","floor":1,"turns":5},{"damage":2,"enemies":"2 Louse","floor":4,"turns":3},{"damage":1,"enemies":"Cultist","floor":5,"turns":4},{"damage":36,"enemies":"Lagavulin","floor":6,"turns":5},{"damage":27,"enemies":"Exordium Wildlife","floor":7,"turns":7},{"damage":0,"enemies":"2 Fungi Beasts","floor":10,"turns":4},{"damage":13,"enemies":"3 Sentries","floor":13,"turns":9},{"damage":0,"enemies":"Looter","floor":14,"turns":5},{"damage":53,"enemies":"The Guardian","floor":16,"turns":17},{"damage":43,"enemies":"2 Thieves","floor":18,"turns":5},{"damage":48,"enemies":"Shell Parasite","floor":19,"turns":10},{"damage":11,"enemies":"Shelled Parasite and Fungi","floor":20,"turns":1}],"seed_played":"6160404220364772691","potions_obtained":[{"floor":4,"key":"Strength Potion"},{"floor":5,"key":"Explosive Potion"},{"floor":7,"key":"Regen Potion"},{"floor":11,"key":"LiquidBronze"},{"floor":11,"key":"Energy Potion"},{"floor":16,"key":"SkillPotion"},{"floor":18,"key":"SkillPotion"}],"is_trial":false,"path_per_floor":["M","$","?","M","M","E","M","?","T","M","?","R","E","M","R","B",null,"M","M","M"],"character_chosen":"IRONCLAD","items_purchased":[],"campfire_rested":1,"item_purchase_floors":[],"current_hp_per_floor":[84,84,84,87,87,57,36,36,36,42,42,68,76,82,82,35,87,50,8,0],"gold":527,"neow_bonus":"RANDOM_COMMON_RELIC","is_prod":false,"is_daily":false,"chose_seed":false,"campfire_upgraded":1,"win_rate":0,"timestamp":1568702537,"path_taken":["M","$","?","M","M","E","M","?","T","M","?","R","E","M","R","BOSS","M","M","?"],"build_version":"2019-07-17","purchased_purges":0,"victory":false,"max_hp_per_floor":[87,87,87,87,87,87,87,87,87,87,87,87,87,87,87,87,87,87,87,87],"card_choices":[{"not_picked":["True Grit","Inflame","Anger"],"picked":"SKIP","floor":1},{"not_picked":["Havoc","Hemokinesis","Blood for Blood"],"picked":"SKIP","floor":4},{"not_picked":["Uppercut","Twin Strike","Cleave"],"picked":"SKIP","floor":5},{"not_picked":["Havoc","Battle Trance","Clash"],"picked":"SKIP","floor":6},{"not_picked":["Flex","Clash","Anger"],"picked":"SKIP","floor":7},{"not_picked":["Blood for Blood","Battle Trance"],"picked":"Shrug It Off","floor":10},{"not_picked":["Flex","Reaper","Twin Strike"],"picked":"SKIP","floor":13},{"not_picked":["Pommel Strike","Metallicize","Heavy Blade"],"picked":"SKIP","floor":14},{"not_picked":["Corruption+1","Wild Strike+1"],"picked":"Body Slam","floor":18},{"not_picked":["Headbutt+1","Second Wind","Thunderclap"],"picked":"SKIP","floor":19}],"player_experience":553631,"relics_obtained":[{"floor":6,"key":"MawBank"},{"floor":9,"key":"Ancient Tea Set"},{"floor":13,"key":"War Paint"},{"floor":17,"key":"Centennial Puzzle"},{"floor":17,"key":"Darkstone Periapt"},{"floor":17,"key":"Girya"}],"event_choices":[{"damage_healed":0,"gold_gain":0,"player_choice":"Grow","damage_taken":0,"max_hp_gain":0,"max_hp_loss":0,"event_name":"Living Wall","floor":3,"gold_loss":0,"cards_upgraded":["Bash"]},{"damage_healed":0,"gold_gain":0,"player_choice":"Ignored","damage_taken":0,"max_hp_gain":0,"max_hp_loss":0,"event_name":"Shining Light","floor":8,"gold_loss":0},{"damage_healed":0,"gold_gain":0,"player_choice":"Got Potions","damage_taken":0,"max_hp_gain":0,"max_hp_loss":0,"event_name":"Lab","floor":11,"gold_loss":0}],"is_beta":false,"boss_relics":[{"not_picked":["Fusion Hammer","Pandora\u0027s Box"],"picked":"Calling Bell"}],"items_purged_floors":[],"is_endless":false,"potions_floor_spawned":[4,5,7,16,18],"killed_by":"Shelled Parasite and Fungi","ascension_level":0}