{"gold_per_floor":[114,129,144,319,334,364,379,127,127,142,217,217,232,116,116,216,216,231,246,246,207,8,68,68,83,108,108,138,153,153,153,153,253,253,268,268,268,128,143,173,173,188,213,243,243,258,89,114,114,114],"floor_reached":51,"playtime":4150,"items_purged":[],"score":1095,"play_id":"4a923d3c-ba4d-4ed4-b5a7-b35cdd26c714","local_time":"20180904192650","daily_mods":["Specialized","Time Dilation","Night Terrors"],"is_ascension_mode":false,"campfire_choices":[{"floor":15,"key":"REST"},{"data":"Apotheosis","floor":24,"key":"SMITH"},{"data":"Finisher","floor":27,"key":"SMITH"},{"data":"Burst","floor":32,"key":"SMITH"},{"data":"Master of Strategy","floor":41,"key":"SMITH"},{"data":"Terror","floor":45,"key":"SMITH"},{"floor":49,"key":"REST"}],"neow_cost":"","seed_source_timestamp":0,"circlet_count":0,"master_deck":["Defend_G","Defend_G","Defend_G","Defend_G","Defend_G","Strike_G","Strike_G","Strike_G","Survivor","Neutralize","Adrenaline","Adrenaline","Adrenaline","Adrenaline","Adrenaline","Dagger Spray","Bouncing Flask","Burst+1","Doubt","Prepared","Cloak And Dagger","Terror+1","Master of Strategy+1","Prepared","Backstab","Deflect","Escape Plan","Prepared","Corpse Explosion","Deflect","Dagger Throw","Venomology","Expertise","Apotheosis+1","Finisher+1","Acrobatics","Dagger Spray+1","Decay","Venomology","Parasite","Pain","Shame","Slice","Prepared","Discovery","Blade Dance+1","Choke+1","Quick Slash+1","Setup+1","Jack Of All Trades","Quick Slash"],"special_seed":17778,"relics":["Ring of the Snake","Sundial","Ninja Scroll","Runic Dome","Tiny Chest","Lantern","Boot","Meat on the Bone","Calling Bell","Bag of Preparation","Pear","Tough Bandages","Art of War","Strawberry","Centennial Puzzle","Dream Catcher"],"potions_floor_usage":[5,16,16,23,23,33,33,33,33,44,46,46,46,50,50,50,50,50,50],"damage_taken":[{"damage":0,"enemies":"Cultist","floor":1,"turns":1},{"damage":0,"enemies":"2 Louse","floor":2,"turns":1},{"damage":0,"enemies":"Small Slimes","floor":3,"turns":1},{"damage":4,"enemies":"2 Fungi Beasts","floor":5,"turns":2},{"damage":24,"enemies":"Lagavulin","floor":6,"turns":7},{"damage":0,"enemies":"Looter","floor":7,"turns":1},{"damage":0,"enemies":"3 Louse","floor":10,"turns":1},{"damage":0,"enemies":"Exordium Wildlife","floor":13,"turns":1},{"damage":0,"enemies":"Slime Boss","floor":16,"turns":1},{"damage":0,"enemies":"Chosen","floor":18,"turns":1},{"damage":19,"enemies":"3 Byrds","floor":19,"turns":3},{"damage":0,"enemies":"Book of Stabbing","floor":23,"turns":3},{"damage":0,"enemies":"Centurion and Healer","floor":25,"turns":1},{"damage":0,"enemies":"Gremlin Leader","floor":28,"turns":1},{"damage":0,"enemies":"Shelled Parasite and Fungi","floor":29,"turns":1},{"damage":0,"enemies":"Automaton","floor":33,"turns":4},{"damage":0,"enemies":"3 Shapes","floor":35,"turns":1},{"damage":2,"enemies":"Orb Walker","floor":39,"turns":1},{"damage":0,"enemies":"Giant Head","floor":40,"turns":3},{"damage":0,"enemies":"Maw","floor":42,"turns":2},{"damage":5,"enemies":"2 Orb Walkers","floor":44,"turns":3},{"damage":1,"enemies":"Transient","floor":46,"turns":3},{"damage":71,"enemies":"Awakened One","floor":50,"turns":15}],"seed_played":"899177994719070386","potions_obtained":[{"floor":1,"key":"Regen Potion"},{"floor":2,"key":"FearPotion"},{"floor":3,"key":"Explosive Potion"},{"floor":10,"key":"SteroidPotion"},{"floor":16,"key":"Poison Potion"},{"floor":18,"key":"Poison Potion"},{"floor":33,"key":"EssenceOfSteel"},{"floor":35,"key":"Strength Potion"},{"floor":46,"key":"GhostInAJar"}],"is_trial":false,"path_per_floor":["M","M","M","?","M","E","M","$","T","M","?","?","M","$","R","B",null,"M","M","?","$","$","E","R","M","T","R","E","M","T","?","R","B",null,"M","?","?","$","M","E","R","M","T","E","R","M","$","T","R","B"],"character_chosen":"THE_SILENT","items_purchased":["Master of Strategy","Prepared","Escape Plan","Prepared","Expertise","Apotheosis","Prepared","Discovery","Jack Of All Trades","EssenceOfSteel"],"campfire_rested":2,"item_purchase_floors":[8,8,14,14,21,22,38,38,47,47],"current_hp_per_floor":[70,70,70,70,66,42,42,42,42,42,31,31,31,31,65,65,65,65,46,46,46,46,58,58,58,58,58,58,58,58,58,58,58,75,75,75,75,75,73,73,73,73,80,75,75,74,74,74,77,18],"gold":114,"neow_bonus":"","is_prod":false,"is_daily":true,"chose_seed":false,"campfire_upgraded":5,"win_rate":0,"timestamp":1536082010,"path_taken":["M","?","M","?","M","E","M","$","T","M","?","?","M","$","R","BOSS","M","M","?","?","$","E","R","?","T","R","E","M","?","?","R","BOSS","M","?","?","$","M","E","R","M","T","E","R","M","?","?","R","BOSS"],"build_version":"2018-08-30","purchased_purges":0,"victory":true,"max_hp_per_floor":[70,70,70,70,70,70,70,70,70,70,70,70,70,70,65,65,65,65,65,65,65,65,65,65,65,65,65,65,65,65,65,65,65,75,75,75,75,75,75,75,75,75,82,82,82,82,82,82,77,77],"card_choices":[{"not_picked":["PiercingWail","Reflex"],"picked":"Dagger Spray","floor":1},{"not_picked":["Outmaneuver","Underhanded Strike"],"picked":"Bouncing Flask","floor":2},{"not_picked":["Poisoned Stab","Finisher"],"picked":"Burst","floor":3},{"not_picked":["Flying Knee","Slice"],"picked":"Prepared","floor":5},{"not_picked":["Skewer","Underhanded Strike"],"picked":"Cloak And Dagger","floor":6},{"not_picked":["Cloak And Dagger","Caltrops"],"picked":"Terror","floor":7},{"not_picked":["Outmaneuver","Dodge and Roll"],"picked":"Backstab","floor":10},{"not_picked":["Infinite Blades","Deadly Poison"],"picked":"Deflect","floor":13},{"not_picked":["Envenom","Grand Finale"],"picked":"Corpse Explosion","floor":16},{"not_picked":["Bane+1","Eviscerate"],"picked":"Deflect","floor":18},{"not_picked":["Tactician+1","Sucker Punch"],"picked":"Dagger Throw","floor":19},{"not_picked":["Tactician","Choke","All Out Attack"],"picked":"SKIP","floor":23},{"not_picked":["Slice","Setup"],"picked":"Finisher","floor":25},{"not_picked":["Backflip","Sucker Punch"],"picked":"Acrobatics","floor":28},{"not_picked":["All Out Attack","Dagger Throw"],"picked":"Dagger Spray+1","floor":29},{"not_picked":["Unload","Malaise"],"picked":"Venomology","floor":33},{"not_picked":["Outmaneuver","Underhanded Strike+1"],"picked":"Slice","floor":35},{"not_picked":["Flying Knee","Backflip"],"picked":"Blade Dance+1","floor":39},{"not_picked":["Dagger Spray","Sucker Punch+1"],"picked":"Choke+1","floor":40},{"not_picked":["Skewer","Catalyst+1"],"picked":"Quick Slash+1","floor":42},{"not_picked":["Skewer+1","All Out Attack","Bane+1"],"picked":"SKIP","floor":44},{"not_picked":["Phantasmal Killer","Quick Slash"],"picked":"Setup+1","floor":46},{"not_picked":["All Out Attack+1","Masterful Stab"],"picked":"Quick Slash","floor":49}],"player_experience":96021,"relics_obtained":[{"floor":6,"key":"Sundial"},{"floor":9,"key":"Ninja Scroll"},{"floor":23,"key":"Tiny Chest"},{"floor":26,"key":"Lantern"},{"floor":28,"key":"Boot"},{"floor":30,"key":"Meat on the Bone"},{"floor":34,"key":"Bag of Preparation"},{"floor":34,"key":"Pear"},{"floor":34,"key":"Tough Bandages"},{"floor":40,"key":"Art of War"},{"floor":43,"key":"Strawberry"},{"floor":44,"key":"Centennial Puzzle"},{"floor":48,"key":"Dream Catcher"}],"event_choices":[{"event_name":"Liars Game","player_choice":"agreed","floor":4,"damage_taken":0},{"event_name":"World of Goop","player_choice":"Gather Gold","floor":11,"damage_taken":0},{"event_name":"Shining Light","player_choice":"Ignored","floor":12,"damage_taken":0},{"event_name":"Transmorgrifier","player_choice":"Transform","floor":20,"damage_taken":0},{"event_name":"Forgotten Altar","player_choice":"Smashed Altar","floor":31,"damage_taken":0},{"event_name":"Tomb of Lord Red Mask","player_choice":"Ignored","floor":36,"damage_taken":0},{"event_name":"Falling","player_choice":"Removed Attack","floor":37,"damage_taken":0}],"is_beta":false,"boss_relics":[{"not_picked":["Snecko Eye","Velvet Choker"],"picked":"Runic Dome"},{"not_picked":["Pandora\u0027s Box","Ring of the Serpent"],"picked":"Calling Bell"}],"items_purged_floors":[],"is_endless":false,"potions_floor_spawned":[1,2,3,10,16,18,29,33,35,39,46],"ascension_level":0}