{"gold_per_floor":[110,128,128,138,70,70,70,70,95,95,120,120,140,165,165,293,293,308,308,324,343,473,473,493,512,536,556,556,577,85,85,85,85],"floor_reached":33,"playtime":1040,"items_purged":["infinitespire:Pacifist"],"score":243,"play_id":"fcb9bbeb-4db8-4537-9610-8208e6740afd","local_time":"20190111140823","is_ascension_mode":false,"campfire_choices":[{"data":"ReplayTheSpireMod:Scrap Shanks","floor":6,"key":"SMITH"},{"data":"Neutralize","floor":8,"key":"SMITH"},{"data":"Dagger Spray","floor":10,"key":"SMITH"},{"data":"Survivor","floor":12,"key":"SMITH"},{"data":"Draining Mist","floor":15,"key":"SMITH"},{"floor":23,"key":"REST"},{"floor":28,"key":"REST"},{"floor":32,"key":"REST"}],"neow_cost":"NONE","seed_source_timestamp":1269485914806153,"circlet_count":0,"master_deck":["Defend_G","Defend_G","Defend_G","Defend_G","Defend_G","Strike_G","Strike_G","Strike_G","Strike_G","Survivor+1","Neutralize+1","Hidden Blade","Dagger Spray+1","ReplayTheSpireMod:Scrap Shanks+1","hubris:NaturalOne","Draining Mist+1","Poison Darts","Cloak And Dagger","Footwork","Backstab","Toxin Wave","ReplayTheSpireMod:Private Reserves","Dash","Dagger Spray","Expertise","Deflect+1","Fluid Movement","Pot Of Greed","Pot Of Greed","Pot Of Greed","Finisher"],"relics":["Ring of the Snake","hubris:Icosahedron","Golden Idol","Bronze Scales","Replay_Grab Bag","Cursed Key","Black Star","Dream Catcher","BargainBundle","Grinning Jar","Vajra","MutagenicStrength"],"potions_floor_usage":[24],"damage_taken":[{"damage":1,"enemies":"Cultist","floor":1,"turns":4},{"damage":0,"enemies":"Small Slimes","floor":2,"turns":3},{"damage":4,"enemies":"Jaw Worm","floor":4,"turns":8},{"damage":11,"enemies":"Exordium Wildlife","floor":11,"turns":4},{"damage":5,"enemies":"2 Fungi Beasts","floor":13,"turns":3},{"damage":12,"enemies":"Red Slaver","floor":14,"turns":4},{"damage":15,"enemies":"Hexaghost","floor":16,"turns":13},{"damage":7,"enemies":"3 Byrds","floor":18,"turns":3},{"damage":18,"enemies":"2 Thieves","floor":20,"turns":3},{"damage":26,"enemies":"Centurion and Healer","floor":21,"turns":7},{"damage":6,"enemies":"Chosen and Byrds","floor":22,"turns":5},{"damage":20,"enemies":"3 Cultists","floor":24,"turns":6},{"damage":8,"enemies":"Shelled Parasite and Fungi","floor":25,"turns":6},{"damage":9,"enemies":"Snecko","floor":27,"turns":5},{"damage":10,"enemies":"Sentry and Sphere","floor":29,"turns":4},{"damage":79,"enemies":"hubris:MusketHawk","floor":33,"turns":6}],"seed_played":"5315099925852288816","potions_obtained":[{"floor":1,"key":"AttackPotion"},{"floor":2,"key":"Poison Potion"},{"floor":16,"key":"SteroidPotion"},{"floor":20,"key":"LifebloodPotion"},{"floor":27,"key":"Poison Potion"}],"is_trial":false,"path_per_floor":["M","M","?","M","$","R","?","R","T","R","M","R","M","M","R","B",null,"M","?","M","M","M","R","M","M","T","M","R","M","$","?","R","B"],"character_chosen":"THE_SILENT","items_purchased":["ReplayTheSpireMod:Scrap Shanks","BargainBundle","ReplayTheSpireMod:Private Reserves","Dash","Dagger Spray","Expertise","Deflect+1","Fluid Movement","Grinning Jar","Vajra"],"campfire_rested":3,"item_purchase_floors":[5,30,30,30,30,30,30,30,30,30],"current_hp_per_floor":[76,76,76,72,72,72,53,53,53,53,42,42,37,25,25,10,77,70,70,52,26,20,43,23,15,15,6,29,19,19,19,42,0],"gold":85,"neow_bonus":"TEN_PERCENT_HP_BONUS","is_prod":false,"is_daily":false,"chose_seed":false,"campfire_upgraded":5,"win_rate":0,"timestamp":1547233703,"path_taken":["M","?","?","M","?","R","?","R","T","R","M","R","M","M","R","BOSS","M","?","M","M","M","R","M","M","T","M","R","M","$","?","R","BOSS"],"build_version":"2019-01-10","purchased_purges":1,"victory":false,"max_hp_per_floor":[77,77,77,77,77,77,77,77,77,77,77,77,77,77,77,77,77,77,77,77,77,77,77,77,77,77,77,77,77,77,77,77,77],"card_choices":[{"not_picked":["Deflect","Deadly Poison"],"picked":"Hidden Blade","floor":1},{"not_picked":["Prepared","Dodge and Roll","PiercingWail"],"picked":"SKIP","floor":2},{"not_picked":["Fluid Movement","Dodge and Roll"],"picked":"Dagger Spray","floor":4},{"not_picked":["Underhanded Strike","hubris:SlightOfHand","Backflip"],"picked":"SKIP","floor":11},{"not_picked":["Flying Knee","hubris:TrickCloak"],"picked":"Draining Mist","floor":13},{"not_picked":["Deadly Poison","Backflip","Leg Sweep"],"picked":"SKIP","floor":14},{"not_picked":["Glass Knife","Die Die Die"],"picked":"Poison Darts","floor":16},{"not_picked":["Noxious Fumes","Crippling Poison+1","ReplayTheSpireMod:The Works"],"picked":"SKIP","floor":18},{"not_picked":["Quick Slash","Fluid Movement","ReplayTheSpireMod:Tripwire"],"picked":"SKIP","floor":20},{"not_picked":["Quick Slash","ReplayTheSpireMod:Exploit Weakness+1"],"picked":"Cloak And Dagger","floor":21},{"not_picked":["Slice","Dagger Throw"],"picked":"Footwork","floor":22},{"not_picked":["Tactician","Underhanded Strike+1","Expertise"],"picked":"SKIP","floor":24},{"not_picked":["Deflect","Draining Mist+1"],"picked":"Backstab","floor":25},{"not_picked":["Deflect+1","Poisoned Stab"],"picked":"Toxin Wave","floor":27},{"not_picked":["PiercingWail","Unload","Bane+1"],"picked":"SKIP","floor":29},{"not_picked":["Cloak And Dagger","Masterful Stab+1"],"picked":"Finisher","floor":32}],"player_experience":594045,"relics_obtained":[{"floor":9,"key":"Bronze Scales"},{"floor":26,"key":"Dream Catcher"}],"event_choices":[{"damage_healed":0,"gold_gain":0,"player_choice":"Take Damage","damage_taken":19,"relics_obtained":["Golden Idol"],"max_hp_gain":0,"max_hp_loss":0,"event_name":"Golden Idol","floor":7,"gold_loss":0},{"cards_removed":["Strike_G"],"damage_healed":0,"gold_gain":0,"player_choice":"Elegance","damage_taken":0,"max_hp_gain":0,"max_hp_loss":0,"event_name":"Back to Basics","floor":19,"gold_loss":0},{"damage_healed":0,"gold_gain":0,"player_choice":"Inject Mutagens","damage_taken":0,"relics_obtained":["MutagenicStrength"],"max_hp_gain":0,"max_hp_loss":0,"event_name":"Drug Dealer","floor":31,"gold_loss":0}],"is_beta":false,"boss_relics":[{"not_picked":["Empty Cage","Lizard Tail"],"picked":"Replay_Grab Bag"},{"not_picked":["Busted Crown","Replay:Wanted Poster"],"picked":"Cursed Key"},{"not_picked":["Pandora\u0027s Box","Runic Pyramid"],"picked":"Black Star"}],"items_purged_floors":[30],"is_endless":false,"potions_floor_spawned":[1,2,16,20,27,29],"killed_by":"hubris:MusketHawk","ascension_level":0}