{"gold_per_floor":[116,136,101,111,127,158,118,118,168,180,195,206,217,229,229,334,334,347,364,48,66,66],"floor_reached":22,"playtime":2270,"items_purged":[],"score":244,"play_id":"cbca436a-cb3d-4f8a-b443-41aa09de83a4","local_time":"20190628001912","is_ascension_mode":false,"campfire_choices":[{"floor":8,"key":"REST"},{"data":"Shrug It Off","floor":15,"key":"SMITH"}],"neow_cost":"NONE","seed_source_timestamp":1307383419884343,"circlet_count":0,"master_deck":["Strike_R","Strike_R","Strike_R","Strike_R","Strike_R","Defend_R","Defend_R","Defend_R","Defend_R+1","Bash","Pummel","Seeing Red","Iron Wave","Shrug It Off+1","Anger","Fire Breathing","Uppercut","Cleave","Armaments+1","Feed","Anger","Headbutt","Thunderclap","Pommel Strike","Inflame","Fiend Fire","Heavy Blade","Ghostly Armor","Flame Barrier","Deep Breath","Perfected Strike"],"relics":["Orrery","Mercury Hourglass","War Paint","Lizard Tail","Happy Flower"],"potions_floor_usage":[5,6,6,12,18,19],"damage_taken":[{"damage":0,"enemies":"Cultist","floor":1,"turns":3},{"damage":9,"enemies":"2 Louse","floor":2,"turns":3},{"damage":5,"enemies":"Small Slimes","floor":4,"turns":3},{"damage":16,"enemies":"Exordium Thugs","floor":5,"turns":4},{"damage":13,"enemies":"Lagavulin","floor":6,"turns":8},{"damage":0,"enemies":"Looter","floor":10,"turns":3},{"damage":2,"enemies":"3 Louse","floor":11,"turns":4},{"damage":0,"enemies":"Blue Slaver","floor":12,"turns":3},{"damage":0,"enemies":"Red Slaver","floor":13,"turns":3},{"damage":0,"enemies":"2 Fungi Beasts","floor":14,"turns":2},{"damage":0,"enemies":"Slime Boss","floor":16,"turns":6},{"damage":28,"enemies":"2 Thieves","floor":18,"turns":4},{"damage":23,"enemies":"Shell Parasite","floor":19,"turns":4},{"damage":15,"enemies":"Shelled Parasite and Fungi","floor":21,"turns":5},{"damage":8,"enemies":"Colosseum Slavers","floor":22,"turns":4},{"damage":91,"enemies":"Colosseum Nobs","floor":22,"turns":6}],"seed_played":"7952607613264462469","potions_obtained":[{"floor":1,"key":"PowerPotion"},{"floor":2,"key":"Swift Potion"},{"floor":4,"key":"Dexterity Potion"},{"floor":7,"key":"SneckoOil"},{"floor":7,"key":"Energy Potion"},{"floor":7,"key":"Block Potion"}],"is_trial":false,"path_per_floor":["M","M","?","M","M","E","?","R","T","M","M","M","M","M","R","B",null,"M","M","$","M","?"],"character_chosen":"IRONCLAD","items_purchased":["Happy Flower","Flame Barrier","Deep Breath"],"campfire_rested":1,"item_purchase_floors":[20,20,20],"current_hp_per_floor":[80,71,80,75,59,46,46,70,70,70,71,71,74,74,74,74,86,58,35,35,20,0],"gold":66,"neow_bonus":"BOSS_RELIC","is_prod":false,"is_daily":false,"chose_seed":false,"campfire_upgraded":1,"win_rate":0.0,"timestamp":1561695552,"path_taken":["M","?","?","M","M","E","?","R","T","M","M","M","M","M","R","BOSS","M","M","$","M","?"],"build_version":"2019-01-23","purchased_purges":0,"victory":false,"max_hp_per_floor":[80,80,80,80,80,80,80,80,80,80,83,83,86,86,86,86,86,86,86,86,86,86],"card_choices":[{"not_picked":["Combust","Shockwave"],"picked":"Pummel","floor":0},{"not_picked":["Intimidate","Combust"],"picked":"Seeing Red","floor":0},{"not_picked":["Blood for Blood","Armaments"],"picked":"Iron Wave","floor":0},{"not_picked":["Dropkick","Feel No Pain"],"picked":"Shrug It Off","floor":0},{"not_picked":["Inflame","Flex"],"picked":"Anger","floor":0},{"not_picked":["Combust","Shrug It Off"],"picked":"Fire Breathing","floor":1},{"not_picked":["Power Through","Disarm"],"picked":"Uppercut","floor":2},{"not_picked":["Perfected Strike","Flex"],"picked":"Cleave","floor":4},{"not_picked":["Whirlwind","Battle Trance"],"picked":"Armaments","floor":5},{"not_picked":["Warcry","Seeing Red"],"picked":"Feed","floor":6},{"not_picked":["Flame Barrier","Shrug It Off"],"picked":"Anger","floor":10},{"not_picked":["Uppercut","Cleave"],"picked":"Headbutt","floor":11},{"not_picked":["Cleave","Headbutt"],"picked":"Thunderclap","floor":12},{"not_picked":["Sword Boomerang","Warcry"],"picked":"Pommel Strike","floor":13},{"not_picked":["Flex","Whirlwind"],"picked":"Inflame","floor":14},{"not_picked":["Berserk","Juggernaut"],"picked":"Fiend Fire","floor":16},{"not_picked":["Headbutt","Body Slam"],"picked":"Heavy Blade","floor":18},{"not_picked":["Cleave","Searing Blow"],"picked":"Ghostly Armor","floor":19},{"not_picked":["Shrug It Off","Anger"],"picked":"Perfected Strike","floor":21}],"player_experience":15587,"relics_obtained":[{"floor":6,"key":"Mercury Hourglass"},{"floor":9,"key":"War Paint"}],"event_choices":[{"damage_healed":20,"gold_gain":0,"player_choice":"Healed","damage_taken":0,"max_hp_gain":0,"max_hp_loss":0,"event_name":"The Cleric","floor":3,"gold_loss":35},{"damage_healed":0,"gold_gain":0,"player_choice":"Bought 3 Potions","damage_taken":0,"max_hp_gain":0,"max_hp_loss":0,"event_name":"The Woman in Blue","floor":7,"gold_loss":0},{"damage_healed":0,"gold_gain":0,"player_choice":"Fight","damage_taken":0,"max_hp_gain":0,"max_hp_loss":0,"event_name":"Colosseum","floor":22,"gold_loss":0},{"damage_healed":0,"gold_gain":0,"player_choice":"Fought Nobs","damage_taken":0,"max_hp_gain":0,"max_hp_loss":0,"event_name":"Colosseum","floor":22,"gold_loss":0}],"is_beta":false,"boss_relics":[{"not_picked":["Coffee Dripper","Empty Cage"],"picked":"Lizard Tail"}],"items_purged_floors":[],"is_endless":false,"potions_floor_spawned":[1,2,4,10,22],"killed_by":"Colosseum Nobs","ascension_level":0}