{"gold_per_floor":[109,121,196,196,216,216,241,241,268,368,382,382,366,401,401,504,504,516,516,516,61,73,73,104,104,104,104,139,139,154,183,183,288,288,302,322,25,25,39,39,39],"floor_reached":41,"playtime":5731,"items_purged":["Defend_B"],"score":772,"play_id":"4ff87435-534f-427f-b960-ba6910d21f12","local_time":"20190803111508","is_ascension_mode":true,"campfire_choices":[{"data":"Zap","floor":6.0,"key":"SMITH"},{"data":"Dualcast","floor":8.0,"key":"SMITH"},{"floor":12.0,"key":"REST"},{"data":"Beam Cell","floor":15.0,"key":"SMITH"},{"data":"Defragment","floor":23.0,"key":"SMITH"},{"data":"Sunder","floor":25.0,"key":"SMITH"},{"data":"J.A.X.","floor":27.0,"key":"SMITH"},{"data":"Steam Power","floor":32.0,"key":"SMITH"},{"floor":40.0,"key":"REST"}],"neow_cost":"NONE","seed_source_timestamp":0,"circlet_count":0,"master_deck":["AscendersBane","Zap+1","Dualcast+1","Undo","Steam Power","Cold Snap","Steam Power+1","BootSequence","Beam Cell+1","Conserve Battery","Echo Form","Gash","Bite","Bite","Bite","Bite","Bite","J.A.X.+1","Sunder+1","Dramatic Entrance","Defragment+1","Stack","Stack+1","Core Surge","Recycle+1","Sweeping Beam","Steam+1","Biased Cognition","Doom and Gloom+1","Undo+1","Hologram","Hologram+1"],"special_seed":0,"relics":["Cracked Core","Bronze Scales","Centennial Puzzle","Torii","White Beast Statue","Bag of Marbles","Regal Pillow","Bottled Flame","Vajra","Pen Nib","Du-Vu Doll","Empty Cage","Bottled Lightning"],"potions_floor_usage":[41,41],"damage_taken":[{"damage":2.0,"enemies":"Jaw Worm","floor":1.0,"turns":3.0},{"damage":0.0,"enemies":"Cultist","floor":2.0,"turns":3.0},{"damage":0.0,"enemies":"2 Louse","floor":5.0,"turns":2.0},{"damage":31.0,"enemies":"Gremlin Nob","floor":7.0,"turns":5.0},{"damage":0.0,"enemies":"Lots of Slimes","floor":11.0,"turns":1.0},{"damage":0.0,"enemies":"Exordium Thugs","floor":13.0,"turns":4.0},{"damage":11.0,"enemies":"Lagavulin","floor":14.0,"turns":7.0},{"damage":16.0,"enemies":"The Guardian","floor":16.0,"turns":12.0},{"damage":6.0,"enemies":"Spheric Guardian","floor":18.0,"turns":4.0},{"damage":0.0,"enemies":"Chosen","floor":22.0,"turns":4.0},{"damage":22.0,"enemies":"Slavers","floor":24.0,"turns":4.0},{"damage":5.0,"enemies":"Book of Stabbing","floor":28.0,"turns":3.0},{"damage":0.0,"enemies":"3 Cultists","floor":30.0,"turns":3.0},{"damage":18.0,"enemies":"Gremlin Leader","floor":31.0,"turns":3.0},{"damage":47.0,"enemies":"Collector","floor":33.0,"turns":6.0},{"damage":9.0,"enemies":"3 Darklings","floor":35.0,"turns":4.0},{"damage":0.0,"enemies":"Orb Walker","floor":36.0,"turns":2.0},{"damage":43.0,"enemies":"Writhing Mass","floor":39.0,"turns":6.0},{"damage":83,"enemies":"Giant Head","floor":41,"turns":7}],"seed_played":"5091542289438154920","potions_obtained":[{"floor":1.0,"key":"LiquidBronze"},{"floor":5.0,"key":"Explosive Potion"},{"floor":11.0,"key":"GamblersBrew"},{"floor":16.0,"key":"Poison Potion"},{"floor":18.0,"key":"Fire Potion"},{"floor":22.0,"key":"Poison Potion"},{"floor":24.0,"key":"Energy Potion"},{"floor":28.0,"key":"FearPotion"},{"floor":30.0,"key":"LiquidBronze"},{"floor":31.0,"key":"Poison Potion"},{"floor":33.0,"key":"Block Potion"},{"floor":35.0,"key":"Ancient Potion"},{"floor":36.0,"key":"GamblersBrew"},{"floor":39.0,"key":"Fire Potion"}],"is_trial":false,"path_per_floor":["M","M","?","?","M","R","E","R","T","?","M","R","M","E","R","B",null,"M","?","?","$","M","R","E","R","T","R","E","?","M","E","R","B",null,"M","M","$","?","M","R","E"],"character_chosen":"DEFECT","items_purchased":["Sunder","Dramatic Entrance","Bag of Marbles","Defragment","Stack","Bottled Lightning","Hologram"],"campfire_rested":2,"item_purchase_floors":[21,21,21,21,21,37,37],"current_hp_per_floor":[73,73,62,62,62,62,31,31,31,31,31,55,55,44,44,28,69,63,57,57,57,57,57,47,47,47,47,46,46,54,44,44,7,45,44,46,46,46,15,47,0],"gold":39,"neow_bonus":"TEN_PERCENT_HP_BONUS","is_prod":false,"is_daily":false,"chose_seed":false,"campfire_upgraded":7,"win_rate":0,"timestamp":1564856108,"path_taken":["M","M","?","?","?","R","E","R","T","?","M","R","?","E","R","BOSS","M","?","?","$","M","R","E","R","T","R","E","?","M","E","R","BOSS","M","M","$","?","M","R","E"],"build_version":"2019-07-17","purchased_purges":1,"victory":false,"max_hp_per_floor":[82,82,82,82,82,82,82,82,82,82,82,82,82,82,82,82,82,82,57,57,57,57,57,57,57,57,57,57,57,57,57,57,57,57,57,57,57,57,57,57,57],"card_choices":[{"not_picked":["Consume","Streamline"],"picked":"Undo","floor":1.0},{"not_picked":["Redo","Coolheaded"],"picked":"Steam Power","floor":2.0},{"not_picked":["Rebound","Sweeping Beam"],"picked":"Cold Snap","floor":5.0},{"not_picked":["Double Energy","Conserve Battery"],"picked":"Steam Power","floor":7.0},{"not_picked":["Stack","Gash"],"picked":"BootSequence","floor":11.0},{"not_picked":["Barrage","BootSequence"],"picked":"Beam Cell","floor":13.0},{"not_picked":["Coolheaded","Rip and Tear"],"picked":"Conserve Battery","floor":14.0},{"not_picked":["Amplify","Thunder Strike"],"picked":"Echo Form","floor":16.0},{"not_picked":["Skim","Steam"],"picked":"Gash","floor":18.0},{"not_picked":["Coolheaded","Fusion"],"picked":"Stack+1","floor":22.0},{"not_picked":["Barrage+1","Leap+1"],"picked":"Core Surge","floor":24.0},{"not_picked":["Sweeping Beam","White Noise"],"picked":"Recycle+1","floor":28.0},{"not_picked":["Steam Power","Leap"],"picked":"Sweeping Beam","floor":30.0},{"not_picked":["Turbo","Coolheaded"],"picked":"Steam+1","floor":31.0},{"not_picked":["Machine Learning","Meteor Strike"],"picked":"Biased Cognition","floor":33.0},{"not_picked":["FTL","Auto Shields+1"],"picked":"Doom and Gloom+1","floor":35.0},{"not_picked":["Sweeping Beam","Glacier"],"picked":"Undo+1","floor":36.0},{"not_picked":["Beam Cell+1","Glacier+1"],"picked":"Hologram+1","floor":39.0}],"player_experience":567242,"relics_obtained":[{"floor":7.0,"key":"Bronze Scales"},{"floor":9.0,"key":"Centennial Puzzle"},{"floor":14.0,"key":"Torii"},{"floor":24.0,"key":"Regal Pillow"},{"floor":26.0,"key":"Bottled Flame"},{"floor":28.0,"key":"Vajra"},{"floor":31.0,"key":"Du-Vu Doll"}],"event_choices":[{"damage_healed":0.0,"max_hp_gain":0.0,"max_hp_loss":0.0,"gold_gain":75.0,"event_name":"World of Goop","player_choice":"Gather Gold","floor":3.0,"gold_loss":0.0,"damage_taken":11.0},{"cards_removed":["Defend_B"],"damage_healed":0.0,"max_hp_gain":0.0,"max_hp_loss":0.0,"gold_gain":0.0,"event_name":"Bonfire Elementals","player_choice":"Offered Basic","floor":4.0,"gold_loss":0.0,"damage_taken":0.0},{"damage_healed":0.0,"max_hp_gain":0.0,"max_hp_loss":0.0,"gold_gain":100.0,"event_name":"Golden Shrine","player_choice":"Pray","floor":10.0,"gold_loss":0.0,"damage_taken":0.0},{"damage_healed":0.0,"max_hp_gain":0.0,"max_hp_loss":25.0,"gold_gain":0.0,"event_name":"Vampires","player_choice":"Became a vampire","floor":19.0,"gold_loss":0.0,"damage_taken":0.0,"cards_obtained":["Bite","Bite","Bite","Bite","Bite"]},{"damage_healed":0.0,"max_hp_gain":0.0,"max_hp_loss":0.0,"gold_gain":0.0,"event_name":"Drug Dealer","player_choice":"Obtain J.A.X.","floor":20.0,"gold_loss":0.0,"damage_taken":0.0,"cards_obtained":["J.A.X."]},{"damage_healed":0.0,"max_hp_gain":0.0,"max_hp_loss":0.0,"gold_gain":0.0,"event_name":"The Mausoleum","player_choice":"Opened","floor":29.0,"gold_loss":0.0,"damage_taken":0.0,"relics_obtained":["Pen Nib"],"cards_obtained":["Writhe"]},{"cards_removed":["Writhe"],"damage_healed":0.0,"max_hp_gain":0.0,"max_hp_loss":0.0,"gold_gain":0.0,"event_name":"Purifier","player_choice":"Purged","floor":38.0,"gold_loss":0.0,"damage_taken":0.0}],"is_beta":false,"boss_relics":[{"not_picked":["Snecko Eye","Tiny House"],"picked":"White Beast Statue"},{"not_picked":["Eternal Feather","Busted Crown"],"picked":"Empty Cage"}],"items_purged_floors":[21],"is_endless":false,"potions_floor_spawned":[1,5,11,16,18,22,24,28,30,31,33,35,36,39],"killed_by":"Giant Head","ascension_level":11}