{"gold_per_floor":[110,29,46,64,91,116,116,148,173,185,197,179,210,239,251,263],"floor_reached":16,"playtime":952,"items_purged":[],"score":176,"play_id":"3e583518-a943-445d-b50a-2928c8bb04e0","local_time":"20190831224736","is_ascension_mode":true,"campfire_choices":[{"data":"Neutralize","floor":7,"key":"SMITH"},{"floor":10,"key":"REST"},{"floor":15,"key":"REST"}],"neow_cost":"NONE","seed_source_timestamp":1031850253998312,"circlet_count":0,"master_deck":["AscendersBane","Strike_G","Strike_G","Strike_G","Strike_G","Strike_G","Defend_G","Defend_G","Defend_G","Defend_G","Defend_G","Survivor","Neutralize+1","Finisher","Sucker Punch","Dash","Sucker Punch","Dagger Throw","Dash","Terror","Dagger Spray+1","Deadly Poison"],"relics":["Ring of the Snake","Snake Skull","Anchor","Blue Candle","MawBank","Molten Egg 2"],"potions_floor_usage":[8,16],"damage_taken":[{"damage":1,"enemies":"Cultist","floor":1,"turns":4},{"damage":0,"enemies":"Small Slimes","floor":3,"turns":3},{"damage":0,"enemies":"2 Louse","floor":4,"turns":2},{"damage":16,"enemies":"Gremlin Nob","floor":6,"turns":5},{"damage":42,"enemies":"Lagavulin","floor":8,"turns":8},{"damage":4,"enemies":"Exordium Wildlife","floor":13,"turns":5},{"damage":0,"enemies":"Exordium Thugs","floor":14,"turns":3},{"damage":45,"enemies":"Slime Boss","floor":16,"turns":10}],"seed_played":"-30359121900978478","potions_obtained":[{"floor":4,"key":"SteroidPotion"},{"floor":6,"key":"SpeedPotion"},{"floor":14,"key":"LiquidBronze"}],"is_trial":false,"path_per_floor":["M","$","M","M","T","E","R","E","T","R","?","?","M","M","R","B"],"character_chosen":"THE_SILENT","items_purchased":["Dash"],"campfire_rested":2,"item_purchase_floors":[2],"current_hp_per_floor":[62,62,62,62,62,46,46,4,4,25,22,22,18,18,39,0],"gold":263,"neow_bonus":"THREE_CARDS","is_prod":false,"is_daily":false,"chose_seed":false,"campfire_upgraded":1,"win_rate":0,"timestamp":1567306056,"path_taken":["M","$","M","M","?","E","R","E","T","R","?","?","M","?","R","BOSS"],"build_version":"2019-07-17","purchased_purges":0,"victory":false,"max_hp_per_floor":[70,70,70,70,70,70,70,70,70,70,70,70,70,70,70,70],"card_choices":[{"not_picked":["Blade Dance","Outmaneuver"],"picked":"Finisher","floor":0},{"not_picked":["All Out Attack","Footwork"],"picked":"Sucker Punch","floor":1},{"not_picked":["Deflect","Setup"],"picked":"Sucker Punch","floor":3},{"not_picked":["Deflect","Underhanded Strike"],"picked":"Dagger Throw","floor":4},{"not_picked":["Acrobatics","Bane"],"picked":"Dash","floor":6},{"not_picked":["Quick Slash","Distraction"],"picked":"Terror","floor":8},{"not_picked":["Slice+1","Backstab+1"],"picked":"Dagger Spray+1","floor":13},{"not_picked":["Concentrate","Blade Dance"],"picked":"Deadly Poison","floor":14}],"player_experience":529309,"relics_obtained":[{"floor":5,"key":"Snake Skull"},{"floor":6,"key":"Anchor"},{"floor":8,"key":"Blue Candle"},{"floor":9,"key":"MawBank"}],"event_choices":[{"damage_healed":0,"gold_gain":0,"player_choice":"Success","damage_taken":3,"relics_obtained":["Molten Egg 2"],"max_hp_gain":0,"max_hp_loss":0,"event_name":"Scrap Ooze","floor":11,"gold_loss":0},{"damage_healed":0,"gold_gain":0,"player_choice":"Left Gold","damage_taken":0,"max_hp_gain":0,"max_hp_loss":0,"event_name":"World of Goop","floor":12,"gold_loss":30}],"is_beta":false,"boss_relics":[],"items_purged_floors":[],"is_endless":false,"potions_floor_spawned":[4,6,14],"killed_by":"Slime Boss","ascension_level":12}