{"gold_per_floor":[115,190,190,205,185,185,197,197,197,207,240,14,34,51,51,122,122,134,144,155,64,78,78,78],"floor_reached":24,"playtime":1930,"items_purged":[],"score":340,"play_id":"73a575bb-6391-4fc6-bdf7-7fd2c5b612c4","local_time":"20190904060633","is_ascension_mode":true,"campfire_choices":[{"data":"FTL","floor":6,"key":"SMITH"},{"data":"Zap","floor":8,"key":"SMITH"},{"floor":15,"key":"REST"},{"floor":23,"key":"REST"}],"neow_cost":"NONE","seed_source_timestamp":1204985595572847,"circlet_count":0,"master_deck":["AscendersBane","Defend_B","Defend_B","Defend_B","Defend_B","Zap+1","Dualcast","Leap","Coolheaded","FTL+1","Beam Cell","Rebound","Rebound","Conserve Battery","Hyperbeam","Leap","Echo Form","Double Energy","Skim","Auto Shields","Defragment","Stack","Loop"],"relics":["Cracked Core","Ancient Tea Set","Happy Flower","ClockworkSouvenir","Empty Cage"],"potions_floor_usage":[11,11,20,22,24],"damage_taken":[{"damage":0,"enemies":"Small Slimes","floor":1,"turns":4},{"damage":1,"enemies":"2 Louse","floor":4,"turns":3},{"damage":0,"enemies":"Cultist","floor":7,"turns":4},{"damage":6,"enemies":"Large Slime","floor":10,"turns":7},{"damage":12,"enemies":"3 Sentries","floor":11,"turns":8},{"damage":16,"enemies":"Gremlin Gang","floor":13,"turns":5},{"damage":0,"enemies":"3 Louse","floor":14,"turns":1},{"damage":49,"enemies":"The Guardian","floor":16,"turns":16},{"damage":15,"enemies":"2 Thieves","floor":18,"turns":3},{"damage":8,"enemies":"Shell Parasite","floor":19,"turns":8},{"damage":10,"enemies":"Centurion and Healer","floor":20,"turns":10},{"damage":18,"enemies":"Cultist and Chosen","floor":22,"turns":7},{"damage":25,"enemies":"Slavers","floor":24,"turns":2}],"seed_played":"1555766029225460703","potions_obtained":[{"floor":4,"key":"Weak Potion"},{"floor":5,"key":"EntropicBrew"},{"floor":19,"key":"Dexterity Potion"},{"floor":20,"key":"Ancient Potion"}],"is_trial":false,"path_per_floor":["M","?","?","M","?","R","M","R","T","M","E","$","M","M","R","B",null,"M","M","M","$","M","R","E"],"character_chosen":"DEFECT","items_purchased":["ClockworkSouvenir","Conserve Battery","Defragment","Stack"],"campfire_rested":2,"item_purchase_floors":[12,12,21,21],"current_hp_per_floor":[64,53,46,45,45,45,45,45,45,39,27,27,11,11,32,4,54,39,31,21,21,3,24,0],"gold":78,"neow_bonus":"TRANSFORM_CARD","is_prod":false,"is_daily":false,"chose_seed":false,"campfire_upgraded":2,"win_rate":0,"timestamp":1567591593,"path_taken":["M","?","?","M","?","R","M","R","T","M","E","$","M","M","R","BOSS","M","M","?","$","M","R","E"],"build_version":"2019-07-17","purchased_purges":0,"victory":false,"max_hp_per_floor":[71,71,71,71,71,71,71,71,71,71,71,71,71,71,71,71,71,71,71,71,71,71,71,71],"card_choices":[{"not_picked":["Redo","Darkness"],"picked":"Coolheaded","floor":1},{"not_picked":["Glacier","Auto Shields"],"picked":"FTL","floor":4},{"not_picked":["Force Field","BootSequence"],"picked":"Beam Cell","floor":7},{"not_picked":["Tempest","Coolheaded"],"picked":"Rebound","floor":10},{"not_picked":["Hologram","Force Field"],"picked":"Rebound","floor":11},{"not_picked":["Beam Cell","Ball Lightning"],"picked":"Hyperbeam","floor":13},{"not_picked":["Lockon","Steam"],"picked":"Leap","floor":14},{"not_picked":["Seek","Machine Learning"],"picked":"Echo Form","floor":16},{"not_picked":["Redo","Streamline"],"picked":"Double Energy","floor":18},{"not_picked":["Static Discharge","Consume"],"picked":"Skim","floor":19},{"not_picked":["Double Energy","Rebound"],"picked":"Auto Shields","floor":20},{"not_picked":["Auto Shields","Coolheaded"],"picked":"Loop","floor":22}],"player_experience":546437,"relics_obtained":[{"floor":9,"key":"Ancient Tea Set"},{"floor":11,"key":"Happy Flower"}],"event_choices":[{"damage_healed":0,"gold_gain":75,"player_choice":"Gather Gold","damage_taken":11,"max_hp_gain":0,"max_hp_loss":0,"event_name":"World of Goop","floor":2,"gold_loss":0},{"cards_removed":["Strike_B"],"damage_healed":0,"gold_gain":0,"player_choice":"Card Removal","damage_taken":7,"max_hp_gain":0,"max_hp_loss":0,"event_name":"Golden Wing","floor":3,"gold_loss":0},{"damage_healed":0,"gold_gain":0,"player_choice":"Bought 1 Potion","damage_taken":0,"max_hp_gain":0,"max_hp_loss":0,"event_name":"The Woman in Blue","floor":5,"gold_loss":0}],"is_beta":false,"boss_relics":[{"not_picked":["FrozenCore","Sozu"],"picked":"Empty Cage"}],"items_purged_floors":[],"is_endless":false,"potions_floor_spawned":[4,7,10,14,19,20],"killed_by":"Slavers","ascension_level":14}