{"path_per_floor":["M","M","M","?","$","R","E","R","T","R","?","?","E","M","R","B",null,"M","?","?","$","M","E","R","E","T","M","M","M","M","E","R","B",null,"M","?","M","?","M","$","R","E","T","E","R","M","M","M","R","B"],"character_chosen":"IRONCLAD","items_purchased":["Apotheosis","Vajra","Mango"],"gold_per_floor":[114,125,139,214,22,22,51,51,51,51,51,51,83,102,102,204,204,216,216,216,141,155,183,183,211,211,224,236,252,271,305,305,402,402,415,464,476,476,488,42,42,67,91,116,116,136,150,167,167,167],"floor_reached":51,"campfire_rested":4,"playtime":1727,"current_hp_per_floor":[72,62,64,53,53,72,73,73,73,73,66,48,67,72,72,43,70,79,79,63,63,73,45,68,60,62,83,83,85,85,87,87,35,76,91,93,86,105,92,106,106,98,98,85,121,125,101,97,129,36],"items_purged":["Strike_R"],"gold":167,"score":1078,"play_id":"ea0ca1db-82be-4e5c-90f8-1f4b50ee5f05","local_time":"20180326010712","is_prod":false,"is_daily":false,"is_ascension_mode":true,"campfire_upgraded":4,"timestamp":1522040832,"path_taken":["M","?","M","?","$","R","E","R","T","R","?","?","E","M","R","BOSS","M","?","?","$","M","E","R","E","T","M","M","M","M","E","R","BOSS","M","?","M","?","M","$","R","E","T","E","R","M","M","M","R","BOSS"],"build_version":"2018-03-22v2","purchased_purges":1,"victory":true,"master_deck":["Strike_R+1","Defend_R","Defend_R","Bash","Offering+1","Ghostly Armor","Rampage+1","Whirlwind+1","Apotheosis+1","Reaper+1","Offering+1","Impervious","Seeing Red+1","Headbutt+1","Flex","Burning Pact+1","Searing Blow+1","Seeing Red+1","Flex","Exhume"],"max_hp_per_floor":[72,72,72,72,72,72,79,79,79,79,79,79,79,79,79,79,79,79,79,79,79,79,79,79,81,83,83,83,85,85,87,87,89,89,91,93,95,105,105,119,119,121,121,123,123,125,127,129,129,129],"relics":["Black Blood","Strawberry","Magic Flower","Charon\u0027s Ashes","Prayer Wheel","Enchiridion","Singing Bowl","Omamori","Whetstone","Juzu Bracelet","Astrolabe","Peace Pipe","Vajra","Mango","Shovel","Blood Vial","Calipers"],"card_choices":[{"not_picked":["Bludgeon","Impervious"],"picked":"Offering","floor":0},{"not_picked":["Perfected Strike","Hemokinesis"],"picked":"Ghostly Armor","floor":1},{"not_picked":["Thunderclap","Sentinel"],"picked":"Rampage","floor":2},{"not_picked":["Wild Strike","Sword Boomerang"],"picked":"Whirlwind","floor":3},{"not_picked":["Whirlwind","Combust"],"picked":"Reaper","floor":7},{"not_picked":["Berserk","Bludgeon"],"picked":"Offering","floor":16},{"not_picked":["Headbutt","Wild Strike"],"picked":"Impervious","floor":23},{"not_picked":["Carnage","Twin Strike"],"picked":"Seeing Red","floor":27},{"not_picked":["Havoc","Thunderclap"],"picked":"Headbutt","floor":28},{"not_picked":["Dropkick","Wild Strike"],"picked":"Flex","floor":30},{"not_picked":["Thunderclap","Battle Trance"],"picked":"Flex","floor":39},{"not_picked":["Infernal Blade","Uppercut"],"picked":"Exhume","floor":43}],"player_experience":272602,"potions_floor_usage":[33,50],"damage_taken":[{"damage":4,"enemies":"Cultist","floor":1,"turns":2},{"damage":16,"enemies":"Small Slimes","floor":2,"turns":3},{"damage":4,"enemies":"2 Louse","floor":3,"turns":2},{"damage":12,"enemies":"Gremlin Nob","floor":7,"turns":3},{"damage":13,"enemies":"3 Sentries","floor":13,"turns":3},{"damage":4,"enemies":"Blue Slaver","floor":14,"turns":2},{"damage":46,"enemies":"The Guardian","floor":16,"turns":10},{"damage":8,"enemies":"3 Byrds","floor":18,"turns":2},{"damage":5,"enemies":"2 Thieves","floor":22,"turns":2},{"damage":57,"enemies":"Book of Stabbing","floor":23,"turns":4},{"damage":36,"enemies":"Slavers","floor":25,"turns":2},{"damage":13,"enemies":"3 Cultists","floor":27,"turns":2},{"damage":12,"enemies":"Snake Plant","floor":28,"turns":2},{"damage":12,"enemies":"Cultist and Chosen","floor":29,"turns":2},{"damage":8,"enemies":"Centurion and Healer","floor":30,"turns":2},{"damage":12,"enemies":"Gremlin Leader","floor":31,"turns":4},{"damage":84,"enemies":"Automaton","floor":33,"turns":12},{"damage":12,"enemies":"3 Darklings","floor":35,"turns":1},{"damage":4,"enemies":"Mysterious Sphere","floor":36,"turns":2},{"damage":24,"enemies":"3 Shapes","floor":37,"turns":1},{"damage":28,"enemies":"Sphere and 2 Shapes","floor":39,"turns":1},{"damage":25,"enemies":"Giant Head","floor":42,"turns":5},{"damage":33,"enemies":"2 Orb Walkers","floor":44,"turns":3},{"damage":12,"enemies":"3 Darklings","floor":46,"turns":2},{"damage":41,"enemies":"Maw","floor":47,"turns":5},{"damage":24,"enemies":"Sphere and 2 Shapes","floor":48,"turns":2},{"damage":108,"enemies":"Donu and Deca","floor":50,"turns":6}],"event_choices":[{"event_name":"World of Goop","player_choice":"Gather Gold","floor":4,"damage_taken":0},{"event_name":"Golden Wing","player_choice":"Card Removal","floor":11,"damage_taken":0},{"event_name":"Scrap Ooze","player_choice":"success","floor":12,"damage_taken":18},{"event_name":"Duplicator","player_choice":"One dupe","floor":19,"damage_taken":0},{"event_name":"Cursed Tome","player_choice":"Obtained Book","floor":20,"damage_taken":0},{"event_name":"Mysterious Sphere","player_choice":"Fight","floor":36,"damage_taken":0},{"event_name":"Bonfire Elementals","player_choice":"RARE","floor":38,"damage_taken":0}],"boss_relics":[{"not_picked":["Calling Bell","Runic Pyramid"],"picked":"Black Blood"},{"not_picked":["Black Star","Velvet Choker"],"picked":"Astrolabe"}],"potions_floor_spawned":[3,7,13,18,22,29,31,33,39,42,44,46],"seed_played":"-6126024399095130438","ascension_level":6,"is_trial":false}