{"gold_per_floor":[114,30,30,80,99,126,126,126,126,182,38,56,56,73,73,152,152,129,129,144,63,63],"floor_reached":22,"playtime":598,"items_purged":[],"score":393,"play_id":"8a25217d-7e57-4b54-bf74-6fe8c776f3e5","local_time":"20190916160804","is_ascension_mode":true,"campfire_choices":[{"data":"Footwork","floor":7.0,"key":"SMITH"},{"floor":15.0,"key":"REST"}],"neow_cost":"NONE","seed_source_timestamp":181625173517700,"circlet_count":0,"master_deck":["AscendersBane","Strike_G","Strike_G","Strike_G","Strike_G+1","Defend_G","Defend_G","Defend_G","Defend_G","Defend_G","Survivor","Neutralize+1","Distraction","Caltrops","Footwork+1","Quick Slash","Envenom","Blade Dance","Bane","Trip","Sucker Punch","Poisoned Stab","Riddle With Holes","Infinite Blades","Bullet Time","Deflect","Cloak And Dagger","RitualDagger","Dodge and Roll","Calculated Gamble","Footwork"],"special_seed":0,"relics":["Ring of the Snake","NeowsBlessing","Whetstone","Ancient Tea Set","Prayer Wheel","HoveringKite"],"potions_floor_usage":[20,22],"damage_taken":[{"damage":0.0,"enemies":"Jaw Worm","floor":1.0,"turns":1.0},{"damage":0.0,"enemies":"2 Louse","floor":5.0,"turns":1.0},{"damage":0.0,"enemies":"Gremlin Nob","floor":6.0,"turns":1.0},{"damage":28.0,"enemies":"3 Sentries","floor":10.0,"turns":12.0},{"damage":1.0,"enemies":"Cultist","floor":12.0,"turns":4.0},{"damage":10.0,"enemies":"Large Slime","floor":14.0,"turns":5.0},{"damage":20.0,"enemies":"Hexaghost","floor":16.0,"turns":9.0},{"damage":14.0,"enemies":"2 Thieves","floor":18.0,"turns":4.0},{"damage":19,"enemies":"Shell Parasite","floor":20,"turns":6},{"damage":21,"enemies":"Shelled Parasite and Fungi","floor":22,"turns":2}],"seed_played":"7546317576118309081","potions_obtained":[{"floor":12.0,"key":"Fire Potion"},{"floor":14.0,"key":"LiquidBronze"},{"floor":16.0,"key":"Explosive Potion"},{"floor":18.0,"key":"GhostInAJar"}],"is_trial":false,"path_per_floor":["M","$","?","?","M","E","R","?","T","?","$","M","$","M","R","B",null,"M","?","M","$","M"],"character_chosen":"THE_SILENT","items_purchased":["Caltrops","Bane","Trip","Footwork"],"campfire_rested":1,"item_purchase_floors":[2,11,11,21],"current_hp_per_floor":[59,59,59,53,53,53,53,53,53,25,25,24,24,14,33,13,53,39,33,14,14,0],"gold":63,"neow_bonus":"THREE_ENEMY_KILL","is_prod":false,"is_daily":false,"chose_seed":false,"campfire_upgraded":1,"win_rate":0,"timestamp":1568668084,"path_taken":["M","$","?","?","?","E","R","?","T","?","$","M","?","M","R","BOSS","M","?","M","$","M"],"build_version":"2019-09-12","purchased_purges":0,"victory":false,"max_hp_per_floor":[66,66,66,66,66,66,66,66,66,66,66,66,66,66,66,66,66,66,66,66,66,66],"card_choices":[{"not_picked":["Dodge and Roll","Sucker Punch"],"picked":"Distraction","floor":1.0},{"not_picked":["Choke","Crippling Poison"],"picked":"Footwork","floor":5.0},{"not_picked":["Bane","Prepared"],"picked":"Quick Slash","floor":6.0},{"not_picked":["Quick Slash","Slice"],"picked":"Blade Dance","floor":10.0},{"not_picked":["Backflip","Dagger Throw"],"picked":"Sucker Punch","floor":12.0},{"not_picked":["Envenom","Dodge and Roll"],"picked":"Poisoned Stab","floor":12.0},{"not_picked":["Bane","Dodge and Roll"],"picked":"Riddle With Holes","floor":14.0},{"not_picked":["PiercingWail","Finisher"],"picked":"Infinite Blades","floor":14.0},{"not_picked":["Phantasmal Killer","Venomology"],"picked":"Bullet Time","floor":16.0},{"not_picked":["Bouncing Flask","Bane"],"picked":"Deflect","floor":18.0},{"not_picked":["Sucker Punch","Dagger Throw"],"picked":"Cloak And Dagger","floor":18.0},{"not_picked":["Blade Dance","PiercingWail"],"picked":"Dodge and Roll","floor":20},{"not_picked":["Deadly Poison","Infinite Blades"],"picked":"Calculated Gamble","floor":20}],"player_experience":1359595,"relics_obtained":[{"floor":6.0,"key":"Whetstone"},{"floor":9.0,"key":"Ancient Tea Set"},{"floor":10.0,"key":"Prayer Wheel"}],"event_choices":[{"damage_healed":0.0,"max_hp_gain":0.0,"max_hp_loss":0.0,"gold_gain":0.0,"event_name":"Golden Idol","player_choice":"Ignored","floor":3.0,"gold_loss":0.0,"damage_taken":0.0},{"damage_healed":0.0,"max_hp_gain":0.0,"max_hp_loss":0.0,"gold_gain":50.0,"event_name":"FaceTrader","player_choice":"Touch","floor":4.0,"gold_loss":0.0,"damage_taken":6.0},{"damage_healed":0.0,"max_hp_gain":0.0,"max_hp_loss":0.0,"gold_gain":0.0,"cards_transformed":["Strike_G"],"event_name":"Living Wall","player_choice":"Change","floor":8.0,"gold_loss":0.0,"damage_taken":0.0,"cards_obtained":["Envenom"]},{"damage_healed":0.0,"max_hp_gain":0.0,"max_hp_loss":0.0,"gold_gain":0.0,"event_name":"Dead Adventurer","player_choice":"Searched \u00272\u0027 times","floor":10.0,"gold_loss":0.0,"damage_taken":0.0},{"damage_healed":0.0,"max_hp_gain":0.0,"max_hp_loss":0.0,"gold_gain":0.0,"event_name":"Nest","player_choice":"Joined the Cult","floor":19.0,"gold_loss":0.0,"damage_taken":6.0,"cards_obtained":["RitualDagger"]}],"is_beta":true,"boss_relics":[{"not_picked":["Coffee Dripper","Empty Cage"],"picked":"HoveringKite"}],"items_purged_floors":[],"is_endless":false,"potions_floor_spawned":[12,14,16,18],"killed_by":"Shelled Parasite and Fungi","ascension_level":18}