{"gold_per_floor":[114,114,114,39,58,87,87,40,40,40,60,60,60,74,74,178,178,193,93,113,178,228,228,257,257,257,121,171,224,374,457,457,630,730,775,825,886,647,697,778,778,872,895,984,984,1103,1166,1262,1262,1378],"floor_reached":51,"playtime":1228,"items_purged":["Spreading Infection","Defend_G"],"score":1138,"play_id":"1c6c6bf7-7477-4c5a-b339-38c8410df89c","local_time":"20190331215901","is_ascension_mode":true,"campfire_choices":[{"data":"aspiration:Lunge","floor":7,"key":"SMITH"},{"data":"Blade Dance","floor":10,"key":"SMITH"},{"data":"Blade Dance","floor":12,"key":"SMITH"},{"data":"Glass Knife","floor":15,"key":"SMITH"},{"data":"infinitespire:Neurotoxin","floor":23,"key":"SMITH"},{"data":"Neutralize","floor":25,"key":"SMITH"},{"data":"Choke","floor":32,"key":"SMITH"},{"data":"After Image","floor":41,"key":"SMITH"},{"data":"Blade Dance","floor":45,"key":"SMITH"},{"data":"hubris:TrickCloak","floor":49,"key":"SMITH"}],"neow_cost":"NONE","seed_source_timestamp":3478418343260981,"circlet_count":0,"master_deck":["Flex+1","Defend_G","Defend_G","Defend_G","Defend_G","Strike_G","Strike_G","Strike_G","Strike_G","Strike_G","Survivor","Neutralize+1","Blade Dance+1","aspiration:Lunge+1","Dagger Spray","Blade Dance+1","Glass Knife+1","infinitespire:Neurotoxin+1","Cloak And Dagger+1","Choke+1","Slice","After Image+1","Blade Dance+1","Deflect+1","hubris:TrickCloak+1"],"relics":["Ring of the Snake","Ring of Fury","Ring of Misfortune","hubris:AncientText","aspiration:HummingbirdHeart","SsserpentHead","aspiration:PoetsPen","aspiration:Lifesprig","LugNut","Bandana","Boot","Replay:Wanted Poster","Quantum Egg","Question Card","Pen Nib","Oddly Smooth Stone","strawberrySpire:MawJerky","hubris:CrystalStatue","strawberrySpire:ElefentMask"],"potions_floor_usage":[],"damage_taken":[{"damage":3,"enemies":"Small Slimes","floor":1,"turns":4},{"damage":12,"enemies":"Jaw Worm","floor":5,"turns":2},{"damage":19,"enemies":"3 Sentries","floor":6,"turns":9},{"damage":0,"enemies":"Cultist","floor":11,"turns":1},{"damage":0,"enemies":"2 Fungi Beasts","floor":14,"turns":1},{"damage":34,"enemies":"Fading Forest","floor":16,"turns":11},{"damage":3,"enemies":"2 Thieves","floor":18,"turns":2},{"damage":0,"enemies":"Chosen","floor":20,"turns":2},{"damage":6,"enemies":"Snake Plant","floor":21,"turns":3},{"damage":13,"enemies":"Book of Stabbing","floor":24,"turns":3},{"damage":0,"enemies":"Shelled Parasite and Fungi","floor":29,"turns":1},{"damage":3,"enemies":"Centurion and Healer","floor":30,"turns":2},{"damage":1,"enemies":"Slavers","floor":31,"turns":2},{"damage":20,"enemies":"Pondfish","floor":33,"turns":4},{"damage":8,"enemies":"3 Shapes","floor":35,"turns":2},{"damage":0,"enemies":"3 Darklings","floor":37,"turns":1},{"damage":0,"enemies":"Nemesis","floor":40,"turns":3},{"damage":0,"enemies":"R_Hoarder","floor":42,"turns":3},{"damage":0,"enemies":"strawberrySpire:EssenceStones","floor":44,"turns":2},{"damage":0,"enemies":"Transient","floor":46,"turns":3},{"damage":0,"enemies":"Giant Head","floor":47,"turns":2},{"damage":0,"enemies":"Awakened One","floor":50,"turns":3}],"seed_played":"-5787214986201722826","potions_obtained":[{"floor":14,"key":"SneckoOil"},{"floor":18,"key":"SteroidPotion"},{"floor":20,"key":"Swift Potion"},{"floor":40,"key":"infinitespire:BlackPotion"},{"floor":44,"key":"infinitespire:BlackPotion"}],"is_trial":false,"path_per_floor":["M","?","?","$","M","E","R","$","T","R","M","R","?","M","R","B",null,"M","$","M","M","?","R","E","R","T","$","?","M","M","E","R","B",null,"M","?","M","$","?","E","R","E","T","E","R","M","E","T","R","B",null],"character_chosen":"THE_SILENT","items_purchased":["Dagger Spray","Bandana","Choke","Quantum Egg"],"campfire_rested":0,"item_purchase_floors":[8,27,27,38],"current_hp_per_floor":[74,74,74,74,62,43,43,43,43,43,43,43,43,43,43,29,77,74,74,74,68,68,68,55,55,55,55,55,55,53,55,55,42,77,71,71,71,71,71,77,77,77,77,77,77,77,81,81,81,81],"gold":1378,"neow_bonus":"TEN_PERCENT_HP_BONUS","is_prod":false,"is_daily":false,"chose_seed":false,"campfire_upgraded":10,"win_rate":0,"timestamp":1554083941,"path_taken":["M","?","?","$","?","E","R","$","T","R","M","R","?","M","R","BOSS","M","$","M","?","?","R","E","R","T","?","?","M","M","E","R","BOSS","M","?","M","$","?","E","R","E","T","E","R","M","E","?","R","BOSS"],"build_version":"2019-01-23","purchased_purges":2,"victory":true,"max_hp_per_floor":[77,77,77,77,77,77,77,77,77,77,77,77,77,77,77,77,77,77,77,77,77,77,77,77,77,77,77,77,77,77,77,77,77,77,77,77,77,77,77,77,77,77,77,77,77,77,81,81,81,81],"card_choices":[{"not_picked":["hubris:SlightOfHand","Sucker Punch"],"picked":"Blade Dance","floor":1},{"not_picked":["Outmaneuver","PiercingWail","Deadly Poison"],"picked":"SKIP","floor":5},{"not_picked":["Concentrate","Underhanded Strike"],"picked":"aspiration:Lunge","floor":6},{"not_picked":["Bane","Fluid Movement"],"picked":"Blade Dance","floor":11},{"not_picked":["Slice","Deadly Poison"],"picked":"Glass Knife","floor":14},{"not_picked":["Burst","Venomology"],"picked":"infinitespire:Neurotoxin","floor":16},{"not_picked":["Hidden Blade","strawberrySpire:HopSkipAndJump+1","hubris:Sniper"],"picked":"SKIP","floor":18},{"not_picked":["strawberrySpire:DeltaFlow","PiercingWail","Flying Knee"],"picked":"SKIP","floor":20},{"not_picked":["Well Laid Plans","strawberrySpire:DeltaFlow+1","Tactician"],"picked":"SKIP","floor":21},{"not_picked":["Dagger Throw","Underhanded Strike"],"picked":"Cloak And Dagger+1","floor":24},{"not_picked":["Flying Knee","strawberrySpire:Urgency","hubris:Sniper"],"picked":"SKIP","floor":29},{"not_picked":["Eviscerate+1","Dagger Throw"],"picked":"Slice","floor":30},{"not_picked":["strawberrySpire:Insectonator","Tactician","strawberrySpire:Urgency"],"picked":"SKIP","floor":31},{"not_picked":["strawberrySpire:HotShot","Phantasmal Killer"],"picked":"After Image","floor":33},{"not_picked":["hubris:SlightOfHand+1","Pace"],"picked":"Blade Dance","floor":35},{"not_picked":["Cloak And Dagger+1","Blade Dance"],"picked":"Deflect+1","floor":37},{"not_picked":["Hidden Blade+1","Draining Mist+1","Outmaneuver+1"],"picked":"SKIP","floor":40},{"not_picked":["Sneak Up","Wraith Form v2","Sucker Punch","Masterful Stab"],"picked":"SKIP","floor":42},{"not_picked":["A Thousand Cuts","strawberrySpire:Fastroyer","hubris:SlightOfHand+1","strawberrySpire:SpinKick"],"picked":"SKIP","floor":44},{"not_picked":["Distraction","Footwork","Well Laid Plans","Draining Mist+1"],"picked":"SKIP","floor":46},{"not_picked":["strawberrySpire:Pant","Underhanded Strike","Deflect+1"],"picked":"hubris:TrickCloak","floor":47}],"player_experience":740618,"relics_obtained":[{"floor":3,"key":"Ring of Fury"},{"floor":3,"key":"Ring of Misfortune"},{"floor":6,"key":"hubris:AncientText"},{"floor":9,"key":"aspiration:HummingbirdHeart"},{"floor":24,"key":"aspiration:Lifesprig"},{"floor":26,"key":"LugNut"},{"floor":31,"key":"Boot"},{"floor":40,"key":"Question Card"},{"floor":42,"key":"Pen Nib"},{"floor":43,"key":"Oddly Smooth Stone"},{"floor":44,"key":"strawberrySpire:MawJerky"},{"floor":47,"key":"hubris:CrystalStatue"},{"floor":48,"key":"strawberrySpire:ElefentMask"}],"event_choices":[{"damage_healed":0,"gold_gain":0,"player_choice":"Ignored","damage_taken":0,"max_hp_gain":0,"max_hp_loss":0,"event_name":"Liars Game","floor":2,"gold_loss":0},{"damage_healed":0,"gold_gain":0,"player_choice":"Trade","damage_taken":0,"relics_obtained":["SsserpentHead"],"max_hp_gain":0,"max_hp_loss":0,"event_name":"FaceTrader","floor":13,"gold_loss":0},{"damage_healed":0,"gold_gain":0,"player_choice":"Ignored","damage_taken":0,"max_hp_gain":0,"max_hp_loss":0,"event_name":"Tomb of Lord Red Mask","floor":36,"gold_loss":0},{"damage_healed":0,"gold_gain":0,"player_choice":"Memory 1","damage_taken":0,"max_hp_gain":0,"max_hp_loss":0,"event_name":"SensoryStone","floor":39,"gold_loss":0}],"is_beta":false,"boss_relics":[{"not_picked":["Astrolabe","Replay:Grab Bag"],"picked":"aspiration:PoetsPen"},{"not_picked":["Orrery","Runic Dome"],"picked":"Replay:Wanted Poster"}],"items_purged_floors":[4,19],"is_endless":false,"potions_floor_spawned":[14,18,20,21,31,33,40,44],"ascension_level":3}