{"gold_per_floor":[115,129,129,146,158,186,244,244,293,312,312,275,313,313,313,437,437,455,455,455,479,479,492,492,507,585,604,33,52,177,200,200,200],"floor_reached":33,"playtime":1367,"items_purged":["Injury"],"score":299,"play_id":"fb920b17-e9e4-47e5-b8e0-b14c699cbba7","local_time":"20190917165156","is_ascension_mode":false,"campfire_choices":[{"floor":8,"key":"REST"},{"floor":15,"key":"REST"},{"data":"Perfected Strike","floor":24,"key":"SMITH"},{"floor":32,"key":"REST"}],"neow_cost":"NONE","seed_source_timestamp":130893475213000,"circlet_count":0,"master_deck":["Strike_R+1","Strike_R+1","Strike_R+1","Strike_R+1","Strike_R+1","Defend_R+1","Defend_R+1","Defend_R+1","Defend_R+1","Bash","Perfected Strike+1","Pommel Strike","Twin Strike","Wild Strike","Wild Strike+1","Shrug It Off","Perfected Strike"],"relics":["Burning Blood","Juzu Bracelet","The Courier","Smiling Mask","Vajra","Golden Idol","Odd Mushroom","Dead Branch","Mark of Pain","Gremlin Horn","Sling","Lantern","Calipers","Thread and Needle","Meat on the Bone"],"potions_floor_usage":[6,7,13,16,18,23,29,33],"damage_taken":[{"damage":8,"enemies":"2 Louse","floor":1,"turns":3},{"damage":1,"enemies":"Cultist","floor":2,"turns":4},{"damage":7,"enemies":"Small Slimes","floor":4,"turns":3},{"damage":11,"enemies":"3 Louse","floor":5,"turns":4},{"damage":36,"enemies":"Lagavulin","floor":6,"turns":5},{"damage":30,"enemies":"3 Sentries","floor":7,"turns":10},{"damage":16,"enemies":"Large Slime","floor":10,"turns":6},{"damage":34,"enemies":"The Mushroom Lair","floor":13,"turns":5},{"damage":0,"enemies":"Slime Boss","floor":16,"turns":8},{"damage":19,"enemies":"2 Thieves","floor":18,"turns":4},{"damage":24,"enemies":"Shell Parasite","floor":21,"turns":3},{"damage":22,"enemies":"Sentry and Sphere","floor":23,"turns":4},{"damage":9,"enemies":"3 Cultists","floor":25,"turns":5},{"damage":16,"enemies":"Centurion and Healer","floor":27,"turns":5},{"damage":6,"enemies":"Cultist and Chosen","floor":29,"turns":5},{"damage":0,"enemies":"Colosseum Slavers","floor":30,"turns":3},{"damage":0,"enemies":"Colosseum Nobs","floor":30,"turns":3},{"damage":0,"enemies":"Chosen and Byrds","floor":31,"turns":3},{"damage":110,"enemies":"Automaton","floor":33,"turns":6}],"seed_played":"-4307977834391800917","potions_obtained":[{"floor":2,"key":"SteroidPotion"},{"floor":5,"key":"Swift Potion"},{"floor":10,"key":"BloodPotion"},{"floor":13,"key":"GamblersBrew"},{"floor":16,"key":"Block Potion"},{"floor":21,"key":"Poison Potion"},{"floor":27,"key":"SkillPotion"},{"floor":31,"key":"Explosive Potion"}],"is_trial":false,"path_per_floor":["M","M","?","M","M","E","?","R","T","M","?","?","?","T","R","B",null,"M","?","?","M","?","M","R","M","T","M","$","M","?","M","R","B"],"character_chosen":"IRONCLAD","items_purchased":["Sling","Lantern","Calipers"],"campfire_rested":3,"item_purchase_floors":[28,28,28],"current_hp_per_floor":[78,80,80,79,74,44,20,44,44,34,34,34,26,26,50,56,80,67,67,67,49,75,59,59,56,56,46,46,46,58,64,80,0],"gold":200,"neow_bonus":"RANDOM_COMMON_RELIC","is_prod":false,"is_daily":false,"chose_seed":false,"campfire_upgraded":1,"win_rate":0,"timestamp":1568753516,"path_taken":["M","M","?","M","M","E","?","R","T","M","?","?","?","?","R","BOSS","M","?","?","M","?","M","R","M","T","M","$","M","?","M","R","BOSS"],"build_version":"2019-07-17","purchased_purges":1,"victory":false,"max_hp_per_floor":[80,80,80,80,80,80,80,80,80,80,80,80,80,80,80,80,80,80,80,80,80,80,80,80,80,80,80,80,80,80,80,80,80],"card_choices":[{"not_picked":["Cleave","Corruption","Carnage"],"picked":"SKIP","floor":1},{"not_picked":["Searing Blow","Pummel"],"picked":"Perfected Strike","floor":2},{"not_picked":["True Grit","Armaments","Dropkick"],"picked":"SKIP","floor":4},{"not_picked":["Havoc","Shockwave"],"picked":"Pommel Strike","floor":5},{"not_picked":["Cleave","Thunderclap","True Grit"],"picked":"SKIP","floor":6},{"not_picked":["Warcry","Brutality"],"picked":"Twin Strike","floor":10},{"not_picked":["Cleave","Spot Weakness"],"picked":"Wild Strike","floor":13},{"not_picked":["Rupture","Flex"],"picked":"Wild Strike+1","floor":18},{"not_picked":["Headbutt","Entrench","Sword Boomerang"],"picked":"SKIP","floor":21},{"not_picked":["Infernal Blade","Armaments"],"picked":"Shrug It Off","floor":23},{"not_picked":["Metallicize+1","Bloodletting+1","Searing Blow"],"picked":"SKIP","floor":25},{"not_picked":["Shockwave","Sword Boomerang+1","Sever Soul"],"picked":"SKIP","floor":27},{"not_picked":["Rage","Sever Soul+1","True Grit"],"picked":"SKIP","floor":29},{"not_picked":["Carnage","Infernal Blade"],"picked":"Perfected Strike","floor":30},{"not_picked":["Armaments","Disarm+1","Anger"],"picked":"SKIP","floor":31}],"player_experience":555511,"relics_obtained":[{"floor":6,"key":"The Courier"},{"floor":9,"key":"Vajra"},{"floor":13,"key":"Odd Mushroom"},{"floor":14,"key":"Dead Branch"},{"floor":26,"key":"Gremlin Horn"},{"floor":30,"key":"Thread and Needle"},{"floor":30,"key":"Meat on the Bone"}],"event_choices":[{"damage_healed":0,"gold_gain":0,"player_choice":"Ignored","damage_taken":0,"max_hp_gain":0,"max_hp_loss":0,"event_name":"NoteForYourself","floor":3,"gold_loss":0},{"damage_healed":0,"gold_gain":0,"player_choice":"Searched \u00272\u0027 times","damage_taken":0,"relics_obtained":["Smiling Mask"],"max_hp_gain":0,"max_hp_loss":0,"event_name":"Dead Adventurer","floor":7,"gold_loss":0},{"damage_healed":0,"gold_gain":0,"player_choice":"Take Wound","damage_taken":0,"relics_obtained":["Golden Idol"],"max_hp_gain":0,"max_hp_loss":0,"event_name":"Golden Idol","floor":11,"gold_loss":0,"cards_obtained":["Injury"]},{"damage_healed":0,"gold_gain":0,"player_choice":"Left Gold","damage_taken":0,"max_hp_gain":0,"max_hp_loss":0,"event_name":"World of Goop","floor":12,"gold_loss":37},{"damage_healed":0,"gold_gain":0,"player_choice":"Fought Mushrooms","damage_taken":0,"max_hp_gain":0,"max_hp_loss":0,"event_name":"Mushrooms","floor":13,"gold_loss":0},{"damage_healed":0,"gold_gain":0,"player_choice":"Simplicity","damage_taken":0,"max_hp_gain":0,"max_hp_loss":0,"event_name":"Back to Basics","floor":19,"gold_loss":0,"cards_upgraded":["Strike_R","Strike_R","Strike_R","Strike_R","Strike_R","Defend_R","Defend_R","Defend_R","Defend_R"]},{"damage_healed":0,"gold_gain":0,"player_choice":"Ignored","damage_taken":0,"max_hp_gain":0,"max_hp_loss":0,"event_name":"Vampires","floor":20,"gold_loss":0},{"damage_healed":26,"gold_gain":0,"player_choice":"Heal","damage_taken":0,"max_hp_gain":0,"max_hp_loss":0,"event_name":"The Library","floor":22,"gold_loss":0},{"damage_healed":0,"gold_gain":0,"player_choice":"Fight","damage_taken":0,"max_hp_gain":0,"max_hp_loss":0,"event_name":"Colosseum","floor":30,"gold_loss":0},{"damage_healed":0,"gold_gain":0,"player_choice":"Fought Nobs","damage_taken":0,"max_hp_gain":0,"max_hp_loss":0,"event_name":"Colosseum","floor":30,"gold_loss":0}],"is_beta":false,"boss_relics":[{"not_picked":["Orrery","Empty Cage"],"picked":"Mark of Pain"}],"items_purged_floors":[28],"is_endless":false,"potions_floor_spawned":[2,5,10,13,16,21,27,31],"killed_by":"Automaton","ascension_level":0}