{"path_per_floor":["M","M","M","M","M","R","$","M","T","M","R","E","M","M","R","B",null,"M","$","M","?","M","E","R","?","T","R","M","M","M","M","R"],"character_chosen":"IRONCLAD","items_purchased":["Oddly Smooth Stone","Sadistic Nature","Combust"],"gold_per_floor":[114,131,148,166,185,185,42,53,80,91,91,120,139,152,152,254,254,254,7,7,7,7,7,7,7,7,7,7,7,7,7,7],"floor_reached":33,"campfire_rested":2,"playtime":1714,"current_hp_per_floor":[80,80,80,75,80,80,80,76,76,80,80,72,78,74,74,14,80,78,78,78,83,86,42,68,68,68,68,56,30,35,19,46],"items_purged":[],"gold":7,"score":277,"play_id":"1c21bc7b-83ef-4959-be05-24002966a38c","is_prod":false,"is_daily":false,"is_ascension_mode":false,"campfire_upgraded":4,"path_taken":["M","M","?","M","M","R","$","M","T","M","R","E","M","M","R","BOSS","M","$","M","?","M","E","R","?","T","R","M","M","M","?","R","BOSS"],"build_version":"2018-02-15-PROD1","purchased_purges":0,"victory":false,"master_deck":["Strike_R","Strike_R","Strike_R","Strike_R","Defend_R","Defend_R","Defend_R","Defend_R","Bash+1","Flex","Infernal Blade+1","Seeing Red","Blood for Blood+1","Sever Soul","Dropkick","Reaper","Armaments+1","Pummel","Feed","Clothesline+1","Sadistic Nature","Combust","Uppercut","Armaments","Pummel+1","Clothesline+1","Intimidate","Demon Form","Reckless Charge"],"max_hp_per_floor":[80,80,80,80,80,80,80,80,80,80,80,80,80,80,80,80,80,80,80,83,83,86,89,89,89,89,89,89,89,93,93,93],"relics":["Burning Blood","Oddly Smooth Stone","Lantern","Mercury Hourglass","Ectoplasm","Mummified Hand","Anchor"],"card_choices":[{"not_picked":["Perfected Strike","Warcry"],"picked":"Flex"},{"not_picked":["Combust","Headbutt"],"picked":"Infernal Blade"},{"not_picked":["Iron Wave","Power Through"],"picked":"Seeing Red"},{"not_picked":["Sword Boomerang","Iron Wave"],"picked":"Blood for Blood"},{"not_picked":["Armaments","Perfected Strike"],"picked":"Sever Soul"},{"not_picked":["Bloodletting","Rampage"],"picked":"Dropkick"},{"not_picked":["Wild Strike","Sword Boomerang"],"picked":"Reaper"},{"not_picked":["Heavy Blade","Sword Boomerang"],"picked":"Armaments"},{"not_picked":["Clash","Headbutt"],"picked":"Pummel"},{"not_picked":["Shrug It Off","Twin Strike"],"picked":"Clothesline"},{"not_picked":["Limit Break","Demon Form"],"picked":"Feed"},{"not_picked":["Rampage","Heavy Blade"],"picked":"Clothesline"},{"not_picked":["Heavy Blade","Dropkick"],"picked":"Uppercut"},{"not_picked":["Twin Strike","Rage"],"picked":"Armaments"},{"not_picked":["Body Slam","Battle Trance"],"picked":"Pummel"},{"not_picked":["Blood for Blood","Headbutt"],"picked":"Clothesline"},{"not_picked":["Combust","Reckless Charge"],"picked":"Intimidate"},{"not_picked":["Burning Pact","Pummel"],"picked":"Demon Form"},{"not_picked":["Fire Breathing","Warcry"],"picked":"Reckless Charge"}],"player_experience":64610,"potions_floor_usage":[23,31,33,33],"damage_taken":[{"damage":1,"enemies":"Cultist","floor":1,"turns":3},{"damage":0,"enemies":"Small Slimes","floor":2,"turns":3},{"damage":0,"enemies":"2 Louse","floor":3,"turns":2},{"damage":11,"enemies":"Lots of Slimes","floor":4,"turns":7},{"damage":0,"enemies":"Large Slime","floor":5,"turns":5},{"damage":10,"enemies":"Exordium Wildlife","floor":8,"turns":4},{"damage":0,"enemies":"Blue Slaver","floor":10,"turns":2},{"damage":14,"enemies":"Gremlin Nob","floor":12,"turns":3},{"damage":0,"enemies":"2 Fungi Beasts","floor":13,"turns":2},{"damage":10,"enemies":"Looter","floor":14,"turns":2},{"damage":72,"enemies":"Hexaghost","floor":16,"turns":9},{"damage":8,"enemies":"Shell Parasite","floor":18,"turns":4},{"damage":11,"enemies":"3 Byrds","floor":20,"turns":4},{"damage":7,"enemies":"Cultist and Chosen","floor":22,"turns":5},{"damage":53,"enemies":"Book of Stabbing","floor":23,"turns":6},{"damage":18,"enemies":"Snecko","floor":28,"turns":4},{"damage":38,"enemies":"Chosen and Byrds","floor":29,"turns":6},{"damage":20,"enemies":"3 Cultists","floor":30,"turns":5},{"damage":22,"enemies":"Snecko","floor":31,"turns":5},{"damage":57,"enemies":"Champ","floor":33,"turns":10}],"event_choices":[{"event_name":"Bonfire Elementals","player_choice":"COMMON","floor":21,"damage_taken":0},{"event_name":"Purifier","player_choice":"One Purge","floor":25,"damage_taken":0}],"boss_relics":[{"not_picked":["Orrery","Runic Dome"],"picked":"Ectoplasm"}],"potions_floor_spawned":[1,3,10,13,14,20,29,31],"seed_played":"5837038509802148111","killed_by":"Champ","ascension_level":0,"is_trial":false}