{"gold_per_floor":[114,39,52,52,26,59,59,87,87,105,121,138,154,154,154,256,306,321,321,321,338,46,46],"floor_reached":23,"playtime":1313,"items_purged":["Defend_R"],"score":226,"play_id":"a5480de6-961a-464b-badd-1253ff1fd9cf","local_time":"20190916230349","is_ascension_mode":false,"campfire_choices":[{"data":"True Grit","floor":7,"key":"SMITH"},{"floor":15,"key":"REST"}],"neow_cost":"NONE","seed_source_timestamp":66860124572400,"circlet_count":0,"master_deck":["Strike_R+1","Strike_R","Strike_R","Strike_R+1","Strike_R+1","Defend_R","Defend_R","Defend_R","Bash","Shrug It Off","True Grit+1","Pommel Strike","Pommel Strike","Warcry+1","Perfected Strike+1","Twin Strike","Havoc"],"relics":["Burning Blood","NeowsBlessing","Dead Branch","Paper Frog","Gremlin Horn","Potion Belt","Tiny House","Strange Spoon"],"potions_floor_usage":[8,16,16,16,23],"damage_taken":[{"damage":0,"enemies":"Jaw Worm","floor":1,"turns":1},{"damage":0,"enemies":"Small Slimes","floor":3,"turns":1},{"damage":0,"enemies":"Gremlin Nob","floor":6,"turns":1},{"damage":14,"enemies":"Lagavulin","floor":8,"turns":7},{"damage":2,"enemies":"2 Louse","floor":10,"turns":2},{"damage":7,"enemies":"Blue Slaver","floor":11,"turns":4},{"damage":1,"enemies":"Looter","floor":12,"turns":3},{"damage":0,"enemies":"2 Fungi Beasts","floor":13,"turns":4},{"damage":44,"enemies":"Hexaghost","floor":16,"turns":14},{"damage":4,"enemies":"Chosen","floor":18,"turns":7},{"damage":20,"enemies":"3 Byrds","floor":21,"turns":8},{"damage":61,"enemies":"Slavers","floor":23,"turns":7}],"seed_played":"-378552873582721097","potions_obtained":[{"floor":1,"key":"Weak Potion"},{"floor":6,"key":"EssenceOfSteel"},{"floor":10,"key":"Dexterity Potion"},{"floor":12,"key":"Energy Potion"},{"floor":17,"key":"GamblersBrew"}],"is_trial":false,"path_per_floor":["M","$","M","?","$","E","R","E","T","M","M","M","M","?","R","B",null,"M","?","?","M","$","E"],"character_chosen":"IRONCLAD","items_purchased":["Shrug It Off","Strange Spoon","Twin Strike","Havoc"],"campfire_rested":1,"item_purchase_floors":[5,22,22,22],"current_hp_per_floor":[80,80,80,64,64,70,70,62,62,66,65,70,76,69,80,42,85,85,69,69,55,55,0],"gold":46,"neow_bonus":"THREE_ENEMY_KILL","is_prod":false,"is_daily":false,"chose_seed":false,"campfire_upgraded":1,"win_rate":0,"timestamp":1568689429,"path_taken":["M","$","M","?","$","E","R","E","T","M","M","M","M","?","R","BOSS","M","?","?","M","$","E"],"build_version":"2019-07-17","purchased_purges":1,"victory":false,"max_hp_per_floor":[80,80,80,80,80,80,80,80,80,80,80,80,80,80,80,80,85,85,90,90,90,90,90],"card_choices":[{"not_picked":["Disarm","Sword Boomerang","Hemokinesis"],"picked":"SKIP","floor":1},{"not_picked":["Rampage","Feel No Pain","Entrench"],"picked":"SKIP","floor":3},{"not_picked":["Body Slam","Cleave"],"picked":"True Grit","floor":6},{"not_picked":["Hemokinesis","Feed"],"picked":"Pommel Strike","floor":8},{"not_picked":["Searing Blow","Anger","Sentinel"],"picked":"SKIP","floor":10},{"not_picked":["Clothesline","Entrench","Burning Pact"],"picked":"SKIP","floor":11},{"not_picked":["Armaments","Rupture","Intimidate"],"picked":"SKIP","floor":12},{"not_picked":["Carnage","Rupture","Heavy Blade"],"picked":"SKIP","floor":13},{"not_picked":["Evolve","Clash"],"picked":"Pommel Strike","floor":17},{"not_picked":["Second Wind","Body Slam"],"picked":"Warcry+1","floor":18},{"not_picked":["Twin Strike","Body Slam+1"],"picked":"Perfected Strike+1","floor":21}],"player_experience":541482,"relics_obtained":[{"floor":6,"key":"Dead Branch"},{"floor":8,"key":"Paper Frog"},{"floor":9,"key":"Gremlin Horn"}],"event_choices":[{"damage_healed":0,"gold_gain":0,"player_choice":"Entered Light","damage_taken":16,"max_hp_gain":0,"max_hp_loss":0,"event_name":"Shining Light","floor":4,"gold_loss":0,"cards_upgraded":["Strike_R","Strike_R"]},{"damage_healed":0,"gold_gain":0,"player_choice":"Success","damage_taken":7,"relics_obtained":["Potion Belt"],"max_hp_gain":0,"max_hp_loss":0,"event_name":"Scrap Ooze","floor":14,"gold_loss":0},{"damage_healed":0,"gold_gain":0,"player_choice":"Shed Blood","damage_taken":21,"max_hp_gain":5,"max_hp_loss":0,"event_name":"Forgotten Altar","floor":19,"gold_loss":0},{"damage_healed":0,"gold_gain":0,"player_choice":"Ignored","damage_taken":0,"max_hp_gain":0,"max_hp_loss":0,"event_name":"Ghosts","floor":20,"gold_loss":0}],"is_beta":false,"boss_relics":[{"not_picked":["Calling Bell","Philosopher\u0027s Stone"],"picked":"Tiny House"}],"items_purged_floors":[2],"is_endless":false,"potions_floor_spawned":[1,6,10,12],"killed_by":"Slavers","ascension_level":0}