{"gold_per_floor":[115,39,54,129,7,7,41,41,68,97,107,107,107,138,138,237,237,250,250,250,175,175,201,201,151,151,151,171,189,189,206,206,206],"floor_reached":33,"playtime":1637,"items_purged":["Defend_R","Defend_R"],"score":391,"play_id":"f6db2db0-5793-4de0-9550-59971b715fb5","local_time":"20190227131754","is_ascension_mode":true,"campfire_choices":[{"data":"Feed","floor":6,"key":"SMITH"},{"floor":8,"key":"REST"},{"floor":15,"key":"REST"},{"floor":24,"key":"REST"},{"floor":27,"key":"REST"},{"floor":32,"key":"REST"}],"neow_cost":"TEN_PERCENT_HP_LOSS","seed_source_timestamp":20748876097568,"circlet_count":0,"master_deck":["Strike_R","Strike_R","Strike_R","Strike_R","Strike_R","Defend_R","Defend_R","Bash","Feed","Fire Breathing","Flame Barrier","Warcry","Feed+1","Headbutt","Corruption","Intimidate","Metallicize","Double Tap","Thunderclap+1","Perfected Strike+1","Perfected Strike+1","Combust"],"relics":["Burning Blood","Thread and Needle","Vajra","Orichalcum","PreservedInsect","Sozu","Smiling Mask","Turnip","MutagenicStrength"],"potions_floor_usage":[7,16,16],"damage_taken":[{"damage":0,"enemies":"2 Louse","floor":1,"turns":2},{"damage":6,"enemies":"Cultist","floor":3,"turns":3},{"damage":54,"enemies":"Gremlin Nob","floor":7,"turns":5},{"damage":37,"enemies":"Lagavulin","floor":10,"turns":7},{"damage":3,"enemies":"Jaw Worm","floor":11,"turns":3},{"damage":17,"enemies":"Gremlin Nob","floor":14,"turns":4},{"damage":46,"enemies":"Hexaghost","floor":16,"turns":13},{"damage":4,"enemies":"Shell Parasite","floor":18,"turns":5},{"damage":47,"enemies":"Gremlin Leader","floor":23,"turns":8},{"damage":14,"enemies":"3 Byrds","floor":28,"turns":4},{"damage":16,"enemies":"Centurion and Healer","floor":29,"turns":5},{"damage":2,"enemies":"Chosen and Byrds","floor":31,"turns":3},{"damage":78,"enemies":"Automaton","floor":33,"turns":6}],"seed_played":"-1689360278176895381","potions_obtained":[{"floor":3,"key":"SneckoOil"},{"floor":14,"key":"Block Potion"}],"is_trial":false,"path_per_floor":["M","$","M","?","$","R","E","R","T","E","M","?","?","E","R","B",null,"M","?","?","$","?","E","R","$","T","R","M","M","?","M","R","B"],"character_chosen":"IRONCLAD","items_purchased":["Flame Barrier","Feed","Explosive Potion"],"campfire_rested":5,"item_purchase_floors":[2,5,5],"current_hp_per_floor":[75,75,78,71,71,71,23,46,46,15,18,37,37,26,49,9,61,63,63,48,48,48,7,31,31,31,55,50,40,40,48,74,0],"gold":206,"neow_bonus":"THREE_RARE_CARDS","is_prod":false,"is_daily":false,"chose_seed":false,"campfire_upgraded":1,"win_rate":0,"timestamp":1551269874,"path_taken":["M","$","M","?","$","R","E","R","T","E","?","?","?","E","R","BOSS","M","?","?","?","?","E","R","$","T","R","M","?","?","M","R","BOSS"],"build_version":"2019-01-23","purchased_purges":2,"victory":false,"max_hp_per_floor":[75,75,78,78,78,78,78,78,78,78,78,78,78,78,78,78,78,78,78,83,83,80,80,80,80,80,80,83,83,83,87,87,87],"card_choices":[{"not_picked":["Exhume","Brutality"],"picked":"Feed","floor":0},{"not_picked":["Shrug It Off","Clash"],"picked":"Fire Breathing","floor":1},{"not_picked":["Wild Strike","Pommel Strike"],"picked":"Warcry","floor":3},{"not_picked":["Dual Wield","Clothesline"],"picked":"Headbutt","floor":7},{"not_picked":["Sentinel","Iron Wave"],"picked":"Corruption","floor":10},{"not_picked":["Flex","Headbutt"],"picked":"Intimidate","floor":11},{"not_picked":["Feed","Dropkick"],"picked":"Metallicize","floor":14},{"not_picked":["Exhume","Fiend Fire"],"picked":"Double Tap","floor":16},{"not_picked":["Cleave","Havoc"],"picked":"Thunderclap+1","floor":18},{"not_picked":["Anger","Warcry"],"picked":"Perfected Strike+1","floor":23},{"not_picked":["Searing Blow","Clash+1","Bloodletting"],"picked":"SKIP","floor":28},{"not_picked":["Heavy Blade","Twin Strike"],"picked":"Perfected Strike+1","floor":29},{"not_picked":["Twin Strike+1","Headbutt"],"picked":"Combust","floor":31}],"player_experience":281380,"relics_obtained":[{"floor":7,"key":"Thread and Needle"},{"floor":9,"key":"Vajra"},{"floor":10,"key":"Orichalcum"},{"floor":14,"key":"PreservedInsect"},{"floor":23,"key":"Smiling Mask"},{"floor":26,"key":"Turnip"}],"event_choices":[{"damage_healed":0,"gold_gain":75,"player_choice":"Touch","damage_taken":7,"max_hp_gain":0,"max_hp_loss":0,"event_name":"FaceTrader","floor":4,"gold_loss":0},{"damage_healed":19,"gold_gain":0,"player_choice":"Healed and dodged fight","damage_taken":0,"max_hp_gain":0,"max_hp_loss":0,"event_name":"Mushrooms","floor":12,"gold_loss":0,"cards_obtained":["Parasite"]},{"damage_healed":0,"gold_gain":0,"player_choice":"Searched \u00270\u0027 times","damage_taken":0,"max_hp_gain":0,"max_hp_loss":0,"event_name":"Dead Adventurer","floor":13,"gold_loss":0},{"damage_healed":0,"gold_gain":0,"player_choice":"Ignored","damage_taken":0,"max_hp_gain":0,"max_hp_loss":0,"event_name":"Ghosts","floor":19,"gold_loss":0},{"damage_healed":0,"gold_gain":0,"player_choice":"Shed Blood","damage_taken":20,"max_hp_gain":5,"max_hp_loss":0,"event_name":"Forgotten Altar","floor":20,"gold_loss":0},{"cards_removed":["Parasite"],"damage_healed":0,"gold_gain":0,"player_choice":"Removed Curses","damage_taken":0,"max_hp_gain":0,"max_hp_loss":0,"event_name":"Fountain of Cleansing","floor":22,"gold_loss":0},{"damage_healed":0,"gold_gain":0,"player_choice":"Inject Mutagens","damage_taken":0,"relics_obtained":["MutagenicStrength"],"max_hp_gain":0,"max_hp_loss":0,"event_name":"Drug Dealer","floor":30,"gold_loss":0}],"is_beta":false,"boss_relics":[{"not_picked":["Snecko Eye","Velvet Choker"],"picked":"Sozu"}],"items_purged_floors":[21,25],"is_endless":false,"potions_floor_spawned":[3,14,28,29],"killed_by":"Automaton","ascension_level":8}