{"path_per_floor":["M","?","M","$","M","R","M","?","T","R","E","M","M","M","R"],"character_chosen":"DEFECT","items_purchased":["Tempest"],"gold_per_floor":[115,115,131,21,35,35,49,49,49,49,74,90,105,116,116,116],"floor_reached":16,"campfire_rested":0,"playtime":872,"current_hp_per_floor":[68,61,61,61,61,61,57,57,57,57,36,36,36,36,36,0],"items_purged":["Strike_B"],"gold":116,"score":156,"play_id":"0bce6b16-34f2-4d48-aefc-772aa3066759","local_time":"20180505164404","is_prod":false,"is_daily":false,"chose_seed":false,"is_ascension_mode":true,"campfire_upgraded":3,"timestamp":1525563844,"path_taken":["M","?","?","$","M","R","M","?","T","R","E","M","M","M","R","BOSS"],"build_version":"2018-05-03","seed_source_timestamp":21447505021302,"purchased_purges":1,"victory":false,"master_deck":["Strike_B","Defend_B","Defend_B","Defend_B","Defend_B","Zap+1","Dualcast","AscendersBane","Go for the Eyes","Tempest+1","Chill","Auto Shields","Biased Cognition","Redo+1","Leap","Double Energy","Skim"],"max_hp_per_floor":[75,75,75,75,75,75,75,75,75,75,75,75,75,75,75,75],"relics":["Cracked Core","NeowsBlessing","Matryoshka","Dodecahedron"],"card_choices":[{"not_picked":["Ball Lightning","Streamline"],"picked":"Go for the Eyes","floor":3},{"not_picked":["Turbo","Genetic Algorithm"],"picked":"Chill","floor":5},{"not_picked":["Consume","Streamline"],"picked":"Auto Shields","floor":7},{"not_picked":["Turbo","Skim"],"picked":"Redo","floor":11},{"not_picked":["Buffer","Cold Snap"],"picked":"Leap","floor":12},{"not_picked":["Ball Lightning","Blizzard"],"picked":"Double Energy","floor":13},{"not_picked":["Auto Shields","Cold Snap"],"picked":"Skim","floor":14}],"player_experience":555155,"potions_floor_usage":[16],"damage_taken":[{"damage":0,"enemies":"Small Slimes","floor":1,"turns":1},{"damage":0,"enemies":"Cultist","floor":3,"turns":1},{"damage":0,"enemies":"2 Louse","floor":5,"turns":1},{"damage":4,"enemies":"Red Slaver","floor":7,"turns":3},{"damage":21,"enemies":"Lagavulin","floor":11,"turns":6},{"damage":0,"enemies":"Looter","floor":12,"turns":2},{"damage":0,"enemies":"Exordium Thugs","floor":13,"turns":3},{"damage":0,"enemies":"Blue Slaver","floor":14,"turns":2},{"damage":37,"enemies":"Hexaghost","floor":16,"turns":14}],"event_choices":[{"event_name":"Golden Wing","player_choice":"Card Removal","floor":2,"damage_taken":0},{"event_name":"Transmorgrifier","player_choice":"Transform","floor":8,"damage_taken":0}],"boss_relics":[],"potions_floor_spawned":[3,13],"seed_played":"4253868749144746214","killed_by":"Hexaghost","ascension_level":10,"is_trial":false}