{"gold_per_floor":[113,113,131,131,131,163,163,194,194,212,243,243,28,39,39,112,112,128,128,138,53,67,67,92,92,92,17,67,67,81,111,111,190,190,203,216,234,234,280,280,280],"floor_reached":41,"playtime":7008,"items_purged":["Pain"],"score":1019,"play_id":"918530cf-a85e-4d21-bf3f-791ba26b437a","local_time":"20190914094332","is_ascension_mode":true,"campfire_choices":[{"data":"CrushJoints","floor":7.0,"key":"SMITH"},{"data":"Evaluate","floor":12.0,"key":"SMITH"},{"data":"Eruption","floor":15.0,"key":"SMITH"},{"data":"DeceiveReality","floor":23.0,"key":"SMITH"},{"data":"Evaluate","floor":25.0,"key":"SMITH"},{"floor":29.0,"key":"REST"},{"floor":32.0,"key":"REST"},{"data":"Crescendo","floor":40,"key":"SMITH"}],"neow_cost":"NONE","seed_source_timestamp":0,"circlet_count":0,"master_deck":["AscendersBane","Strike_P","Strike_P","Strike_P","Strike_P","Defend_P","Defend_P","Defend_P","Defend_P","Eruption+1","Vigilance","BowlingBash+1","CrushJoints+1","FlyingSleeves","FearNoEvil","Crescendo+1","Evaluate+1","Scrawl","Evaluate+1","Unraveling","Meditate","DeceiveReality+1","SandsOfTime","Vengeance","Parasite","InnerPeace","Metaphysics","Wish","EmptyFist","EmptyFist+1","Parasite"],"special_seed":0,"relics":["PureWater","NeowsBlessing","Pear","Bottled Flame","Oddly Smooth Stone","Toy Ornithopter","Medical Kit","Cursed Key","WarpedTongs","Happy Flower","Blood Vial","Darkstone Periapt","Bronze Scales","SlaversCollar","MealTicket"],"potions_floor_usage":[41],"damage_taken":[{"damage":0.0,"enemies":"Jaw Worm","floor":1.0,"turns":1.0},{"damage":0.0,"enemies":"Cultist","floor":3.0,"turns":1.0},{"damage":0.0,"enemies":"Lagavulin","floor":6.0,"turns":1.0},{"damage":7.0,"enemies":"3 Sentries","floor":8.0,"turns":4.0},{"damage":0.0,"enemies":"2 Louse","floor":10.0,"turns":2.0},{"damage":0.0,"enemies":"Gremlin Nob","floor":11.0,"turns":2.0},{"damage":3.0,"enemies":"Large Slime","floor":14.0,"turns":2.0},{"damage":27.0,"enemies":"Slime Boss","floor":16.0,"turns":7.0},{"damage":0.0,"enemies":"Chosen","floor":18.0,"turns":2.0},{"damage":9.0,"enemies":"Shell Parasite","floor":20.0,"turns":2.0},{"damage":21.0,"enemies":"Centurion and Healer","floor":22.0,"turns":2.0},{"damage":20.0,"enemies":"Gremlin Leader","floor":24.0,"turns":9.0},{"damage":14.0,"enemies":"Shelled Parasite and Fungi","floor":30.0,"turns":4.0},{"damage":15.0,"enemies":"Slavers","floor":31.0,"turns":4.0},{"damage":16.0,"enemies":"Champ","floor":33.0,"turns":9.0},{"damage":36.0,"enemies":"3 Darklings","floor":35.0,"turns":4.0},{"damage":14.0,"enemies":"3 Shapes","floor":36.0,"turns":5.0},{"damage":10.0,"enemies":"Transient","floor":37.0,"turns":6.0},{"damage":61,"enemies":"Reptomancer","floor":41,"turns":3}],"seed_played":"1927820193992181754","potions_obtained":[{"floor":3.0,"key":"Energy Potion"},{"floor":5.0,"key":"Swift Potion"},{"floor":8.0,"key":"SteroidPotion"},{"floor":11.0,"key":"Weak Potion"},{"floor":24.0,"key":"Energy Potion"},{"floor":30.0,"key":"Fruit Juice"},{"floor":33.0,"key":"Ancient Potion"},{"floor":36.0,"key":"Energy Potion"}],"is_trial":false,"path_per_floor":["M","?","M","?","?","E","R","E","T","M","E","R","$","M","R","B",null,"M","?","M","?","M","R","E","R","T","$","?","R","M","E","R","B",null,"M","M","M","?","T","R","E"],"character_chosen":"WATCHER","items_purchased":["Medical Kit","Scrawl"],"campfire_rested":2,"item_purchase_floors":[13,13],"current_hp_per_floor":[55,55,55,55,55,65,65,58,58,58,58,58,58,55,55,33,62,62,62,58,58,37,37,17,17,17,17,17,38,36,23,45,36,66,32,20,17,17,23,23,0],"gold":280,"neow_bonus":"THREE_ENEMY_KILL","is_prod":false,"is_daily":false,"chose_seed":false,"campfire_upgraded":6,"win_rate":0,"timestamp":1568479412,"path_taken":["M","?","?","?","?","E","R","E","T","M","E","R","$","?","R","BOSS","M","?","?","?","M","R","E","R","T","$","?","R","M","E","R","BOSS","M","M","?","?","?","R","E"],"build_version":"2019-09-12","purchased_purges":1,"victory":false,"max_hp_per_floor":[61,61,61,61,61,71,71,71,71,71,71,71,71,71,71,71,71,71,71,71,71,71,71,71,71,71,71,71,71,76,76,76,76,76,76,76,76,76,82,82,82],"card_choices":[{"not_picked":["Sanctity","SpiritShield"],"picked":"BowlingBash","floor":1.0},{"not_picked":["EmptyMind","ClearTheMind"],"picked":"CrushJoints","floor":3.0},{"not_picked":["EmptyMind","Halt"],"picked":"FlyingSleeves","floor":6.0},{"not_picked":["SandsOfTime","Prostrate"],"picked":"FearNoEvil","floor":8.0},{"not_picked":["Fasting","Prostrate"],"picked":"Crescendo","floor":10.0},{"not_picked":["FollowUp","Wish"],"picked":"Evaluate","floor":11.0},{"not_picked":["CrushJoints","FollowUp"],"picked":"Evaluate","floor":14.0},{"not_picked":["Pray","Brilliance"],"picked":"Unraveling","floor":16.0},{"not_picked":["Sanctity","Consecrate"],"picked":"Meditate","floor":18.0},{"not_picked":["ClearTheMind","Crescendo"],"picked":"DeceiveReality","floor":20.0},{"not_picked":["PathToVictory","Halt"],"picked":"SandsOfTime","floor":22.0},{"not_picked":["Worship","DeceiveReality"],"picked":"Vengeance","floor":24.0},{"not_picked":["Consecrate","Halt"],"picked":"InnerPeace","floor":30.0},{"not_picked":["BowlingBash","ReachHeaven"],"picked":"Metaphysics","floor":31.0},{"not_picked":["DeusExMachina","Pray"],"picked":"Wish","floor":33.0},{"not_picked":["Sanctity","CutThroughFate"],"picked":"EmptyFist","floor":35.0},{"not_picked":["Sanctity","Consecrate+1","CarveReality+1"],"picked":"SKIP","floor":36.0},{"not_picked":["Worship","PathToVictory"],"picked":"EmptyFist+1","floor":37.0}],"player_experience":1047268,"relics_obtained":[{"floor":6.0,"key":"Pear"},{"floor":8.0,"key":"Bottled Flame"},{"floor":9.0,"key":"Oddly Smooth Stone"},{"floor":11.0,"key":"Toy Ornithopter"},{"floor":24.0,"key":"Blood Vial"},{"floor":26.0,"key":"Darkstone Periapt"},{"floor":31.0,"key":"Bronze Scales"},{"floor":39,"key":"MealTicket"}],"event_choices":[{"damage_healed":0.0,"max_hp_gain":0.0,"max_hp_loss":0.0,"gold_gain":0.0,"event_name":"Upgrade Shrine","player_choice":"Upgraded","floor":2.0,"gold_loss":0.0,"damage_taken":0.0,"cards_upgraded":["BowlingBash"]},{"damage_healed":0.0,"max_hp_gain":0.0,"max_hp_loss":0.0,"gold_gain":0.0,"event_name":"Liars Game","player_choice":"Ignored","floor":4.0,"gold_loss":0.0,"damage_taken":0.0},{"damage_healed":0.0,"max_hp_gain":0.0,"max_hp_loss":0.0,"gold_gain":0.0,"event_name":"Lab","player_choice":"Got Potions","floor":5.0,"gold_loss":0.0,"damage_taken":0.0},{"damage_healed":0.0,"max_hp_gain":0.0,"max_hp_loss":0.0,"gold_gain":0.0,"event_name":"Accursed Blacksmith","player_choice":"Rummage","floor":19.0,"gold_loss":0.0,"damage_taken":0.0,"relics_obtained":["WarpedTongs"],"cards_obtained":["Pain"]},{"damage_healed":0.0,"max_hp_gain":0.0,"max_hp_loss":0.0,"gold_gain":0.0,"event_name":"Addict","player_choice":"Obtained Relic","floor":21.0,"gold_loss":85.0,"damage_taken":0.0,"relics_obtained":["Happy Flower"]},{"damage_healed":0.0,"max_hp_gain":0.0,"max_hp_loss":0.0,"gold_gain":50.0,"event_name":"Golden Shrine","player_choice":"Pray","floor":28.0,"gold_loss":0.0,"damage_taken":0.0},{"damage_healed":0,"gold_gain":0,"player_choice":"Ignored","damage_taken":0,"max_hp_gain":0,"max_hp_loss":0,"event_name":"Mysterious Sphere","floor":38,"gold_loss":0}],"is_beta":true,"boss_relics":[{"not_picked":["SacredBark","Astrolabe"],"picked":"Cursed Key"},{"not_picked":["Tiny House","Black Star"],"picked":"SlaversCollar"}],"items_purged_floors":[27],"is_endless":false,"potions_floor_spawned":[3,8,11,24,30,33,36],"killed_by":"Reptomancer","ascension_level":20}