{"gold_per_floor":[109,109,121,138,152,180,190,190],"floor_reached":8,"playtime":206,"items_purged":[],"score":60,"play_id":"c11427b6-e7b2-4710-a8e6-c3d3bc7424c3","local_time":"20190224213537","is_ascension_mode":false,"campfire_choices":[],"neow_cost":"NONE","seed_source_timestamp":457656161599528,"circlet_count":0,"master_deck":["Strike_B","Strike_B+1","Strike_B","Strike_B+1","Defend_B","Defend_B","Defend_B","Defend_B","Zap","Dualcast","Doom and Gloom","Self Repair","Ball Lightning","BasicCrystalCard"],"relics":["Cracked Core","NeowsBlessing","Boot"],"potions_floor_usage":[],"damage_taken":[{"damage":0,"enemies":"Jaw Worm","floor":1,"turns":1},{"damage":0,"enemies":"Small Slimes","floor":3,"turns":1},{"damage":0,"enemies":"Cultist","floor":4,"turns":1},{"damage":7,"enemies":"Exordium Wildlife","floor":5,"turns":3},{"damage":35,"enemies":"3 Sentries","floor":6,"turns":5},{"damage":36,"enemies":"Large Slime","floor":7,"turns":4},{"damage":18,"enemies":"Lagavulin","floor":8,"turns":2}],"seed_played":"4478168800982364720","potions_obtained":[{"floor":4,"key":"SteroidPotion"},{"floor":7,"key":"LiquidBronze"}],"is_trial":false,"path_per_floor":["M","?","M","M","M","E","M","E"],"character_chosen":"DEFECT","items_purchased":[],"campfire_rested":0,"item_purchase_floors":[],"current_hp_per_floor":[75,60,60,67,67,39,10,0],"gold":190,"neow_bonus":"THREE_ENEMY_KILL","is_prod":false,"is_daily":false,"chose_seed":false,"campfire_upgraded":0,"win_rate":0,"timestamp":1551062137,"path_taken":["M","?","M","M","M","E","M","E"],"build_version":"2019-01-23","purchased_purges":0,"victory":false,"max_hp_per_floor":[75,75,75,75,75,75,75,75],"card_choices":[{"not_picked":["White Noise","Conserve Battery"],"picked":"Doom and Gloom","floor":1},{"not_picked":["Loop","Streamline"],"picked":"Self Repair","floor":3},{"not_picked":["strawberrySpire:NeonFlight","Compile Driver"],"picked":"Ball Lightning","floor":4},{"not_picked":["Turbo","strawberrySpire:NeonFlight","strawberrySpire:HateBit"],"picked":"SKIP","floor":5},{"not_picked":["ReplaySolidLightProjector","Turbo"],"picked":"BasicCrystalCard","floor":6},{"not_picked":["Reinforced Body","ReplayGash","strawberrySpire:THEL"],"picked":"SKIP","floor":7}],"player_experience":723177,"relics_obtained":[{"floor":6,"key":"Boot"}],"event_choices":[{"damage_healed":0,"gold_gain":0,"player_choice":"Entered Light","damage_taken":15,"max_hp_gain":0,"max_hp_loss":0,"event_name":"Shining Light","floor":2,"gold_loss":0,"cards_upgraded":["Strike_B","Strike_B"]}],"is_beta":false,"boss_relics":[],"items_purged_floors":[],"is_endless":false,"potions_floor_spawned":[4,7],"killed_by":"Lagavulin","ascension_level":0}