{"gold_per_floor":[110,120,120,134,134,163,163,192,239,306,322,339,353,7,7,111,111,121,0,19,168,67,97,97,128,128,128,178,178,193,228,228,327,327,341,170,247,259,159,217,236,253,280,280,314,331,331,362,362,362],"floor_reached":50,"playtime":3059,"items_purged":["Strike_R","Strike_R"],"score":745,"play_id":"f3b4cea0-9efb-4fc1-ac1a-c44bb861c357","local_time":"20190217203427","is_ascension_mode":true,"campfire_choices":[{"floor":7.0,"key":"REST"},{"floor":15.0,"key":"REST"},{"floor":24.0,"key":"REST"},{"data":"Offering","floor":27.0,"key":"SMITH"},{"data":"Armaments","floor":29.0,"key":"SMITH"},{"data":"Corruption","floor":32.0,"key":"SMITH"},{"floor":44.0,"key":"RECALL"},{"floor":47,"key":"REST"},{"floor":49,"key":"REST"}],"neow_cost":"NONE","seed_source_timestamp":0,"circlet_count":0,"master_deck":["Strike_R","Strike_R","Strike_R","Defend_R","Defend_R","Defend_R","Defend_R","Bash","Feel No Pain","Iron Wave","Inflame","Seeing Red","Warcry","Iron Wave","Bludgeon","Offering+1","Whirlwind","Sentinel","Corruption+1","Armaments+1","Flex+1","Metallicize","True Grit","Reaper","Fiend Fire","Warcry+1","Spot Weakness"],"special_seed":0,"relics":["Burning Blood","Bag of Marbles","SsserpentHead","Mercury Hourglass","Boot","Blood Vial","Bronze Scales","Sling","Philosopher\u0027s Stone","Turnip","Gremlin Horn","Ice Cream","Pen Nib","Fusion Hammer","PreservedInsect","Lantern","Tiny Chest","Mango","Centennial Puzzle"],"potions_floor_usage":[45,48],"damage_taken":[{"damage":1.0,"enemies":"Cultist","floor":1.0,"turns":3.0},{"damage":3.0,"enemies":"2 Louse","floor":2.0,"turns":2.0},{"damage":15.0,"enemies":"Small Slimes","floor":4.0,"turns":3.0},{"damage":55.0,"enemies":"Lagavulin","floor":6.0,"turns":7.0},{"damage":15.0,"enemies":"3 Sentries","floor":8.0,"turns":6.0},{"damage":0.0,"enemies":"3 Louse","floor":10.0,"turns":2.0},{"damage":9.0,"enemies":"Red Slaver","floor":11.0,"turns":3.0},{"damage":1.0,"enemies":"Exordium Thugs","floor":12.0,"turns":4.0},{"damage":7.0,"enemies":"3 Louse","floor":13.0,"turns":3.0},{"damage":49.0,"enemies":"Hexaghost","floor":16.0,"turns":7.0},{"damage":10.0,"enemies":"Spheric Guardian","floor":18.0,"turns":3.0},{"damage":4.0,"enemies":"Chosen","floor":20.0,"turns":3.0},{"damage":32.0,"enemies":"Book of Stabbing","floor":23.0,"turns":4.0},{"damage":8.0,"enemies":"Slavers","floor":25.0,"turns":1.0},{"damage":6.0,"enemies":"Snecko","floor":30.0,"turns":4.0},{"damage":14.0,"enemies":"Book of Stabbing","floor":31.0,"turns":4.0},{"damage":70.0,"enemies":"Collector","floor":33.0,"turns":10.0},{"damage":6.0,"enemies":"Orb Walker","floor":35.0,"turns":2.0},{"damage":1.0,"enemies":"3 Shapes","floor":38.0,"turns":4.0},{"damage":11.0,"enemies":"Reptomancer","floor":40.0,"turns":3.0},{"damage":33.0,"enemies":"Sphere and 2 Shapes","floor":41.0,"turns":2.0},{"damage":0.0,"enemies":"Jaw Worm Horde","floor":42.0,"turns":2.0},{"damage":43,"enemies":"Giant Head","floor":45,"turns":7},{"damage":19,"enemies":"Writhing Mass","floor":46,"turns":3},{"damage":71,"enemies":"Nemesis","floor":48,"turns":4},{"damage":72,"enemies":"Time Eater","floor":50,"turns":4}],"seed_played":"-6680961148645961421","potions_obtained":[{"floor":4.0,"key":"Block Potion"},{"floor":8.0,"key":"EssenceOfSteel"},{"floor":10.0,"key":"Energy Potion"},{"floor":13.0,"key":"Regen Potion"},{"floor":16.0,"key":"GamblersBrew"},{"floor":18.0,"key":"PowerPotion"},{"floor":20.0,"key":"Explosive Potion"},{"floor":28.0,"key":"Swift Potion"},{"floor":28.0,"key":"SpeedPotion"},{"floor":31.0,"key":"Fire Potion"},{"floor":38.0,"key":"SkillPotion"},{"floor":40.0,"key":"Regen Potion"},{"floor":46,"key":"SkillPotion"}],"is_trial":false,"path_per_floor":["M","M","?","M","?","E","R","E","T","M","M","M","M","$","R","B",null,"M","?","M","?","$","E","R","E","T","R","?","R","M","E","R","B",null,"M","$","T","M","$","E","M","M","T","R","E","M","R","E","R","B"],"character_chosen":"IRONCLAD","items_purchased":["Bronze Scales","Sling","Corruption","Armaments","PreservedInsect"],"campfire_rested":5,"item_purchase_floors":[14,14,22,22,36],"current_hp_per_floor":[80,80,80,71,71,22,46,37,37,45,44,51,52,52,76,35,80,76,76,80,80,80,54,78,78,78,78,78,78,80,72,72,25,80,80,80,80,80,80,75,50,58,58,58,65,54,82,29,57,0],"gold":362,"neow_bonus":"RANDOM_COMMON_RELIC","is_prod":false,"is_daily":false,"chose_seed":false,"campfire_upgraded":3,"win_rate":0,"timestamp":1550432067,"path_taken":["M","M","?","M","?","E","R","E","T","?","M","M","M","$","R","BOSS","M","?","M","?","$","E","R","E","T","R","?","R","M","E","R","BOSS","M","?","?","M","$","E","M","M","T","R","E","M","R","E","R","BOSS"],"build_version":"2019-01-23","purchased_purges":2,"victory":false,"max_hp_per_floor":[80,80,80,80,80,80,80,80,80,80,80,80,80,80,80,80,80,80,80,80,80,80,80,80,80,80,80,80,80,80,80,80,80,80,80,80,80,80,80,80,80,80,80,80,94,94,94,94,94,94],"card_choices":[{"not_picked":["Wild Strike","Twin Strike"],"picked":"Feel No Pain","floor":1.0},{"not_picked":["Dual Wield","Thunderclap"],"picked":"Iron Wave","floor":2.0},{"not_picked":["Body Slam","Thunderclap"],"picked":"Inflame","floor":4.0},{"not_picked":["Sword Boomerang","Pummel"],"picked":"Seeing Red","floor":6.0},{"not_picked":["Intimidate","Clothesline"],"picked":"Warcry","floor":8.0},{"not_picked":["Infernal Blade","Twin Strike"],"picked":"Iron Wave","floor":10.0},{"not_picked":["Twin Strike","Entrench","Intimidate"],"picked":"SKIP","floor":11.0},{"not_picked":["Shrug It Off","Thunderclap"],"picked":"Bludgeon","floor":12.0},{"not_picked":["Shrug It Off","Twin Strike","Iron Wave"],"picked":"SKIP","floor":13.0},{"not_picked":["Dark Embrace","Brutality"],"picked":"Offering","floor":16.0},{"not_picked":["Body Slam","Dual Wield"],"picked":"Whirlwind","floor":18.0},{"not_picked":["Rage+1","Pommel Strike+1"],"picked":"Sentinel","floor":20.0},{"not_picked":["Sever Soul","Infernal Blade"],"picked":"Flex+1","floor":23.0},{"not_picked":["Power Through","Disarm"],"picked":"Metallicize","floor":25.0},{"not_picked":["Heavy Blade+1","Iron Wave"],"picked":"True Grit","floor":30.0},{"not_picked":["Juggernaut","Flex"],"picked":"Reaper","floor":31.0},{"not_picked":["Juggernaut","Berserk"],"picked":"Fiend Fire","floor":33.0},{"not_picked":["Clash+1","Perfected Strike+1","Combust"],"picked":"SKIP","floor":35.0},{"not_picked":["Second Wind+1","Thunderclap","Body Slam"],"picked":"SKIP","floor":38.0},{"not_picked":["Rampage","Feel No Pain","Wild Strike+1"],"picked":"SKIP","floor":40.0},{"not_picked":["Metallicize","Power Through","Fire Breathing"],"picked":"SKIP","floor":41.0},{"not_picked":["Flex","Thunderclap+1","Cleave"],"picked":"SKIP","floor":42.0},{"not_picked":["Fire Breathing+1","Uppercut"],"picked":"Warcry+1","floor":45},{"not_picked":["Combust+1","Entrench"],"picked":"Spot Weakness","floor":46},{"not_picked":["Power Through+1","Hemokinesis","Perfected Strike"],"picked":"SKIP","floor":48}],"player_experience":214767,"relics_obtained":[{"floor":6.0,"key":"Mercury Hourglass"},{"floor":8.0,"key":"Boot"},{"floor":9.0,"key":"Blood Vial"},{"floor":23.0,"key":"Turnip"},{"floor":25.0,"key":"Gremlin Horn"},{"floor":26.0,"key":"Ice Cream"},{"floor":31.0,"key":"Pen Nib"},{"floor":37.0,"key":"Lantern"},{"floor":40.0,"key":"Tiny Chest"},{"floor":45,"key":"Mango"},{"floor":48,"key":"Centennial Puzzle"}],"event_choices":[{"damage_healed":0.0,"max_hp_gain":0.0,"max_hp_loss":0.0,"gold_gain":0.0,"event_name":"Liars Game","player_choice":"Ignored","floor":3.0,"gold_loss":0.0,"damage_taken":0.0},{"damage_healed":0.0,"max_hp_gain":0.0,"max_hp_loss":0.0,"gold_gain":0.0,"event_name":"FaceTrader","player_choice":"Trade","floor":5.0,"gold_loss":0.0,"damage_taken":0.0,"relics_obtained":["SsserpentHead"]},{"damage_healed":0.0,"max_hp_gain":0.0,"max_hp_loss":0.0,"gold_gain":0.0,"event_name":"Masked Bandits","player_choice":"Paid Fearfully","floor":19.0,"gold_loss":171.0,"damage_taken":0.0},{"damage_healed":0.0,"max_hp_gain":0.0,"max_hp_loss":0.0,"gold_gain":99.0,"event_name":"Nest","player_choice":"Stole From Cult","floor":21.0,"gold_loss":0.0,"damage_taken":0.0},{"damage_healed":0.0,"max_hp_gain":0.0,"max_hp_loss":0.0,"gold_gain":0.0,"event_name":"Lab","player_choice":"Got Potions","floor":28.0,"gold_loss":0.0,"damage_taken":0.0}],"is_beta":false,"boss_relics":[{"not_picked":["Black Star","Snecko Eye"],"picked":"Philosopher\u0027s Stone"},{"not_picked":["Lizard Tail","Runic Pyramid"],"picked":"Fusion Hammer"}],"items_purged_floors":[36,39],"is_endless":false,"potions_floor_spawned":[4,8,10,13,16,18,20,30,31,38,40,46],"killed_by":"Time Eater","ascension_level":4}