{"path_per_floor":["M","M","?","?","M","R","?","R","T","?","M","M","M","M","R","B",null,"M","?","?","$","M","R","E","$","T","?","R","E","M","E","R","B",null,"M","?","?","$","?","R","$","M","T","E","M","M","$","E","R","B"],"character_chosen":"THE_SILENT","items_purchased":["Apotheosis","Predator","Doppelganger","Caltrops"],"gold_per_floor":[117,127,127,127,146,146,146,146,146,146,157,170,180,197,197,297,297,317,317,317,45,57,57,85,85,138,166,166,197,217,242,242,345,345,358,358,408,308,308,308,269,284,311,336,348,361,86,111,111,111],"floor_reached":51,"campfire_rested":1,"playtime":5169,"current_hp_per_floor":[63,58,46,46,46,46,46,46,46,51,51,51,33,33,33,6,58,47,33,33,33,25,25,16,16,16,16,40,36,36,31,31,30,38,36,40,38,38,38,38,38,40,40,39,40,38,38,39,39,19],"items_purged":["Reflex","Heel Hook","Quick Slash"],"gold":111,"score":1069,"play_id":"36dbe094-e8ec-40a9-ba0c-f2a849bad08c","local_time":"20180427132803","is_prod":false,"is_daily":false,"chose_seed":false,"is_ascension_mode":true,"campfire_upgraded":7,"timestamp":1524860883,"path_taken":["M","M","?","?","M","R","?","R","T","?","?","M","M","M","R","BOSS","M","?","?","?","M","R","E","?","T","?","R","E","M","E","R","BOSS","M","?","?","?","?","R","$","?","T","E","M","M","$","E","R","BOSS"],"build_version":"2018-04-26v2","seed_source_timestamp":0,"purchased_purges":3,"victory":true,"master_deck":["Survivor+1","Predator+1","Bullet Time","Bane","Poisoned Stab+1","Predator","Expertise","Blade Dance","Flechettes","Ghostly+1","Ghostly+1","Ghostly+1","Ghostly+1","Ghostly","Apotheosis","Concentrate+1","Night Terror","Dash","Unload+1","Bullet Time","Predator","Flechettes+1","Malaise+1","Outmaneuver+1","Doppelganger","Caltrops"],"max_hp_per_floor":[70,70,70,70,70,70,70,70,70,75,75,75,75,75,75,75,75,75,80,40,40,40,40,40,40,40,40,40,40,40,40,40,40,40,40,40,40,40,40,40,40,40,40,40,40,40,40,40,40,40],"relics":["Snecko Eye","Sundial","Vajra","Pandora\u0027s Box","Regal Pillow","Bag of Preparation","Red Mask","Blood Vial","Tough Bandages","Philosopher\u0027s Stone","Bird Faced Urn","Anchor","Whetstone","Centennial Puzzle"],"card_choices":[{"not_picked":["Deadly Poison","Dagger Throw"],"picked":"Predator","floor":12.0},{"not_picked":["Glass Knife","Die Die Die"],"picked":"Bullet Time","floor":16.0},{"not_picked":["Outmaneuver","PiercingWail"],"picked":"Concentrate","floor":22},{"not_picked":["Sucker Punch","Flying Knee"],"picked":"Night Terror","floor":24},{"not_picked":["Outmaneuver","Prepared"],"picked":"Dash","floor":29},{"not_picked":["Terror","Dodge and Roll"],"picked":"Unload","floor":31},{"not_picked":["Phantasmal Killer","Tools of the Trade"],"picked":"Bullet Time","floor":33},{"not_picked":["Sucker Punch","PiercingWail"],"picked":"Flechettes","floor":42},{"not_picked":["Outmaneuver","Masterful Stab"],"picked":"Malaise","floor":44},{"not_picked":["Backstab","Slice"],"picked":"Outmaneuver","floor":45}],"player_experience":418002,"potions_floor_usage":[27,30,31,37,50,50,50],"damage_taken":[{"damage":0.0,"enemies":"Jaw Worm","floor":1.0,"turns":4.0},{"damage":5.0,"enemies":"Small Slimes","floor":2.0,"turns":6.0},{"damage":0.0,"enemies":"Cultist","floor":5.0,"turns":6.0},{"damage":0.0,"enemies":"Looter","floor":11.0,"turns":4.0},{"damage":0.0,"enemies":"2 Fungi Beasts","floor":12.0,"turns":4.0},{"damage":18.0,"enemies":"Lots of Slimes","floor":13.0,"turns":3.0},{"damage":0.0,"enemies":"3 Louse","floor":14.0,"turns":3.0},{"damage":27.0,"enemies":"Hexaghost","floor":16.0,"turns":11.0},{"damage":11,"enemies":"2 Thieves","floor":18,"turns":2},{"damage":8,"enemies":"3 Byrds","floor":22,"turns":4},{"damage":9,"enemies":"Slavers","floor":24,"turns":5},{"damage":0,"enemies":"Masked Bandits","floor":27,"turns":2},{"damage":4,"enemies":"Gremlin Leader","floor":29,"turns":4},{"damage":2,"enemies":"Cultist and Chosen","floor":30,"turns":4},{"damage":13,"enemies":"Slavers","floor":31,"turns":6},{"damage":3,"enemies":"Collector","floor":33,"turns":5},{"damage":4,"enemies":"3 Darklings","floor":35,"turns":3},{"damage":2,"enemies":"Mysterious Sphere","floor":37,"turns":5},{"damage":0,"enemies":"Orb Walker","floor":42,"turns":2},{"damage":1,"enemies":"2 Orb Walkers","floor":44,"turns":3},{"damage":0,"enemies":"Spire Growth","floor":45,"turns":2},{"damage":2,"enemies":"4 Shapes","floor":46,"turns":4},{"damage":1,"enemies":"Giant Head","floor":48,"turns":5},{"damage":21,"enemies":"Donu and Deca","floor":50,"turns":8}],"event_choices":[{"event_name":"Scrap Ooze","player_choice":"success","floor":3.0,"damage_taken":12.0},{"event_name":"Wheel of Change","player_choice":"Card Removal","floor":4.0,"damage_taken":0.0},{"event_name":"Upgrade Shrine","player_choice":"Upgraded","floor":7.0,"damage_taken":0.0},{"event_name":"Big Fish","player_choice":"Donut","floor":10.0,"damage_taken":0.0},{"event_name":"Forgotten Altar","player_choice":"Shed Blood","floor":19,"damage_taken":0},{"event_name":"Ghosts","player_choice":"Became a Ghost","floor":20,"damage_taken":0},{"event_name":"Masked Bandits","player_choice":"Fought over 138 gold","floor":27,"damage_taken":0},{"event_name":"Wheel of Change","player_choice":"Full Heal","floor":36,"damage_taken":0},{"event_name":"Mysterious Sphere","player_choice":"Fight","floor":37,"damage_taken":0}],"boss_relics":[{"not_picked":["White Beast Statue","Runic Dome"],"picked":"Pandora\u0027s Box"},{"not_picked":["Velvet Choker","Lizard Tail"],"picked":"Philosopher\u0027s Stone"}],"potions_floor_spawned":[1,5,12,14,24,29,30,33,35,45,46],"seed_played":"-6794433631834213124","ascension_level":9,"is_trial":false}