{"gold_per_floor":[114,114,130,40,115,115,135,135,135,135,155,155,155,169,169,247,247,257,15,34,34,47,47,77,77,77,95,95,95,126,126,126,198,198,210,80,99,99,116,116,116,116,140,140,140,156,156,166,166,166],"floor_reached":51,"playtime":1470,"items_purged":[],"score":1259,"play_id":"eef24b55-9cfe-4387-88c4-ab41b43e7c9a","local_time":"20190914013356","is_ascension_mode":true,"campfire_choices":[{"data":"Inflame","floor":6.0,"key":"SMITH"},{"data":"Bash","floor":8.0,"key":"SMITH"},{"data":"Fire Breathing","floor":15.0,"key":"SMITH"},{"floor":23.0,"key":"REST"},{"floor":25.0,"key":"REST"},{"floor":28.0,"key":"REST"},{"data":"Disarm","floor":32.0,"key":"SMITH"},{"floor":40.0,"key":"REST"},{"data":"Uppercut","floor":42.0,"key":"SMITH"},{"data":"Disarm","floor":44.0,"key":"SMITH"},{"data":"Shrug It Off","floor":47.0,"key":"SMITH"},{"data":"Impervious","floor":49.0,"key":"SMITH"}],"neow_cost":"NONE","seed_source_timestamp":123563671540900,"circlet_count":0,"master_deck":["AscendersBane","Strike_R+1","Strike_R+1","Strike_R","Strike_R","Strike_R","Defend_R+1","Defend_R","Defend_R","Defend_R","Bash+1","Shrug It Off+1","Inflame+1","Thunderclap","Fire Breathing+1","Disarm+1","Immolate","Sword Boomerang","Uppercut+1","Shrug It Off","Rupture+1","Ghostly Armor","Disarm+1","Feed","Impervious+1","Pommel Strike+1","Shockwave","Evolve"],"special_seed":0,"relics":["Black Blood","Pantograph","Mercury Hourglass","Mark of Pain","Vajra","Magic Flower","Whetstone","Bottled Lightning","PreservedInsect"],"potions_floor_usage":[50,50],"damage_taken":[{"damage":11.0,"enemies":"Jaw Worm","floor":1.0,"turns":4.0},{"damage":9.0,"enemies":"Small Slimes","floor":3.0,"turns":4.0},{"damage":0.0,"enemies":"2 Louse","floor":7.0,"turns":2.0},{"damage":7.0,"enemies":"2 Fungi Beasts","floor":11.0,"turns":2.0},{"damage":7.0,"enemies":"3 Louse","floor":14.0,"turns":2.0},{"damage":39.0,"enemies":"Hexaghost","floor":16.0,"turns":9.0},{"damage":35.0,"enemies":"Shell Parasite","floor":18.0,"turns":6.0},{"damage":11.0,"enemies":"2 Thieves","floor":20.0,"turns":2.0},{"damage":20.0,"enemies":"Centurion and Healer","floor":22.0,"turns":5.0},{"damage":28.0,"enemies":"Gremlin Leader","floor":24.0,"turns":5.0},{"damage":30.0,"enemies":"Snecko","floor":27.0,"turns":6.0},{"damage":44.0,"enemies":"Slavers","floor":30.0,"turns":3.0},{"damage":48.0,"enemies":"Automaton","floor":33.0,"turns":9.0},{"damage":63.0,"enemies":"3 Darklings","floor":35.0,"turns":6.0},{"damage":13.0,"enemies":"3 Shapes","floor":37.0,"turns":3.0},{"damage":21.0,"enemies":"Writhing Mass","floor":39.0,"turns":9.0},{"damage":16.0,"enemies":"3 Darklings","floor":46.0,"turns":7.0},{"damage":9.0,"enemies":"Sphere and 2 Shapes","floor":48.0,"turns":4.0},{"damage":89,"enemies":"Donu and Deca","floor":50,"turns":9}],"seed_played":"7660633823619105300","potions_obtained":[{"floor":11.0,"key":"BloodPotion"},{"floor":16.0,"key":"SpeedPotion"},{"floor":18.0,"key":"SpeedPotion"},{"floor":24.0,"key":"Weak Potion"},{"floor":27.0,"key":"PowerPotion"},{"floor":33.0,"key":"SpeedPotion"},{"floor":37.0,"key":"PowerPotion"},{"floor":39.0,"key":"Block Potion"},{"floor":48.0,"key":"FearPotion"}],"is_trial":false,"path_per_floor":["M","?","M","$","?","R","M","R","T","T","M","$","?","M","R","B",null,"M","$","M","?","M","R","E","R","T","M","R","?","E","?","R","B",null,"M","$","M","?","M","R","?","R","T","R","?","M","R","M","R","B",null],"character_chosen":"IRONCLAD","items_purchased":["Inflame","Vajra","Uppercut","Shockwave","Block Potion"],"campfire_rested":4,"item_purchase_floors":[4,19,19,36,36],"current_hp_per_floor":[70,75,72,72,61,61,67,67,67,67,66,66,40,39,39,31,73,65,65,60,35,21,48,26,53,53,32,59,59,24,24,24,23,75,30,30,40,40,37,65,65,65,65,65,65,67,67,76,76,29],"gold":166,"neow_bonus":"TEN_PERCENT_HP_BONUS","is_prod":false,"is_daily":false,"chose_seed":false,"campfire_upgraded":8,"win_rate":0,"timestamp":1568442836,"path_taken":["M","?","M","$","?","R","M","R","T","?","M","?","?","?","R","BOSS","M","$","M","?","M","R","E","R","T","M","R","?","E","?","R","BOSS","M","$","M","?","M","R","?","R","T","R","?","M","R","?","R","BOSS"],"build_version":"2019-09-12","purchased_purges":0,"victory":true,"max_hp_per_floor":[82,87,87,87,87,87,87,87,87,87,87,87,87,87,87,87,87,87,87,87,92,92,92,92,92,92,92,92,92,92,92,92,92,92,92,92,95,95,95,95,95,95,95,95,95,95,95,95,95,98],"card_choices":[{"not_picked":["Intimidate","Clash"],"picked":"Shrug It Off","floor":1.0},{"not_picked":["Twin Strike","Entrench"],"picked":"Cleave","floor":3.0},{"not_picked":["Seeing Red","Ghostly Armor"],"picked":"Thunderclap","floor":7.0},{"not_picked":["Anger","Twin Strike"],"picked":"Fire Breathing","floor":11.0},{"not_picked":["Shrug It Off","Dual Wield"],"picked":"Disarm","floor":14.0},{"not_picked":["Barricade","Offering"],"picked":"Immolate","floor":16.0},{"not_picked":["Reckless Charge","Hemokinesis+1"],"picked":"Sword Boomerang","floor":18.0},{"not_picked":["Iron Wave+1","Wild Strike"],"picked":"Shrug It Off","floor":20.0},{"not_picked":["Intimidate","Clothesline"],"picked":"Rupture+1","floor":22.0},{"not_picked":["True Grit","Headbutt"],"picked":"Ghostly Armor","floor":24.0},{"not_picked":["Searing Blow","Armaments","Headbutt"],"picked":"SKIP","floor":27.0},{"not_picked":["Bloodletting","Headbutt"],"picked":"Disarm","floor":30.0},{"not_picked":["Barricade","Exhume"],"picked":"Impervious","floor":33.0},{"not_picked":["Searing Blow+1","Whirlwind"],"picked":"Pommel Strike+1","floor":35.0},{"not_picked":["Cleave+1","Twin Strike","Clothesline"],"picked":"SKIP","floor":37.0},{"not_picked":["True Grit","Flex"],"picked":"Evolve","floor":39.0},{"not_picked":["Clothesline+1","Thunderclap+1","Havoc+1"],"picked":"SKIP","floor":46.0},{"not_picked":["Havoc","Perfected Strike+1","Body Slam"],"picked":"SKIP","floor":48.0}],"player_experience":1309527,"relics_obtained":[{"floor":9.0,"key":"Pantograph"},{"floor":10.0,"key":"Mercury Hourglass"},{"floor":24.0,"key":"Magic Flower"},{"floor":26.0,"key":"Whetstone"},{"floor":30.0,"key":"Bottled Lightning"},{"floor":43.0,"key":"PreservedInsect"}],"event_choices":[{"damage_healed":0.0,"max_hp_gain":5.0,"max_hp_loss":0.0,"gold_gain":0.0,"event_name":"Big Fish","player_choice":"Donut","floor":2.0,"gold_loss":0.0,"damage_taken":0.0},{"damage_healed":0.0,"max_hp_gain":0.0,"max_hp_loss":0.0,"gold_gain":75.0,"event_name":"World of Goop","player_choice":"Gather Gold","floor":5.0,"gold_loss":0.0,"damage_taken":11.0},{"damage_healed":0.0,"max_hp_gain":0.0,"max_hp_loss":0.0,"gold_gain":0.0,"event_name":"Shining Light","player_choice":"Entered Light","floor":13.0,"gold_loss":0.0,"damage_taken":26.0,"cards_upgraded":["Cleave","Defend_R"]},{"damage_healed":0.0,"max_hp_gain":5.0,"max_hp_loss":0.0,"gold_gain":0.0,"event_name":"Forgotten Altar","player_choice":"Shed Blood","floor":21.0,"gold_loss":0.0,"damage_taken":30.0},{"damage_healed":0.0,"max_hp_gain":0.0,"max_hp_loss":0.0,"gold_gain":0.0,"event_name":"The Mausoleum","player_choice":"Ignored","floor":29.0,"gold_loss":0.0,"damage_taken":0.0},{"damage_healed":0.0,"max_hp_gain":0.0,"max_hp_loss":0.0,"gold_gain":0.0,"event_name":"The Library","player_choice":"Read","floor":31.0,"gold_loss":0.0,"damage_taken":0.0,"cards_obtained":["Feed"]},{"cards_removed":["Cleave"],"damage_healed":0.0,"max_hp_gain":0.0,"max_hp_loss":0.0,"gold_gain":0.0,"event_name":"Falling","player_choice":"Removed Attack","floor":38.0,"gold_loss":0.0,"damage_taken":0.0},{"damage_healed":0.0,"max_hp_gain":0.0,"max_hp_loss":0.0,"gold_gain":0.0,"event_name":"Mysterious Sphere","player_choice":"Ignored","floor":41.0,"gold_loss":0.0,"damage_taken":0.0},{"damage_healed":0.0,"max_hp_gain":0.0,"max_hp_loss":0.0,"gold_gain":0.0,"event_name":"Match and Keep!","player_choice":"0 cards matched","floor":45.0,"gold_loss":0.0,"damage_taken":0.0,"cards_obtained":[]}],"is_beta":true,"boss_relics":[{"not_picked":["Pandora\u0027s Box","Runic Cube"],"picked":"Mark of Pain"},{"not_picked":["Velvet Choker","Coffee Dripper"],"picked":"Black Blood"}],"items_purged_floors":[],"is_endless":false,"potions_floor_spawned":[11,16,18,24,27,33,37,39,48],"ascension_level":18}