{"gold_per_floor":[111,130,142,160,160,160,191,191,191,191,116,101],"floor_reached":12,"playtime":490,"items_purged":["Defend_R"],"score":82,"play_id":"83ba8d5f-0f7a-49ff-b11a-ea0e4610015e","local_time":"20190202215213","is_ascension_mode":true,"campfire_choices":[{"floor":6,"key":"RECALL"},{"floor":10,"key":"REST"}],"neow_cost":"NONE","seed_source_timestamp":869424623713,"circlet_count":0,"master_deck":["Strike_R","Strike_R","Strike_R","Strike_R","Strike_R","Defend_R","Defend_R+1","Defend_R+1","Bash","Heavy Blade","Shrug It Off","Brutality"],"relics":["Burning Blood","Unceasing Top"],"potions_floor_usage":[7,7,7,7,12],"damage_taken":[{"damage":5,"enemies":"2 Louse","floor":1,"turns":3},{"damage":15,"enemies":"Jaw Worm","floor":2,"turns":4},{"damage":5,"enemies":"Small Slimes","floor":3,"turns":4},{"damage":20,"enemies":"Looter","floor":4,"turns":3},{"damage":16,"enemies":"Gremlin Nob","floor":7,"turns":4},{"damage":17,"enemies":"Exordium Thugs","floor":12,"turns":2}],"seed_played":"8978298414752271515","potions_obtained":[{"floor":0,"key":"EntropicBrew"},{"floor":0,"key":"EntropicBrew"},{"floor":0,"key":"SpeedPotion"}],"is_trial":false,"path_per_floor":["M","M","M","M","?","R","E","?","T","R","$","M"],"character_chosen":"IRONCLAD","items_purchased":[],"campfire_rested":1,"item_purchase_floors":[],"current_hp_per_floor":[80,71,72,58,58,58,48,32,32,56,56,39],"gold":101,"neow_bonus":"THREE_SMALL_POTIONS","is_prod":false,"is_daily":false,"chose_seed":false,"campfire_upgraded":0,"win_rate":0,"timestamp":1549140733,"path_taken":["M","M","M","M","?","R","E","?","T","R","$","M"],"build_version":"2019-01-23","purchased_purges":1,"victory":false,"max_hp_per_floor":[80,80,80,80,80,80,80,80,80,80,80,80],"card_choices":[{"not_picked":["Entrench","Perfected Strike","Second Wind"],"picked":"SKIP","floor":1},{"not_picked":["True Grit","Bloodletting"],"picked":"Heavy Blade","floor":2},{"not_picked":["Clash","Body Slam","Rupture"],"picked":"SKIP","floor":3},{"not_picked":["Warcry","Clash"],"picked":"Shrug It Off","floor":4},{"not_picked":["Pommel Strike","Warcry"],"picked":"Brutality","floor":7}],"player_experience":103858,"relics_obtained":[{"floor":7,"key":"Unceasing Top"}],"event_choices":[{"damage_healed":0,"gold_gain":0,"player_choice":"Fled","damage_taken":0,"max_hp_gain":0,"max_hp_loss":0,"event_name":"Scrap Ooze","floor":5,"gold_loss":0},{"damage_healed":0,"gold_gain":0,"player_choice":"Entered Light","damage_taken":16,"max_hp_gain":0,"max_hp_loss":0,"event_name":"Shining Light","floor":8,"gold_loss":0,"cards_upgraded":["Defend_R","Defend_R"]}],"is_beta":false,"boss_relics":[],"items_purged_floors":[11],"is_endless":false,"potions_floor_spawned":[],"killed_by":"Exordium Thugs","ascension_level":1}