{"gold_per_floor":[111,127,142,152,162,189,79,108,108,71,71,81,101,128,128,225,225,239,45,45,6,6,6,6,6,51,81,31,60,60,71,71,170,170,189,189,189,189,189,189,25,25,25,42,68,123,123,223,223,223,223,223,10,43,43],"floor_reached":55,"playtime":6221,"items_purged":["Strike_B","Pain","Pain"],"score":792,"play_id":"60aa295f-212c-4303-b0cd-7eed3f7707b0","local_time":"20190204225825","is_ascension_mode":true,"campfire_choices":[{"data":"Defragment","floor":11.0,"key":"SMITH"},{"data":"Zap","floor":15.0,"key":"SMITH"},{"data":"Loop","floor":23.0,"key":"SMITH"},{"data":"Defragment","floor":25.0,"key":"SMITH"},{"data":"Seek","floor":30.0,"key":"SMITH"},{"data":"Loop","floor":32.0,"key":"SMITH"},{"data":"1","floor":40.0,"key":"LIFT"},{"data":"2","floor":47.0,"key":"LIFT"},{"floor":49.0,"key":"RECALL"},{"data":"3","floor":52.0,"key":"LIFT"}],"neow_cost":"NONE","seed_source_timestamp":0,"circlet_count":0,"master_deck":["Strike_B","Strike_B","Strike_B","Defend_B","Defend_B","Defend_B","Defend_B","Zap+1","Dualcast","Leap","Ball Lightning","Cold Snap","Stack","Loop+1","Defragment+1","White Noise","Defragment+1","Conserve Battery","Coolheaded","Core Surge","Parasite","Redo+1","Rip and Tear+1","Forethought","Skim","Shame","Cold Snap","Seek+1","Barrage","Loop+1","Buffer","Capacitor+1","Beam Cell+1","Madness","Madness","Panache","Panache","Bandage Up","Cold Snap+1","Beam Cell+1","Coolheaded+1","Undo+1","Barrage+1","Jack Of All Trades","Defragment+1"],"special_seed":0,"relics":["Cracked Core","Dodecahedron","Du-Vu Doll","Meat on the Bone","Orichalcum","Calling Bell","Pen Nib","Shuriken","Prayer Wheel","Girya","The Courier","Juzu Bracelet","Turnip","Happy Flower","Fusion Hammer","Kunai","Lee\u0027s Waffle","Bird Faced Urn","Nunchaku","Ginger","Cables"],"potions_floor_usage":[55,55,55],"damage_taken":[{"damage":0.0,"enemies":"2 Louse","floor":1.0,"turns":3.0},{"damage":2.0,"enemies":"Jaw Worm","floor":2.0,"turns":3.0},{"damage":0.0,"enemies":"Cultist","floor":3.0,"turns":2.0},{"damage":3.0,"enemies":"Exordium Thugs","floor":4.0,"turns":4.0},{"damage":5.0,"enemies":"3 Louse","floor":5.0,"turns":3.0},{"damage":16.0,"enemies":"Lagavulin","floor":6.0,"turns":6.0},{"damage":9.0,"enemies":"3 Sentries","floor":8.0,"turns":7.0},{"damage":12.0,"enemies":"Exordium Wildlife","floor":12.0,"turns":4.0},{"damage":11.0,"enemies":"Looter","floor":13.0,"turns":3.0},{"damage":14.0,"enemies":"Gremlin Nob","floor":14.0,"turns":4.0},{"damage":5.0,"enemies":"The Guardian","floor":16.0,"turns":8.0},{"damage":27.0,"enemies":"Shell Parasite","floor":18.0,"turns":9.0},{"damage":20.0,"enemies":"Gremlin Leader","floor":27.0,"turns":7.0},{"damage":43.0,"enemies":"Slavers","floor":29.0,"turns":5.0},{"damage":9.0,"enemies":"Chosen","floor":31.0,"turns":3.0},{"damage":32.0,"enemies":"Automaton","floor":33.0,"turns":12.0},{"damage":2.0,"enemies":"Orb Walker","floor":35.0,"turns":4.0},{"damage":4.0,"enemies":"3 Shapes","floor":44.0,"turns":5.0},{"damage":26.0,"enemies":"Nemesis","floor":45.0,"turns":9.0},{"damage":37.0,"enemies":"2 Orb Walkers","floor":46.0,"turns":4.0},{"damage":3.0,"enemies":"Mind Bloom Boss Battle","floor":48.0,"turns":13.0},{"damage":32.0,"enemies":"Time Eater","floor":50.0,"turns":8.0},{"damage":59.0,"enemies":"Shield and Spear","floor":54.0,"turns":8.0},{"damage":63,"enemies":"The Heart","floor":55,"turns":5}],"seed_played":"1023897666647467945","potions_obtained":[{"floor":3.0,"key":"PowerPotion"},{"floor":6.0,"key":"EntropicBrew"},{"floor":8.0,"key":"Regen Potion"},{"floor":27.0,"key":"Strength Potion"},{"floor":29.0,"key":"Fire Potion"},{"floor":35.0,"key":"Poison Potion"},{"floor":44.0,"key":"Weak Potion"},{"floor":48.0,"key":"GamblersBrew"}],"is_trial":false,"path_per_floor":["M","M","M","M","M","E","$","E","T","$","R","M","M","E","R","B",null,"M","$","?","$","?","R","?","R","T","E","?","E","R","M","R","B",null,"M","?","T","?","?","R","$","?","T","M","E","?","R","?","R","B",null,"R","$","E","B"],"character_chosen":"DEFECT","items_purchased":["Defragment","White Noise","Forethought","Skim","Lee\u0027s Waffle","PowerPotion","Jack Of All Trades"],"campfire_rested":0,"item_purchase_floors":[7,10,19,21,41,53,53],"current_hp_per_floor":[82,80,80,77,72,56,56,47,47,47,47,47,48,46,46,53,82,55,55,82,82,82,82,82,82,82,71,71,40,40,43,43,23,82,80,70,70,70,60,60,89,89,89,85,63,48,48,67,67,57,89,89,89,48,0],"gold":43,"neow_bonus":"TEN_PERCENT_HP_BONUS","is_prod":false,"is_daily":false,"chose_seed":false,"campfire_upgraded":6,"win_rate":0,"timestamp":1549349905,"path_taken":["M","M","M","M","M","E","$","E","T","$","R","M","M","E","R","BOSS","M","$","?","$","?","R","?","R","T","E","?","E","R","M","R","BOSS","M","?","?","?","?","R","$","?","T","M","E","?","R","?","R","BOSS","R","$","E","BOSS"],"build_version":"2019-01-23","purchased_purges":3,"victory":false,"max_hp_per_floor":[82,82,82,82,82,82,82,82,82,82,82,82,82,82,82,82,82,82,82,82,82,82,82,82,82,82,82,82,82,82,82,82,82,82,82,82,82,82,82,82,89,89,89,89,89,89,89,89,89,89,89,89,89,89,89],"card_choices":[{"not_picked":["Streamline","Turbo"],"picked":"Leap","floor":1.0},{"not_picked":["Go for the Eyes","Gash"],"picked":"Ball Lightning","floor":2.0},{"not_picked":["Doom and Gloom","Compile Driver"],"picked":"Cold Snap","floor":3.0},{"not_picked":["Gash","Redo"],"picked":"Stack","floor":4.0},{"not_picked":["Gash","Chaos"],"picked":"Loop","floor":5.0},{"not_picked":["Rebound","Blizzard","Gash"],"picked":"SKIP","floor":6.0},{"not_picked":["Scrape","Multi-Cast"],"picked":"Sweeping Beam","floor":8.0},{"not_picked":["Reprogram","Defragment","Rebound"],"picked":"SKIP","floor":12.0},{"not_picked":["Reprogram","Rebound"],"picked":"Defragment","floor":12.0},{"not_picked":["Compile Driver","Turbo"],"picked":"Conserve Battery","floor":13.0},{"not_picked":["Chaos","Defragment"],"picked":"Coolheaded","floor":14.0},{"not_picked":["Machine Learning","Meteor Strike"],"picked":"Core Surge","floor":16.0},{"not_picked":["Doom and Gloom","Compile Driver+1"],"picked":"Redo+1","floor":18.0},{"not_picked":["Rebound","Beam Cell"],"picked":"Rip and Tear+1","floor":18.0},{"not_picked":["Blizzard","Conserve Battery"],"picked":"Cold Snap","floor":27.0},{"not_picked":["Conserve Battery","Storm"],"picked":"Seek","floor":29.0},{"not_picked":["Conserve Battery","Ball Lightning"],"picked":"Barrage","floor":31.0},{"not_picked":["Streamline","Reinforced Body"],"picked":"Loop","floor":31.0},{"not_picked":["Electrodynamics","Seek"],"picked":"Buffer","floor":33.0},{"not_picked":["Gash","Cold Snap"],"picked":"Capacitor+1","floor":35.0},{"not_picked":["Reprogram+1","Auto Shields+1"],"picked":"Beam Cell+1","floor":35.0},{"not_picked":["Trip","HandOfGreed"],"picked":"Panache","floor":39.0},{"not_picked":["Enlightenment","Forethought"],"picked":"Panache","floor":39.0},{"not_picked":["Sadistic Nature","Thinking Ahead"],"picked":"Bandage Up","floor":39.0},{"not_picked":["Hologram","Coolheaded+1"],"picked":"Cold Snap+1","floor":44.0},{"not_picked":["Conserve Battery","White Noise"],"picked":"Beam Cell+1","floor":44.0},{"not_picked":["Sweeping Beam+1","Cold Snap"],"picked":"Coolheaded+1","floor":45.0},{"not_picked":["Rebound+1","Streamline"],"picked":"Undo+1","floor":46.0},{"not_picked":["Meteor Strike","Rip and Tear+1"],"picked":"Barrage+1","floor":48.0},{"not_picked":["Lockon+1","Cold Snap+1"],"picked":"Defragment+1","floor":54.0}],"player_experience":454212,"relics_obtained":[{"floor":6.0,"key":"Dodecahedron"},{"floor":8.0,"key":"Du-Vu Doll"},{"floor":9.0,"key":"Meat on the Bone"},{"floor":14.0,"key":"Orichalcum"},{"floor":17.0,"key":"Pen Nib"},{"floor":17.0,"key":"Shuriken"},{"floor":17.0,"key":"Prayer Wheel"},{"floor":26.0,"key":"Juzu Bracelet"},{"floor":27.0,"key":"Turnip"},{"floor":29.0,"key":"Happy Flower"},{"floor":37.0,"key":"Kunai"},{"floor":45.0,"key":"Bird Faced Urn"},{"floor":46.0,"key":"Nunchaku"},{"floor":48.0,"key":"Ginger"},{"floor":54.0,"key":"Cables"}],"event_choices":[{"damage_healed":27.0,"max_hp_gain":0.0,"max_hp_loss":0.0,"gold_gain":0.0,"event_name":"The Library","player_choice":"Heal","floor":20.0,"gold_loss":0.0,"damage_taken":0.0},{"damage_healed":0.0,"max_hp_gain":0.0,"max_hp_loss":0.0,"gold_gain":0.0,"event_name":"The Mausoleum","player_choice":"Opened","floor":22.0,"gold_loss":0.0,"damage_taken":0.0,"relics_obtained":["Girya"]},{"damage_healed":0.0,"max_hp_gain":0.0,"max_hp_loss":0.0,"gold_gain":0.0,"event_name":"Addict","player_choice":"Stole Relic","floor":24.0,"gold_loss":0.0,"damage_taken":0.0,"relics_obtained":["The Courier"],"cards_obtained":["Shame"]},{"damage_healed":0.0,"max_hp_gain":0.0,"max_hp_loss":0.0,"gold_gain":0.0,"event_name":"The Joust","player_choice":"Bet on Murderer","floor":28.0,"gold_loss":50.0,"damage_taken":0.0},{"damage_healed":0.0,"max_hp_gain":0.0,"max_hp_loss":0.0,"gold_gain":0.0,"event_name":"Winding Halls","player_choice":"Embrace Madness","floor":36.0,"gold_loss":0.0,"damage_taken":10.0,"cards_obtained":["Madness","Madness"]},{"damage_healed":0.0,"max_hp_gain":0.0,"max_hp_loss":0.0,"gold_gain":0.0,"event_name":"Tomb of Lord Red Mask","player_choice":"Ignored","floor":38.0,"gold_loss":0.0,"damage_taken":0.0},{"damage_healed":0.0,"max_hp_gain":0.0,"max_hp_loss":0.0,"gold_gain":0.0,"event_name":"SensoryStone","player_choice":"Memory 3","floor":39.0,"gold_loss":0.0,"damage_taken":10.0},{"cards_removed":["Sweeping Beam"],"damage_healed":0.0,"max_hp_gain":0.0,"max_hp_loss":0.0,"gold_gain":0.0,"event_name":"Falling","player_choice":"Removed Attack","floor":42.0,"gold_loss":0.0,"damage_taken":0.0},{"damage_healed":0.0,"max_hp_gain":0.0,"max_hp_loss":0.0,"gold_gain":0.0,"event_name":"Mysterious Sphere","player_choice":"Fight","floor":46.0,"gold_loss":0.0,"damage_taken":0.0},{"damage_healed":0.0,"max_hp_gain":0.0,"max_hp_loss":0.0,"gold_gain":0.0,"event_name":"MindBloom","player_choice":"Fight","floor":48.0,"gold_loss":0.0,"damage_taken":0.0}],"is_beta":false,"boss_relics":[{"not_picked":["Empty Cage","Orrery"],"picked":"Calling Bell"},{"not_picked":["Runic Dome","Busted Crown"],"picked":"Fusion Hammer"}],"items_purged_floors":[7,19,53],"is_endless":false,"potions_floor_spawned":[3,6,8,12,27,29,35,44,48,54],"killed_by":"The Heart","ascension_level":2}