{"gold_per_floor":[110,110,110,35,45,73,85,85,111,143,162,87,87,87,87,163,163,183,183,194,194],"floor_reached":21,"playtime":1457,"items_purged":["Regret"],"score":374,"play_id":"06410344-2b2c-44fb-ba02-3f26a929115b","local_time":"20190820195634","is_ascension_mode":true,"campfire_choices":[{"floor":8.0,"key":"REST"},{"data":"Recycle","floor":13.0,"key":"SMITH"},{"data":"Dualcast","floor":15.0,"key":"SMITH"}],"neow_cost":"NONE","seed_source_timestamp":551279275901329,"circlet_count":0,"master_deck":["AscendersBane","Strike_B","Strike_B","Strike_B+1","Defend_B+1","Defend_B","Defend_B","Zap+1","Dualcast+1","Compile Driver","Chill","Creative AI","Leap","Ball Lightning","Recycle+1","Buffer","Gash+1","Electrodynamics","Genetic Algorithm"],"special_seed":0,"relics":["Cracked Core","PreservedInsect","Du-Vu Doll","Lantern","Unceasing Top","Cursed Key"],"potions_floor_usage":[20,21],"damage_taken":[{"damage":2.0,"enemies":"Jaw Worm","floor":1.0,"turns":3.0},{"damage":7.0,"enemies":"2 Louse","floor":5.0,"turns":2.0},{"damage":9.0,"enemies":"3 Sentries","floor":6.0,"turns":7.0},{"damage":0.0,"enemies":"Small Slimes","floor":7.0,"turns":3.0},{"damage":1.0,"enemies":"Lagavulin","floor":10.0,"turns":6.0},{"damage":3.0,"enemies":"2 Fungi Beasts","floor":11.0,"turns":3.0},{"damage":22.0,"enemies":"Hexaghost","floor":16.0,"turns":7.0},{"damage":12,"enemies":"Chosen","floor":18,"turns":5},{"damage":26,"enemies":"2 Thieves","floor":20,"turns":4},{"damage":43,"enemies":"Snecko","floor":21,"turns":5}],"seed_played":"-5068469139831380038","potions_obtained":[{"floor":5.0,"key":"Strength Potion"},{"floor":7.0,"key":"LiquidBronze"},{"floor":16.0,"key":"Explosive Potion"},{"floor":18,"key":"PowerPotion"}],"is_trial":false,"path_per_floor":["M","?","?","$","M","E","M","R","T","E","M","?","R","?","R","B",null,"M","?","M","M"],"character_chosen":"DEFECT","items_purchased":[],"campfire_rested":1,"item_purchase_floors":[],"current_hp_per_floor":[62,62,41,41,34,25,25,46,46,45,42,42,42,42,42,20,58,46,46,20,0],"gold":194,"neow_bonus":"UPGRADE_CARD","is_prod":false,"is_daily":false,"chose_seed":false,"campfire_upgraded":2,"win_rate":0,"timestamp":1566356194,"path_taken":["M","?","?","$","M","E","M","R","T","E","M","?","R","?","R","BOSS","M","?","M","?"],"build_version":"2019-07-17","purchased_purges":1,"victory":false,"max_hp_per_floor":[71,71,71,71,71,71,71,71,71,71,71,71,71,71,71,71,71,71,71,71,71],"card_choices":[{"not_picked":["Redo","Barrage"],"picked":"Compile Driver","floor":1.0},{"not_picked":["Go for the Eyes","Aggregate"],"picked":"Chill","floor":5.0},{"not_picked":["White Noise","Barrage"],"picked":"Creative AI","floor":6.0},{"not_picked":["Gash","Redo"],"picked":"Leap","floor":7.0},{"not_picked":["Stack","Streamline"],"picked":"Ball Lightning","floor":10.0},{"not_picked":["Static Discharge","Rebound"],"picked":"Recycle","floor":11.0},{"not_picked":["Creative AI","Multi-Cast"],"picked":"Buffer","floor":16.0},{"not_picked":["Go for the Eyes","Sweeping Beam"],"picked":"Gash+1","floor":18},{"not_picked":["Aggregate","Compile Driver"],"picked":"Genetic Algorithm","floor":20}],"player_experience":718372,"relics_obtained":[{"floor":6.0,"key":"Du-Vu Doll"},{"floor":9.0,"key":"Lantern"},{"floor":10.0,"key":"Unceasing Top"}],"event_choices":[{"damage_healed":0.0,"max_hp_gain":0.0,"max_hp_loss":0.0,"gold_gain":0.0,"event_name":"Big Fish","player_choice":"Box","floor":2.0,"gold_loss":0.0,"damage_taken":0.0,"relics_obtained":["PreservedInsect"],"cards_obtained":["Regret"]},{"damage_healed":0.0,"max_hp_gain":0.0,"max_hp_loss":0.0,"gold_gain":0.0,"event_name":"Shining Light","player_choice":"Entered Light","floor":3.0,"gold_loss":0.0,"damage_taken":21.0,"cards_upgraded":["Strike_B","Defend_B"]},{"cards_removed":["Strike_B"],"damage_healed":0.0,"max_hp_gain":0.0,"max_hp_loss":0.0,"gold_gain":0.0,"event_name":"The Cleric","player_choice":"Card Removal","floor":12.0,"gold_loss":75.0,"damage_taken":0.0},{"cards_removed":["Defend_B"],"damage_healed":0.0,"max_hp_gain":0.0,"max_hp_loss":0.0,"gold_gain":0.0,"event_name":"Living Wall","player_choice":"Forget","floor":14.0,"gold_loss":0.0,"damage_taken":0.0},{"damage_healed":0,"gold_gain":0,"player_choice":"1 cards matched","damage_taken":0,"max_hp_gain":0,"max_hp_loss":0,"event_name":"Match and Keep!","floor":19,"gold_loss":0,"cards_obtained":["Electrodynamics"]}],"is_beta":false,"boss_relics":[{"not_picked":["Runic Dome","Black Star"],"picked":"Cursed Key"}],"items_purged_floors":[4],"is_endless":false,"potions_floor_spawned":[5,7,10,11,16,18],"killed_by":"Snecko","ascension_level":20}