{"gold_per_floor":[110,125,144,144,57,85,85,114,139,139,217,251,262,275,275,275],"floor_reached":16,"playtime":805,"items_purged":[],"score":192,"play_id":"5c6817c9-9ff5-4dae-bc70-7cc1033ea2cb","local_time":"20190825134208","is_ascension_mode":true,"campfire_choices":[{"data":"Fission","floor":7,"key":"SMITH"},{"floor":10,"key":"REST"},{"data":"Creative AI","floor":15,"key":"SMITH"}],"neow_cost":"NONE","seed_source_timestamp":682356613131841,"circlet_count":0,"master_deck":["AscendersBane","Strike_B","Strike_B","Strike_B","Strike_B","Defend_B","Defend_B","Defend_B","Defend_B","Zap","Dualcast","Fission+1","Rebound","Sunder","Cold Snap","Melter","Sweeping Beam","Creative AI+1","Steam","Conserve Battery","Melter","Cold Snap"],"relics":["Cracked Core","Pen Nib","PreservedInsect","Calipers","Strawberry","Nunchaku"],"potions_floor_usage":[6,13,16],"damage_taken":[{"damage":4,"enemies":"Jaw Worm","floor":1,"turns":3},{"damage":7,"enemies":"Small Slimes","floor":2,"turns":4},{"damage":2,"enemies":"2 Louse","floor":3,"turns":2},{"damage":24,"enemies":"Gremlin Nob","floor":6,"turns":4},{"damage":13,"enemies":"Lagavulin","floor":8,"turns":5},{"damage":6,"enemies":"Gremlin Nob","floor":12,"turns":3},{"damage":3,"enemies":"Gremlin Gang","floor":13,"turns":3},{"damage":13,"enemies":"Large Slime","floor":14,"turns":5},{"damage":25,"enemies":"Slime Boss","floor":16,"turns":3}],"seed_played":"3105346745034920923","potions_obtained":[{"floor":2,"key":"Dexterity Potion"},{"floor":3,"key":"Weak Potion"},{"floor":8,"key":"AttackPotion"}],"is_trial":false,"path_per_floor":["M","M","M","?","$","E","R","E","T","R","?","E","M","M","R","B"],"character_chosen":"DEFECT","items_purchased":["Melter","Sweeping Beam"],"campfire_rested":1,"item_purchase_floors":[5,5],"current_hp_per_floor":[64,57,55,52,52,28,28,15,22,46,46,40,37,24,24,0],"gold":275,"neow_bonus":"ONE_RANDOM_RARE_CARD","is_prod":false,"is_daily":false,"chose_seed":false,"campfire_upgraded":2,"win_rate":0,"timestamp":1566754928,"path_taken":["M","M","M","?","$","E","R","E","T","R","?","E","M","M","R","BOSS"],"build_version":"2019-07-17","purchased_purges":0,"victory":false,"max_hp_per_floor":[75,75,75,75,75,75,75,75,82,82,82,82,82,82,82,82],"card_choices":[{"not_picked":["Storm","Hello World"],"picked":"Rebound","floor":1},{"not_picked":["Hologram","Beam Cell"],"picked":"Sunder","floor":2},{"not_picked":["Ball Lightning","Chill"],"picked":"Cold Snap","floor":3},{"not_picked":["Compile Driver","Chaos"],"picked":"Creative AI","floor":6},{"not_picked":["Static Discharge","Machine Learning"],"picked":"Steam","floor":8},{"not_picked":["Multi-Cast","Leap"],"picked":"Conserve Battery","floor":12},{"not_picked":["Rebound","Redo"],"picked":"Melter","floor":13},{"not_picked":["Barrage","Gash"],"picked":"Cold Snap","floor":14}],"player_experience":490960,"relics_obtained":[{"floor":6,"key":"PreservedInsect"},{"floor":8,"key":"Calipers"},{"floor":9,"key":"Strawberry"},{"floor":12,"key":"Nunchaku"}],"event_choices":[{"damage_healed":0,"gold_gain":0,"player_choice":"Success","damage_taken":3,"relics_obtained":["Pen Nib"],"max_hp_gain":0,"max_hp_loss":0,"event_name":"Scrap Ooze","floor":4,"gold_loss":0},{"damage_healed":0,"gold_gain":78,"player_choice":"Gained Gold","damage_taken":0,"max_hp_gain":0,"max_hp_loss":0,"event_name":"Golden Wing","floor":11,"gold_loss":0}],"is_beta":false,"boss_relics":[],"items_purged_floors":[],"is_endless":false,"potions_floor_spawned":[2,3,8,12],"killed_by":"Slime Boss","ascension_level":12}