{"gold_per_floor":[119,31,31,43,59,85,98,98,98,112,112,128,128,128,128,225,225,235,235,235,249,263,297,297,257,283,299,299,319,319,335,335,335],"floor_reached":33,"playtime":874,"items_purged":[],"score":294,"play_id":"52969d0a-73af-45a2-a624-410c8ae6eda0","local_time":"20181030175745","is_ascension_mode":false,"campfire_choices":[{"data":"Corruption","floor":8,"key":"SMITH"},{"data":"Perfected Strike","floor":11,"key":"SMITH"},{"data":"Bash","floor":13,"key":"SMITH"},{"data":"Twin Strike","floor":15,"key":"SMITH"},{"floor":28,"key":"REST"},{"data":"Pommel Strike","floor":30,"key":"SMITH"},{"floor":32,"key":"REST"}],"neow_cost":"NONE","seed_source_timestamp":8728069893977,"circlet_count":0,"master_deck":["Strike_R","Strike_R","Strike_R","Strike_R","Strike_R","Defend_R","Defend_R","Defend_R","Defend_R","Bash+1","Thunderclap","Twin Strike+1","Perfected Strike+1","Corruption+1","Dark Embrace","Armaments","Flame Barrier+1","Armaments+1","Ghostly","Ghostly","Ghostly","Ghostly","Ghostly","Sentinel","Pommel Strike+1"],"relics":["Burning Blood","NeowsBlessing","Oddly Smooth Stone","Peace Pipe","Blue Candle","Mark of Pain","Bottled Flame","Potion Belt"],"potions_floor_usage":[16,23,23,23],"damage_taken":[{"damage":0,"enemies":"2 Louse","floor":1,"turns":1},{"damage":0,"enemies":"Cultist","floor":4,"turns":1},{"damage":0,"enemies":"Jaw Worm","floor":5,"turns":1},{"damage":39,"enemies":"Lagavulin","floor":6,"turns":6},{"damage":10,"enemies":"Exordium Wildlife","floor":7,"turns":5},{"damage":4,"enemies":"Red Slaver","floor":10,"turns":5},{"damage":4,"enemies":"Large Slime","floor":12,"turns":4},{"damage":16,"enemies":"Slime Boss","floor":16,"turns":8},{"damage":4,"enemies":"Chosen","floor":18,"turns":4},{"damage":18,"enemies":"Spheric Guardian","floor":21,"turns":5},{"damage":28,"enemies":"Chosen and Byrds","floor":22,"turns":7},{"damage":36,"enemies":"Slavers","floor":23,"turns":6},{"damage":8,"enemies":"Sentry and Sphere","floor":27,"turns":9},{"damage":0,"enemies":"Snecko","floor":29,"turns":5},{"damage":24,"enemies":"Snake Plant","floor":31,"turns":3},{"damage":33,"enemies":"Collector","floor":33,"turns":7}],"seed_played":"3444907198475844977","potions_obtained":[{"floor":4,"key":"Energy Potion"},{"floor":5,"key":"FearPotion"},{"floor":7,"key":"Explosive Potion"},{"floor":16,"key":"Regen Potion"},{"floor":19,"key":"Fire Potion"},{"floor":27,"key":"FearPotion"},{"floor":31,"key":"SteroidPotion"}],"is_trial":false,"path_per_floor":["M","?","$","M","M","E","M","R","T","M","R","M","R","?","R","B",null,"M","?","?","M","M","E","?","?","T","M","R","M","R","M","R"],"character_chosen":"IRONCLAD","items_purchased":[],"campfire_rested":2,"item_purchase_floors":[],"current_hp_per_floor":[80,80,80,80,80,47,43,43,43,45,45,47,47,52,52,42,85,85,85,69,57,35,10,10,10,10,8,21,27,27,9,22,0],"gold":335,"neow_bonus":"THREE_ENEMY_KILL","is_prod":false,"is_daily":false,"chose_seed":false,"campfire_upgraded":5,"win_rate":0,"timestamp":1540936665,"path_taken":["M","?","$","?","M","E","M","R","T","M","R","M","R","?","R","BOSS","M","?","?","M","M","E","?","?","T","M","R","M","R","M","R","BOSS"],"build_version":"2018-10-29v2","purchased_purges":0,"victory":false,"max_hp_per_floor":[80,80,80,80,80,80,80,80,80,80,80,80,80,85,85,85,85,85,85,90,90,90,90,45,45,45,45,45,45,45,45,45,45],"card_choices":[{"not_picked":["Armaments","Headbutt"],"picked":"Thunderclap","floor":1},{"not_picked":["Sentinel","Heavy Blade"],"picked":"Twin Strike","floor":4},{"not_picked":["Entrench","Havoc"],"picked":"Perfected Strike","floor":5},{"not_picked":["Havoc","Spot Weakness","Seeing Red"],"picked":"SKIP","floor":6},{"not_picked":["Seeing Red","Havoc"],"picked":"Corruption","floor":7},{"not_picked":["Anger","Heavy Blade","Warcry"],"picked":"SKIP","floor":10},{"not_picked":["Spot Weakness","Bloodletting","Heavy Blade"],"picked":"SKIP","floor":12},{"not_picked":["Offering","Limit Break"],"picked":"Dark Embrace","floor":16},{"not_picked":["Rage","Clothesline"],"picked":"Armaments","floor":18},{"not_picked":["Heavy Blade","Armaments","Body Slam"],"picked":"SKIP","floor":21},{"not_picked":["Second Wind","Wild Strike"],"picked":"Flame Barrier","floor":22},{"not_picked":["Havoc","Armaments+1","Rampage+1"],"picked":"SKIP","floor":23},{"not_picked":["Havoc","Rampage+1"],"picked":"Armaments+1","floor":23},{"not_picked":["Blood for Blood+1","Wild Strike"],"picked":"Sentinel","floor":27},{"not_picked":["Battle Trance+1","Rupture+1"],"picked":"Pommel Strike","floor":29},{"not_picked":["Thunderclap+1","Havoc","Armaments"],"picked":"SKIP","floor":31}],"player_experience":951586,"relics_obtained":[{"floor":6,"key":"Peace Pipe"},{"floor":9,"key":"Blue Candle"},{"floor":23,"key":"Bottled Flame"},{"floor":26,"key":"Potion Belt"}],"event_choices":[{"damage_healed":0,"gold_gain":0,"player_choice":"Paid Gold","damage_taken":0,"relics_obtained":["Oddly Smooth Stone"],"max_hp_gain":0,"max_hp_loss":0,"event_name":"WeMeetAgain","floor":2,"gold_loss":88},{"damage_healed":0,"gold_gain":0,"player_choice":"Donut","damage_taken":0,"max_hp_gain":5,"max_hp_loss":0,"event_name":"Big Fish","floor":14,"gold_loss":0},{"damage_healed":0,"gold_gain":0,"player_choice":"Got Potions","damage_taken":0,"max_hp_gain":0,"max_hp_loss":0,"event_name":"The Lab","floor":19,"gold_loss":0},{"damage_healed":0,"gold_gain":0,"player_choice":"Shed Blood","damage_taken":21,"max_hp_gain":5,"max_hp_loss":0,"event_name":"Forgotten Altar","floor":20,"gold_loss":0},{"damage_healed":0,"gold_gain":0,"player_choice":"Became a Ghost","damage_taken":0,"max_hp_gain":0,"max_hp_loss":45,"event_name":"Ghosts","floor":24,"gold_loss":0,"cards_obtained":["Ghostly","Ghostly","Ghostly","Ghostly","Ghostly"]},{"damage_healed":0,"gold_gain":0,"player_choice":"Upgrade","damage_taken":0,"max_hp_gain":0,"max_hp_loss":0,"event_name":"Designer","floor":25,"gold_loss":40,"cards_upgraded":["Flame Barrier"]}],"is_beta":true,"boss_relics":[{"not_picked":["Tiny House","Pandora\u0027s Box"],"picked":"Mark of Pain"}],"items_purged_floors":[],"is_endless":false,"potions_floor_spawned":[4,5,7,16,22,27,31],"killed_by":"Collector","ascension_level":0}