{"gold_per_floor":[116,132,112,130,130,161,161,192,217,182,182,202,218,232,232,232],"floor_reached":16,"playtime":725,"items_purged":[],"score":112,"play_id":"167eba71-d1d4-445f-867a-e62dcd311d11","local_time":"20190917195133","is_ascension_mode":false,"campfire_choices":[{"data":"Bash","floor":7,"key":"SMITH"},{"floor":11,"key":"REST"},{"data":"Body Slam","floor":15,"key":"SMITH"}],"neow_cost":"PERCENT_DAMAGE","seed_source_timestamp":142312883525300,"circlet_count":0,"master_deck":["Strike_R","Strike_R","Strike_R","Strike_R","Strike_R","Defend_R","Defend_R","Defend_R","Defend_R","Bash+1","Body Slam+1"],"relics":["Burning Blood","Champion Belt","Pen Nib","Art of War","Omamori"],"potions_floor_usage":[8,8,8,16],"damage_taken":[{"damage":9,"enemies":"Cultist","floor":1,"turns":5},{"damage":0,"enemies":"2 Louse","floor":2,"turns":3},{"damage":0,"enemies":"Small Slimes","floor":4,"turns":3},{"damage":21,"enemies":"Gremlin Nob","floor":6,"turns":5},{"damage":40,"enemies":"3 Sentries","floor":8,"turns":8},{"damage":5,"enemies":"3 Louse","floor":12,"turns":4},{"damage":8,"enemies":"Blue Slaver","floor":13,"turns":5},{"damage":5,"enemies":"Exordium Wildlife","floor":14,"turns":5},{"damage":61,"enemies":"The Guardian","floor":16,"turns":15}],"seed_played":"2935376053141212520","potions_obtained":[{"floor":1,"key":"SteroidPotion"},{"floor":2,"key":"Explosive Potion"},{"floor":3,"key":"Weak Potion"},{"floor":4,"key":"PowerPotion"},{"floor":8,"key":"SpeedPotion"}],"is_trial":false,"path_per_floor":["M","M","?","M","?","E","R","E","T","?","R","M","M","M","R","B"],"character_chosen":"IRONCLAD","items_purchased":[],"campfire_rested":1,"item_purchase_floors":[],"current_hp_per_floor":[53,59,59,65,65,50,50,16,16,36,60,61,59,60,60,0],"gold":232,"neow_bonus":"ONE_RARE_RELIC","is_prod":false,"is_daily":false,"chose_seed":false,"campfire_upgraded":2,"win_rate":0,"timestamp":1568764293,"path_taken":["M","?","?","?","?","E","R","E","T","?","R","M","M","M","R","BOSS"],"build_version":"2019-07-17","purchased_purges":0,"victory":false,"max_hp_per_floor":[80,80,80,80,80,80,80,80,80,80,80,80,80,80,80,80],"card_choices":[{"not_picked":["Uppercut","Twin Strike","Entrench"],"picked":"SKIP","floor":1},{"not_picked":["Sever Soul","Armaments","Flex"],"picked":"SKIP","floor":2},{"not_picked":["Clash","Thunderclap","Pommel Strike"],"picked":"SKIP","floor":4},{"not_picked":["Intimidate","Armaments"],"picked":"Body Slam","floor":6},{"not_picked":["Rupture","Havoc","Armaments"],"picked":"SKIP","floor":8},{"not_picked":["Clash","Fiend Fire","Bloodletting"],"picked":"SKIP","floor":12},{"not_picked":["Pommel Strike","Evolve","Headbutt"],"picked":"SKIP","floor":13},{"not_picked":["Heavy Blade","Cleave","Wild Strike"],"picked":"SKIP","floor":14}],"player_experience":556878,"relics_obtained":[{"floor":6,"key":"Pen Nib"},{"floor":8,"key":"Art of War"},{"floor":9,"key":"Omamori"}],"event_choices":[{"damage_healed":0,"gold_gain":0,"player_choice":"Bought 1 Potion","damage_taken":0,"max_hp_gain":0,"max_hp_loss":0,"event_name":"The Woman in Blue","floor":3,"gold_loss":0},{"damage_healed":0,"gold_gain":0,"player_choice":"Ignored","damage_taken":0,"max_hp_gain":0,"max_hp_loss":0,"event_name":"Liars Game","floor":5,"gold_loss":0},{"damage_healed":20,"gold_gain":0,"player_choice":"Healed","damage_taken":0,"max_hp_gain":0,"max_hp_loss":0,"event_name":"The Cleric","floor":10,"gold_loss":35}],"is_beta":false,"boss_relics":[],"items_purged_floors":[],"is_endless":false,"potions_floor_spawned":[1,2,4,8],"killed_by":"The Guardian","ascension_level":0}