{"gold_per_floor":[115,133,144,144,161,161,193,193,193,208,208,240,256,272,272,348,348,361,361,3,16,16,46,46,56,79,108,127,154,254,273,273,348,348,368,368,368,379,379,406,406,436,436,469,481,539,570,53,53,53,53,53,0,30,30],"floor_reached":55,"playtime":10055,"items_purged":["Defend_B","Defend_B"],"score":1555,"play_id":"2b2d0804-31ba-4c3b-a8de-f1e071368a96","local_time":"20190814004303","is_ascension_mode":true,"campfire_choices":[{"data":"Barrage","floor":6.0,"key":"SMITH"},{"floor":11.0,"key":"REST"},{"floor":15.0,"key":"REST"},{"floor":24.0,"key":"REST"},{"data":"Defragment","floor":32.0,"key":"SMITH"},{"data":"Heatsinks","floor":41.0,"key":"SMITH"},{"data":"1","floor":45.0,"key":"LIFT"},{"floor":49.0,"key":"RECALL"},{"data":"2","floor":52.0,"key":"LIFT"}],"neow_cost":"NONE","seed_source_timestamp":0,"circlet_count":0,"master_deck":["AscendersBane","Strike_B+1","Defend_B+1","Defend_B+1","Zap+1","Dualcast","Coolheaded","Barrage+1","Chill","Buffer+1","Leap","Go for the Eyes","Ball Lightning+1","Static Discharge","Cold Snap","Steam","Seek+1","Stack+1","Steam+1","White Noise+1","Lockon+1","Undo","Cold Snap+1","Machine Learning","Blizzard+1","Coolheaded","Reprogram+1","Defragment+1","Steam","Heatsinks+1","Aggregate","Go for the Eyes+1","Glacier","Creative AI","Sunder","Steam Power","Redo+1","BootSequence","Meteor Strike","Core Surge","Barrage","Hologram+1","Coolheaded+1","Turbo+1"],"special_seed":0,"relics":["Cracked Core","Happy Flower","Prayer Wheel","Astrolabe","Mercury Hourglass","Pen Nib","Whetstone","Pantograph","Art of War","Girya","Darkstone Periapt","Inserter","Turnip","Du-Vu Doll","Dodecahedron","MawBank","Gambling Chip","Mummified Hand","War Paint","Sundial"],"potions_floor_usage":[55],"damage_taken":[{"damage":3.0,"enemies":"2 Louse","floor":1.0,"turns":2.0},{"damage":7.0,"enemies":"Jaw Worm","floor":2.0,"turns":4.0},{"damage":3.0,"enemies":"Cultist","floor":3.0,"turns":4.0},{"damage":7.0,"enemies":"2 Fungi Beasts","floor":5.0,"turns":3.0},{"damage":9.0,"enemies":"3 Sentries","floor":7.0,"turns":15.0},{"damage":8.0,"enemies":"Exordium Wildlife","floor":10.0,"turns":6.0},{"damage":16.0,"enemies":"Lagavulin","floor":12.0,"turns":9.0},{"damage":2.0,"enemies":"3 Louse","floor":13.0,"turns":4.0},{"damage":0.0,"enemies":"Gremlin Gang","floor":14.0,"turns":4.0},{"damage":5.0,"enemies":"The Guardian","floor":16.0,"turns":11.0},{"damage":0.0,"enemies":"Spheric Guardian","floor":18.0,"turns":4.0},{"damage":3.0,"enemies":"3 Byrds","floor":21.0,"turns":4.0},{"damage":20.0,"enemies":"Gremlin Leader","floor":23.0,"turns":6.0},{"damage":9.0,"enemies":"Cultist and Chosen","floor":25.0,"turns":7.0},{"damage":10.0,"enemies":"Book of Stabbing","floor":27.0,"turns":6.0},{"damage":1.0,"enemies":"Centurion and Healer","floor":28.0,"turns":6.0},{"damage":18.0,"enemies":"Gremlin Leader","floor":29.0,"turns":8.0},{"damage":0.0,"enemies":"Colosseum Slavers","floor":30.0,"turns":3.0},{"damage":0.0,"enemies":"Colosseum Nobs","floor":30.0,"turns":5.0},{"damage":1.0,"enemies":"Shelled Parasite and Fungi","floor":31.0,"turns":6.0},{"damage":39.0,"enemies":"Automaton","floor":33.0,"turns":13.0},{"damage":0.0,"enemies":"3 Shapes","floor":35.0,"turns":7.0},{"damage":4.0,"enemies":"Orb Walker","floor":38.0,"turns":5.0},{"damage":0.0,"enemies":"Nemesis","floor":40.0,"turns":10.0},{"damage":0.0,"enemies":"Giant Head","floor":42.0,"turns":10.0},{"damage":0.0,"enemies":"Nemesis","floor":44.0,"turns":7.0},{"damage":35.0,"enemies":"2 Orb Walkers","floor":46.0,"turns":7.0},{"damage":28.0,"enemies":"3 Darklings","floor":47.0,"turns":6.0},{"damage":20.0,"enemies":"Donu and Deca","floor":50.0,"turns":7.0},{"damage":57.0,"enemies":"Shield and Spear","floor":54.0,"turns":7.0},{"damage":65,"enemies":"The Heart","floor":55,"turns":5}],"seed_played":"-8212700313416749604","potions_obtained":[{"floor":5.0,"key":"SkillPotion"},{"floor":12.0,"key":"SpeedPotion"},{"floor":13.0,"key":"Fire Potion"},{"floor":14.0,"key":"Swift Potion"},{"floor":16.0,"key":"SmokeBomb"},{"floor":18.0,"key":"PowerPotion"},{"floor":21.0,"key":"Energy Potion"},{"floor":27.0,"key":"Explosive Potion"},{"floor":31.0,"key":"Swift Potion"},{"floor":37.0,"key":"FairyPotion"},{"floor":37.0,"key":"Fruit Juice"},{"floor":40.0,"key":"SkillPotion"},{"floor":42.0,"key":"Regen Potion"},{"floor":46.0,"key":"PowerPotion"}],"is_trial":false,"path_per_floor":["M","M","M","?","M","R","E","?","T","M","R","E","M","M","R","B",null,"M","?","$","M","$","E","R","M","T","E","M","E","?","M","R","B",null,"M","?","?","M","?","E","R","E","T","E","R","?","M","$","R","B",null,"R","$","E","B"],"character_chosen":"DEFECT","items_purchased":["Mercury Hourglass","Mummified Hand","War Paint","Fire Potion"],"campfire_rested":3,"item_purchase_floors":[20,48,48,53],"current_hp_per_floor":[61,54,51,51,44,44,35,14,14,6,27,11,9,9,30,25,60,60,60,60,57,57,37,58,49,49,39,38,20,20,19,19,5,55,55,55,60,56,56,56,56,56,56,71,71,36,8,8,8,13,60,60,60,3,0],"gold":30,"neow_bonus":"UPGRADE_CARD","is_prod":false,"is_daily":false,"chose_seed":false,"campfire_upgraded":3,"win_rate":0,"timestamp":1565768583,"path_taken":["M","M","M","?","M","R","E","?","T","M","R","E","M","?","R","BOSS","M","?","$","M","?","E","R","M","T","E","M","E","?","M","R","BOSS","M","?","?","?","?","E","R","E","T","E","R","?","M","$","R","BOSS","R","$","E","BOSS"],"build_version":"2019-07-17","purchased_purges":2,"victory":false,"max_hp_per_floor":[71,71,71,71,71,71,71,71,71,71,71,71,71,71,71,71,71,71,71,71,71,71,71,71,71,71,71,71,71,71,71,71,71,71,71,71,76,76,76,76,76,76,76,76,76,76,76,76,76,76,76,76,76,76,76],"card_choices":[{"not_picked":["Stack","Gash"],"picked":"Coolheaded","floor":1.0},{"not_picked":["Hello World","Rebound"],"picked":"Barrage","floor":2.0},{"not_picked":["Redo","Reprogram"],"picked":"Stack","floor":3.0},{"not_picked":["Compile Driver","Beam Cell"],"picked":"Chill","floor":5.0},{"not_picked":["Static Discharge","Rebound"],"picked":"Buffer","floor":7.0},{"not_picked":["Redo","Scrape"],"picked":"Leap","floor":10.0},{"not_picked":["Leap","Conserve Battery"],"picked":"Go for the Eyes","floor":12.0},{"not_picked":["Hologram","Beam Cell"],"picked":"Ball Lightning","floor":13.0},{"not_picked":["Sweeping Beam","Hologram"],"picked":"Static Discharge","floor":13.0},{"not_picked":["Streamline","Beam Cell"],"picked":"Cold Snap","floor":14.0},{"not_picked":["Conserve Battery","Double Energy"],"picked":"Steam","floor":14.0},{"not_picked":["Amplify","Meteor Strike"],"picked":"Seek","floor":16.0},{"not_picked":["Cold Snap","Force Field"],"picked":"Lockon+1","floor":18.0},{"not_picked":["Rebound","Cold Snap","Scrape"],"picked":"SKIP","floor":18.0},{"not_picked":["Heatsinks","Steam Power"],"picked":"Undo","floor":21.0},{"not_picked":["Rip and Tear","Gash"],"picked":"Cold Snap+1","floor":21.0},{"not_picked":["Streamline","Consume"],"picked":"Machine Learning","floor":23.0},{"not_picked":["Cold Snap+1","Storm"],"picked":"Blizzard","floor":25.0},{"not_picked":["Compile Driver","Skim"],"picked":"Coolheaded","floor":25.0},{"not_picked":["Barrage","Cold Snap"],"picked":"Reprogram+1","floor":27.0},{"not_picked":["Sweeping Beam","Steam Power"],"picked":"Defragment","floor":28.0},{"not_picked":["Sweeping Beam","Rebound"],"picked":"Steam","floor":28.0},{"not_picked":["Lockon","Rebound"],"picked":"Heatsinks","floor":29.0},{"not_picked":["Loop","Compile Driver"],"picked":"Aggregate","floor":30.0},{"not_picked":["Rebound","Static Discharge"],"picked":"Go for the Eyes+1","floor":31.0},{"not_picked":["Ball Lightning","Multi-Cast"],"picked":"Glacier","floor":31.0},{"not_picked":["Amplify","Buffer"],"picked":"Creative AI","floor":33.0},{"not_picked":["Gash+1","Rebound+1"],"picked":"Sunder","floor":35.0},{"not_picked":["Streamline","Compile Driver"],"picked":"Steam Power","floor":35.0},{"not_picked":["Chaos","Barrage"],"picked":"Redo+1","floor":38.0},{"not_picked":["Chill","Static Discharge"],"picked":"BootSequence","floor":38.0},{"not_picked":["Leap","Chaos"],"picked":"Meteor Strike","floor":40.0},{"not_picked":["Redo","Conserve Battery"],"picked":"Core Surge","floor":42.0},{"not_picked":["Go for the Eyes","Reprogram"],"picked":"Barrage","floor":44.0},{"not_picked":["Cold Snap","White Noise"],"picked":"Hologram+1","floor":46.0},{"not_picked":["Redo","Compile Driver"],"picked":"Coolheaded+1","floor":47.0},{"not_picked":["Undo","Cold Snap","Static Discharge"],"picked":"SKIP","floor":47.0},{"not_picked":["Streamline","Steam"],"picked":"Turbo+1","floor":54.0}],"player_experience":662882,"relics_obtained":[{"floor":7.0,"key":"Happy Flower"},{"floor":12.0,"key":"Prayer Wheel"},{"floor":23.0,"key":"Pen Nib"},{"floor":26.0,"key":"Whetstone"},{"floor":27.0,"key":"Pantograph"},{"floor":29.0,"key":"Art of War"},{"floor":30.0,"key":"Girya"},{"floor":30.0,"key":"Darkstone Periapt"},{"floor":40.0,"key":"Turnip"},{"floor":42.0,"key":"Du-Vu Doll"},{"floor":43.0,"key":"Dodecahedron"},{"floor":44.0,"key":"MawBank"},{"floor":46.0,"key":"Gambling Chip"},{"floor":54.0,"key":"Sundial"}],"event_choices":[{"damage_healed":0.0,"max_hp_gain":0.0,"max_hp_loss":0.0,"gold_gain":0.0,"event_name":"Golden Idol","player_choice":"Ignored","floor":4.0,"gold_loss":0.0,"damage_taken":0.0},{"damage_healed":0.0,"max_hp_gain":0.0,"max_hp_loss":0.0,"gold_gain":0.0,"event_name":"Shining Light","player_choice":"Entered Light","floor":8.0,"gold_loss":0.0,"damage_taken":21.0,"cards_upgraded":["Strike_B","Defend_B"]},{"damage_healed":0.0,"max_hp_gain":0.0,"max_hp_loss":0.0,"gold_gain":0.0,"event_name":"Upgrade Shrine","player_choice":"Upgraded","floor":19.0,"gold_loss":0.0,"damage_taken":0.0,"cards_upgraded":["Buffer"]},{"damage_healed":0.0,"max_hp_gain":0.0,"max_hp_loss":0.0,"gold_gain":0.0,"event_name":"Colosseum","player_choice":"Fight","floor":30.0,"gold_loss":0.0,"damage_taken":0.0},{"damage_healed":0.0,"max_hp_gain":0.0,"max_hp_loss":0.0,"gold_gain":0.0,"event_name":"Colosseum","player_choice":"Fought Nobs","floor":30.0,"gold_loss":0.0,"damage_taken":0.0},{"damage_healed":0.0,"max_hp_gain":0.0,"max_hp_loss":0.0,"gold_gain":0.0,"event_name":"Tomb of Lord Red Mask","player_choice":"Ignored","floor":36.0,"gold_loss":0.0,"damage_taken":0.0},{"damage_healed":0.0,"max_hp_gain":0.0,"max_hp_loss":0.0,"gold_gain":0.0,"event_name":"Lab","player_choice":"Got Potions","floor":37.0,"gold_loss":0.0,"damage_taken":0.0},{"cards_removed":["Stack"],"damage_healed":0.0,"max_hp_gain":0.0,"max_hp_loss":0.0,"gold_gain":0.0,"event_name":"Falling","player_choice":"Removed Skill","floor":39.0,"gold_loss":0.0,"damage_taken":0.0},{"damage_healed":0.0,"max_hp_gain":0.0,"max_hp_loss":0.0,"gold_gain":0.0,"event_name":"Mysterious Sphere","player_choice":"Fight","floor":46.0,"gold_loss":0.0,"damage_taken":0.0}],"is_beta":false,"boss_relics":[{"not_picked":["Nuclear Battery","Lizard Tail"],"picked":"Astrolabe"},{"not_picked":["Pandora\u0027s Box","FrozenCore"],"picked":"Inserter"}],"items_purged_floors":[20,48],"is_endless":false,"potions_floor_spawned":[5,12,13,14,16,18,21,27,30,31,40,42,46],"killed_by":"The Heart","ascension_level":16}