{"path_per_floor":["M","M","M","M","?","R","E","R","T","?","M","M","R","M","R","B",null,"M","$","M","M","$","R","E","M","T","R","M","E","R","M","R","B",null,"M","$","M","M","?","R","E","R","T","M","$","?","M","?","R"],"character_chosen":"IRONCLAD","items_purchased":["Apotheosis","Vajra","Reaper","Paper Frog"],"gold_per_floor":[118,131,141,158,158,158,183,183,239,294,314,326,326,337,337,439,439,424,69,79,96,26,26,61,80,158,158,178,209,209,224,224,322,322,334,259,277,287,287,287,319,319,319,338,83,83,99,99,99],"floor_reached":50,"campfire_rested":6,"playtime":2830,"current_hp_per_floor":[74,79,78,77,77,77,23,49,49,49,57,56,56,33,59,23,88,87,87,94,98,98,98,53,43,43,72,75,43,72,81,98,26,98,75,75,90,90,78,78,18,48,48,96,96,96,91,112,112],"items_purged":["Strike_R"],"gold":99,"score":516,"play_id":"ff6b11b3-c264-4e91-a5bc-93f1f9577531","is_prod":false,"is_daily":false,"is_ascension_mode":false,"campfire_upgraded":5,"path_taken":["M","M","M","M","?","R","E","R","T","?","M","M","R","M","R","BOSS","M","$","M","M","$","R","E","M","T","R","M","E","R","M","R","BOSS","M","$","M","M","?","R","E","R","T","M","?","?","?","?","R","BOSS"],"build_version":"2018-02-22-PROD1","purchased_purges":1,"victory":false,"master_deck":["Strike_R","Strike_R","Strike_R","Defend_R","Defend_R","Defend_R","Defend_R","Bash+1","Infernal Blade+1","Flex","Reaper","Feel No Pain","Double Tap","Clothesline","Flame Barrier","Shrug It Off+1","Apotheosis+1","Clothesline+1","Thunderclap+1","Reaper","Flame Barrier","Metallicize+1","Reaper","Clothesline","Carnage+1","Offering+1","Seeing Red","Pommel Strike+1","Madness","Madness","Twin Strike","Cleave","Dropkick+1"],"max_hp_per_floor":[88,88,88,88,88,88,88,88,88,88,88,88,88,88,88,88,88,91,91,95,98,98,98,98,98,98,98,98,98,98,98,98,98,98,98,98,98,98,98,98,102,102,102,102,102,102,102,112,112],"relics":["Burning Blood","Charon\u0027s Ashes","Tiny Chest","Philosopher\u0027s Stone","Vajra","Omamori","Self Forming Clay","Magic Flower","Cursed Key","Frozen Egg 2","Sundial","Paper Frog"],"card_choices":[{"not_picked":["Seeing Red","Clothesline"],"picked":"Infernal Blade"},{"not_picked":["Anger","Iron Wave"],"picked":"Flex"},{"not_picked":["Flame Barrier","Dropkick"],"picked":"Reaper"},{"not_picked":["Perfected Strike","Dual Wield"],"picked":"Feel No Pain"},{"not_picked":["Havoc","Headbutt"],"picked":"Double Tap"},{"not_picked":["Searing Blow","Body Slam"],"picked":"Clothesline"},{"not_picked":["Armaments","Anger"],"picked":"Flame Barrier"},{"not_picked":["Reaper","Dark Embrace"],"picked":"Feed"},{"not_picked":["Anger","Blood for Blood"],"picked":"Shrug It Off"},{"not_picked":["Thunderclap","Havoc"],"picked":"Clothesline"},{"not_picked":["Heavy Blade","Combust"],"picked":"Thunderclap"},{"not_picked":["Hemokinesis","Havoc"],"picked":"Flame Barrier"},{"not_picked":["Clothesline","Corruption"],"picked":"Metallicize"},{"not_picked":["True Grit","Hemokinesis"],"picked":"Reaper"},{"not_picked":["Combust","Armaments"],"picked":"Clothesline"},{"not_picked":["Rupture","Perfected Strike"],"picked":"Carnage"},{"not_picked":["Double Tap","Immolate"],"picked":"Offering"},{"not_picked":["Wild Strike","Power Through"],"picked":"Seeing Red"},{"not_picked":["True Grit","Iron Wave"],"picked":"Pommel Strike"},{"not_picked":["Immolate","Anger"],"picked":"Twin Strike"},{"not_picked":["Shrug It Off","Perfected Strike"],"picked":"Cleave"},{"not_picked":["Headbutt","Pommel Strike"],"picked":"Dropkick"}],"player_experience":111015,"potions_floor_usage":[33,41,50,50,50],"damage_taken":[{"damage":20,"enemies":"Jaw Worm","floor":1,"turns":5},{"damage":1,"enemies":"2 Louse","floor":2,"turns":4},{"damage":7,"enemies":"Small Slimes","floor":3,"turns":3},{"damage":7,"enemies":"3 Louse","floor":4,"turns":5},{"damage":64,"enemies":"Lagavulin","floor":7,"turns":7},{"damage":6,"enemies":"2 Fungi Beasts","floor":11,"turns":3},{"damage":7,"enemies":"Looter","floor":12,"turns":2},{"damage":37,"enemies":"Exordium Thugs","floor":14,"turns":4},{"damage":42,"enemies":"The Guardian","floor":16,"turns":14},{"damage":14,"enemies":"2 Thieves","floor":18,"turns":4},{"damage":3,"enemies":"Shell Parasite","floor":20,"turns":6},{"damage":0,"enemies":"Snecko","floor":21,"turns":3},{"damage":51,"enemies":"Gremlin Leader","floor":24,"turns":9},{"damage":28,"enemies":"Sentry and Sphere","floor":25,"turns":5},{"damage":23,"enemies":"Centurion and Healer","floor":28,"turns":6},{"damage":52,"enemies":"Book of Stabbing","floor":29,"turns":7},{"damage":26,"enemies":"Snecko","floor":31,"turns":4},{"damage":118,"enemies":"Automaton","floor":33,"turns":15},{"damage":35,"enemies":"3 Darklings","floor":35,"turns":4},{"damage":28,"enemies":"3 Shapes","floor":37,"turns":4},{"damage":9,"enemies":"Maw","floor":38,"turns":7},{"damage":89,"enemies":"Nemesis","floor":41,"turns":9},{"damage":39,"enemies":"4 Shapes","floor":44,"turns":3},{"damage":26,"enemies":"3 Darklings","floor":47,"turns":3},{"damage":140,"enemies":"Awakened One","floor":50,"turns":12}],"event_choices":[{"event_name":"Liars Game","player_choice":"disagreed","floor":5,"damage_taken":0},{"event_name":"Golden Wing","player_choice":"Gained Gold","floor":10,"damage_taken":0},{"event_name":"Winding Halls","player_choice":"Embrace Madness","floor":39,"damage_taken":0},{"event_name":"Bonfire Elementals","player_choice":"RARE","floor":48,"damage_taken":0}],"boss_relics":[{"not_picked":["Snecko Eye","Black Star"],"picked":"Philosopher\u0027s Stone"},{"not_picked":["Lizard Tail","Question Card"],"picked":"Cursed Key"}],"potions_floor_spawned":[1,3,7,18,20,21,25,33,37,38,47],"seed_played":"-7860097808406328923","killed_by":"Awakened One","ascension_level":0,"is_trial":false}