{"gold_per_floor":[119,119,132,147,147,147,162,182,208,208,234,234,248,262,262,262],"floor_reached":16,"playtime":471,"items_purged":[],"score":104,"play_id":"12e68063-fcb5-4b76-803a-70a2591fdd52","local_time":"20190913235009","is_ascension_mode":false,"campfire_choices":[{"data":"Immolate","floor":6,"key":"SMITH"},{"floor":10,"key":"REST"},{"data":"Seeing Red","floor":15,"key":"SMITH"}],"neow_cost":"NONE","seed_source_timestamp":2403290077756000,"circlet_count":0,"master_deck":["Strike_R","Strike_R","Strike_R","Strike_R","Defend_R","Defend_R","Defend_R","Defend_R","Bash","Immolate+1","Body Slam","Carnage","Seeing Red+1","Offering"],"relics":["Runic Cube"],"potions_floor_usage":[11,14,16],"damage_taken":[{"damage":6,"enemies":"Cultist","floor":1,"turns":3},{"damage":7,"enemies":"Jaw Worm","floor":3,"turns":5},{"damage":6,"enemies":"2 Louse","floor":4,"turns":4},{"damage":11,"enemies":"Exordium Wildlife","floor":7,"turns":2},{"damage":20,"enemies":"Exordium Thugs","floor":8,"turns":3},{"damage":4,"enemies":"3 Sentries","floor":11,"turns":4},{"damage":11,"enemies":"3 Louse","floor":13,"turns":3},{"damage":11,"enemies":"Lots of Slimes","floor":14,"turns":2},{"damage":54,"enemies":"The Guardian","floor":16,"turns":9}],"seed_played":"-3426429136582006169","potions_obtained":[{"floor":8,"key":"Fire Potion"},{"floor":11,"key":"LiquidBronze"},{"floor":14,"key":"SteroidPotion"}],"is_trial":false,"path_per_floor":["M","?","M","M","?","R","M","M","T","R","E","?","M","M","R","B"],"character_chosen":"IRONCLAD","items_purchased":[],"campfire_rested":1,"item_purchase_floors":[],"current_hp_per_floor":[74,74,67,61,61,61,50,30,30,54,50,76,65,54,54,0],"gold":262,"neow_bonus":"BOSS_RELIC","is_prod":false,"is_daily":false,"chose_seed":false,"campfire_upgraded":2,"win_rate":0,"timestamp":1568433009,"path_taken":["M","?","M","M","?","R","M","M","T","R","E","?","M","M","R","BOSS"],"build_version":"2019-07-17","purchased_purges":0,"victory":false,"max_hp_per_floor":[80,80,80,80,80,80,80,80,80,80,80,80,80,80,80,80],"card_choices":[{"not_picked":["Twin Strike","Perfected Strike","Warcry"],"picked":"SKIP","floor":1},{"not_picked":["Thunderclap","Armaments","Heavy Blade"],"picked":"SKIP","floor":3},{"not_picked":["Fire Breathing","Flex"],"picked":"Immolate","floor":4},{"not_picked":["Armaments","Hemokinesis"],"picked":"Body Slam","floor":7},{"not_picked":["Feel No Pain","Warcry"],"picked":"Carnage","floor":8},{"not_picked":["Infernal Blade","Ghostly Armor"],"picked":"Seeing Red","floor":11},{"not_picked":["Sword Boomerang","Flex","Burning Pact"],"picked":"SKIP","floor":13},{"not_picked":["Perfected Strike","Twin Strike"],"picked":"Offering","floor":14}],"player_experience":422361,"relics_obtained":[],"event_choices":[{"cards_removed":["Strike_R"],"damage_healed":0,"gold_gain":0,"player_choice":"Forget","damage_taken":0,"max_hp_gain":0,"max_hp_loss":0,"event_name":"Living Wall","floor":2,"gold_loss":0},{"damage_healed":0,"gold_gain":0,"player_choice":"Ignored","damage_taken":0,"max_hp_gain":0,"max_hp_loss":0,"event_name":"Golden Idol","floor":5,"gold_loss":0},{"damage_healed":26,"gold_gain":0,"player_choice":"Banana","damage_taken":0,"max_hp_gain":0,"max_hp_loss":0,"event_name":"Big Fish","floor":12,"gold_loss":0}],"is_beta":false,"boss_relics":[],"items_purged_floors":[],"is_endless":false,"potions_floor_spawned":[8,11,14],"killed_by":"The Guardian","ascension_level":0}