{"path_per_floor":["M","M","M","$","?","E","R","E","T","E","R","?","?","E","R","B",null,"M","M","$","?","?","R","E","R","T","R","E","R","M","T","R","B",null,"M","M","$","M","$","E","R","M","T","E","R","?","$","M","R","B"],"character_chosen":"DEFECT","items_purchased":["Go for the Eyes","Cables","Thinking Ahead","Capacitor","Double Energy","Hologram","Strength Potion","Dexterity Potion","Turbo","Beam Cell"],"gold_per_floor":[117,134,154,25,25,51,51,85,111,145,145,245,320,352,352,454,454,474,488,38,63,63,63,88,88,88,88,153,153,165,165,165,267,267,283,295,24,41,41,67,67,78,78,112,112,112,17,27,27,27],"floor_reached":51,"campfire_rested":0,"playtime":7438,"current_hp_per_floor":[68,68,75,75,75,75,75,64,64,61,61,61,50,46,46,32,64,73,54,54,55,55,55,49,49,49,49,50,50,66,66,66,27,63,75,75,75,75,75,75,75,75,75,75,75,66,66,75,75,75],"items_purged":["Defend_B"],"gold":27,"score":1214,"play_id":"1993f90d-797e-4a84-b4fb-c31a8ae5dc81","local_time":"20180506214512","is_prod":false,"is_daily":false,"chose_seed":false,"is_ascension_mode":true,"campfire_upgraded":11,"timestamp":1525668312,"path_taken":["M","M","M","$","?","E","R","E","T","E","R","?","?","E","R","BOSS","M","M","$","?","?","R","E","R","T","R","E","R","M","?","R","BOSS","M","M","$","M","?","E","R","M","T","E","R","?","?","?","R","BOSS"],"build_version":"2018-05-03","seed_source_timestamp":119029860968867,"purchased_purges":1,"victory":true,"master_deck":["Strike_B","Defend_B","Defend_B","Defend_B+1","Zap+1","Dualcast+1","AscendersBane","Cold Snap+1","Nova+1","Auto Shields+1","White Noise+1","Self Repair+1","Consume+1","Go for the Eyes+1","Go for the Eyes+1","Ball Lightning+1","Reprogram+1","All For One+1","Rainbow+1","Leap+1","Self Repair+1","Thinking Ahead+1","Hologram+1","Skim+1","Coolheaded+1","Seek+1","Stack+1","Capacitor+1","Double Energy+1","Hologram+1","Double Energy+1","Seek+1","Conserve Battery+1","Double Energy+1","Madness+1","Madness+1","Turbo+1","Beam Cell+1","Coolheaded+1"],"max_hp_per_floor":[75,75,75,75,75,75,75,75,75,75,75,75,75,75,75,75,75,75,75,75,75,75,75,75,75,75,75,75,75,75,75,75,75,75,75,75,75,75,75,75,75,75,75,75,75,75,75,75,75,75],"relics":["Astrolabe","Bronze Scales","Blood Vial","War Paint","Toxic Egg 2","Sundial","Cursed Key","Cables","Red Mask","DataDisk","Tiny Chest","Nuclear Battery","Bag of Preparation","Prayer Wheel"],"card_choices":[{"not_picked":["Skim","Stack"],"picked":"White Noise","floor":1.0},{"not_picked":["Reprogram","Skim"],"picked":"Self Repair","floor":2.0},{"not_picked":["Hologram","Beam Cell"],"picked":"Consume","floor":3.0},{"not_picked":["Rebound","Rip and Tear"],"picked":"Go for the Eyes","floor":6.0},{"not_picked":["Leap","Streamline"],"picked":"Ball Lightning","floor":8.0},{"not_picked":["Streamline","Storm"],"picked":"Reprogram","floor":10.0},{"not_picked":["Leap","Ball Lightning"],"picked":"All For One","floor":14.0},{"not_picked":["Hyperbeam","Meteor Strike"],"picked":"Rainbow","floor":16.0},{"not_picked":["Storm","Axe Kick"],"picked":"Leap","floor":18.0},{"not_picked":["Leap","FTL"],"picked":"Self Repair","floor":19.0},{"not_picked":["Coolheaded","Chaos"],"picked":"Hologram","floor":21.0},{"not_picked":["Conserve Battery","Streamline"],"picked":"Skim","floor":24},{"not_picked":["Streamline","Ball Lightning"],"picked":"Coolheaded","floor":28},{"not_picked":["Nova","Biased Cognition"],"picked":"Seek","floor":33},{"not_picked":["Sweeping Beam","Genetic Algorithm"],"picked":"Stack","floor":36},{"not_picked":["Ball Lightning","Go for the Eyes"],"picked":"Double Energy","floor":38},{"not_picked":["Aggregate","Hello World"],"picked":"Seek","floor":40},{"not_picked":["Go for the Eyes","Streamline"],"picked":"Conserve Battery","floor":42},{"not_picked":["Impulse","Hologram"],"picked":"Double Energy","floor":44},{"not_picked":["Impulse","Go for the Eyes"],"picked":"Coolheaded","floor":48}],"player_experience":566152,"potions_floor_usage":[28,28,28,50,50],"damage_taken":[{"damage":0.0,"enemies":"Small Slimes","floor":1.0,"turns":7.0},{"damage":0.0,"enemies":"Jaw Worm","floor":2.0,"turns":6.0},{"damage":0.0,"enemies":"Cultist","floor":3.0,"turns":5.0},{"damage":1.0,"enemies":"Lagavulin","floor":6.0,"turns":8.0},{"damage":18.0,"enemies":"3 Sentries","floor":8.0,"turns":5.0},{"damage":5.0,"enemies":"Lagavulin","floor":10.0,"turns":5.0},{"damage":20.0,"enemies":"Gremlin Nob","floor":14.0,"turns":5.0},{"damage":23.0,"enemies":"Hexaghost","floor":16.0,"turns":8.0},{"damage":0.0,"enemies":"3 Byrds","floor":18.0,"turns":3.0},{"damage":21.0,"enemies":"Chosen","floor":19.0,"turns":5.0},{"damage":31.0,"enemies":"Masked Bandits","floor":21.0,"turns":4.0},{"damage":22,"enemies":"Book of Stabbing","floor":24,"turns":6},{"damage":18,"enemies":"Slavers","floor":28,"turns":5},{"damage":6,"enemies":"Slaver and Parasite","floor":30,"turns":3},{"damage":61,"enemies":"Collector","floor":33,"turns":9},{"damage":0,"enemies":"Orb Walker","floor":35,"turns":3},{"damage":6,"enemies":"3 Darklings","floor":36,"turns":4},{"damage":10,"enemies":"Sphere and 2 Shapes","floor":38,"turns":4},{"damage":5,"enemies":"Giant Head","floor":40,"turns":6},{"damage":0,"enemies":"Flame Bruiser 2 Orb","floor":42,"turns":2},{"damage":0,"enemies":"Nemesis","floor":44,"turns":4},{"damage":0,"enemies":"3 Darklings","floor":48,"turns":3},{"damage":8,"enemies":"Awakened One","floor":50,"turns":13}],"event_choices":[{"event_name":"Liars Game","player_choice":"disagreed","floor":5.0,"damage_taken":0.0},{"event_name":"Golden Shrine","player_choice":"Pray","floor":12.0,"damage_taken":0.0},{"event_name":"World of Goop","player_choice":"Gather Gold","floor":13.0,"damage_taken":0.0},{"event_name":"Masked Bandits","player_choice":"Fought over 38 gold","floor":21.0,"damage_taken":0.0},{"event_name":"The Lab","player_choice":"Got Potions","floor":22.0,"damage_taken":0.0},{"event_name":"Winding Halls","player_choice":"Embrace Madness","floor":46,"damage_taken":0}],"boss_relics":[{"not_picked":["Lizard Tail","Snecko Eye"],"picked":"Nuclear Battery"}],"potions_floor_spawned":[2,3,8,10,19,24,33,38,42,48],"seed_played":"3222372627865640932","ascension_level":11,"is_trial":false}