{"gold_per_floor":[115,115,115,115,44,44,67,67,67,83,98,123,123,9,9,129,129,148,169,169,43,43,43,43],"floor_reached":24,"playtime":646,"items_purged":["Defend_B"],"score":258,"play_id":"6cfd454c-8e5e-4c40-89fe-5eeb146babfd","local_time":"20181231023331","is_ascension_mode":true,"campfire_choices":[{"data":"Dualcast","floor":6,"key":"SMITH"},{"data":"Capacitor","floor":8,"key":"SMITH"},{"data":"Zap","floor":15,"key":"SMITH"},{"floor":23,"key":"REST"}],"neow_cost":"NONE","seed_source_timestamp":895470804526236,"circlet_count":0,"master_deck":["Strike_B","Strike_B","Defend_B","Defend_B","Defend_B","Zap+1","Dualcast+1","Machine Learning","Capacitor+1","Coolheaded","Cold Snap","Ball Lightning","Darkness","Core Surge","Coolheaded","Darkness","Decay","Self Repair"],"relics":["Cracked Core","Golden Idol","Pantograph","Inserter"],"potions_floor_usage":[12,12,16,16],"damage_taken":[{"damage":4,"enemies":"Jaw Worm","floor":1,"turns":3},{"damage":5,"enemies":"Small Slimes","floor":7,"turns":4},{"damage":1,"enemies":"Cultist","floor":10,"turns":5},{"damage":1,"enemies":"Blue Slaver","floor":11,"turns":6},{"damage":19,"enemies":"Lots of Slimes","floor":12,"turns":4},{"damage":23,"enemies":"Hexaghost","floor":16,"turns":6},{"damage":35,"enemies":"2 Thieves","floor":18,"turns":5},{"damage":27,"enemies":"Spheric Guardian","floor":19,"turns":6},{"damage":25,"enemies":"Shelled Parasite and Fungi","floor":24,"turns":2}],"seed_played":"2738031956605970784","potions_obtained":[{"floor":1,"key":"EssenceOfSteel"},{"floor":10,"key":"Regen Potion"},{"floor":12,"key":"LiquidBronze"},{"floor":18,"key":"SteroidPotion"}],"is_trial":false,"path_per_floor":["M","?","?","?","$","R","M","R","T","M","M","M","?","$","R","B",null,"M","M","?","$","?","R","M"],"character_chosen":"DEFECT","items_purchased":["FocusPotion","Darkness","Self Repair","Swift Potion"],"campfire_rested":1,"item_purchase_floors":[5,14,21,21],"current_hp_per_floor":[64,57,57,57,57,57,52,52,52,51,50,43,43,43,43,45,63,28,1,1,1,1,21,0],"gold":43,"neow_bonus":"ONE_RANDOM_RARE_CARD","is_prod":false,"is_daily":false,"chose_seed":false,"campfire_upgraded":3,"win_rate":0,"timestamp":1546220011,"path_taken":["M","?","?","?","$","R","M","R","T","M","?","M","?","$","R","BOSS","M","?","?","?","?","R","?"],"build_version":"2018-12-20","purchased_purges":1,"victory":false,"max_hp_per_floor":[75,75,69,69,69,69,69,69,69,69,69,69,69,69,69,69,69,69,69,69,69,69,69,69],"card_choices":[{"not_picked":["Barrage","Chill"],"picked":"Capacitor","floor":1},{"not_picked":["Hello World","Conserve Battery"],"picked":"Coolheaded","floor":7},{"not_picked":["Turbo","Lockon"],"picked":"Cold Snap","floor":10},{"not_picked":["Barrage","Conserve Battery"],"picked":"Ball Lightning","floor":11},{"not_picked":["Melter","Rebound","Leap"],"picked":"SKIP","floor":12},{"not_picked":["Buffer","Seek"],"picked":"Core Surge","floor":16},{"not_picked":["Conserve Battery","Ball Lightning"],"picked":"Coolheaded","floor":18},{"not_picked":["Aggregate","Hologram"],"picked":"Darkness","floor":19}],"player_experience":359327,"relics_obtained":[{"floor":9,"key":"Pantograph"}],"event_choices":[{"cards_removed":["Strike_B"],"damage_healed":0,"gold_gain":0,"player_choice":"Card Removal","damage_taken":7,"max_hp_gain":0,"max_hp_loss":0,"event_name":"Golden Wing","floor":2,"gold_loss":0},{"damage_healed":0,"gold_gain":0,"player_choice":"Lose Max HP","damage_taken":0,"relics_obtained":["Golden Idol"],"max_hp_gain":0,"max_hp_loss":6,"event_name":"Golden Idol","floor":3,"gold_loss":0},{"cards_removed":["Strike_B"],"damage_healed":0,"gold_gain":0,"player_choice":"Purged","damage_taken":0,"max_hp_gain":0,"max_hp_loss":0,"event_name":"Purifier","floor":4,"gold_loss":0},{"damage_healed":0,"gold_gain":0,"player_choice":"Bought 0 Potions","damage_taken":0,"max_hp_gain":0,"max_hp_loss":0,"event_name":"The Woman in Blue","floor":13,"gold_loss":0},{"damage_healed":0,"gold_gain":0,"player_choice":"Cursed","damage_taken":0,"max_hp_gain":0,"max_hp_loss":0,"event_name":"Wheel of Change","floor":20,"gold_loss":0,"cards_obtained":["Decay"]},{"damage_healed":0,"gold_gain":0,"player_choice":"Leave","damage_taken":0,"max_hp_gain":0,"max_hp_loss":0,"event_name":"FaceTrader","floor":22,"gold_loss":0}],"is_beta":false,"boss_relics":[{"not_picked":["White Beast Statue","Snecko Eye"],"picked":"Inserter"}],"items_purged_floors":[14],"is_endless":false,"potions_floor_spawned":[1,10,12,18],"killed_by":"Shelled Parasite and Fungi","ascension_level":8}