{"path_per_floor":["M","M","$","?","M","R","E","?","T","E","M","M","R","$","R","B",null,"M","?","?","?","$","R","E","M","T","E","$","R","M","M","R","B",null,"M","?","?","M","$","R","M","E","T","R"],"character_chosen":"DEFECT","items_purchased":["Ball Lightning","Cold Snap","Self Repair","Amplify"],"gold_per_floor":[119,129,8,8,22,22,47,47,47,75,86,96,96,96,96,171,171,185,185,185,185,59,59,94,108,108,137,1,1,20,39,39,113,113,123,123,172,185,185,185,204,234,311,311,311],"floor_reached":45,"campfire_rested":3,"playtime":4793,"current_hp_per_floor":[63,52,52,52,49,49,31,31,31,19,19,19,19,19,40,16,57,57,44,69,69,69,69,31,29,29,13,13,35,47,41,63,31,65,72,72,61,54,54,54,49,49,49,49,0],"items_purged":["Strike_B","Strike_B"],"gold":311,"score":856,"play_id":"43eadf8c-f3bb-4c53-974f-78293fda397a","local_time":"20180508110807","is_prod":false,"is_daily":false,"chose_seed":false,"is_ascension_mode":true,"campfire_upgraded":5,"timestamp":1525802887,"path_taken":["M","?","?","?","M","R","E","?","T","E","M","M","R","$","R","BOSS","M","?","?","?","$","R","E","M","T","E","?","R","M","M","R","BOSS","M","?","?","M","$","R","?","E","T","R","E"],"build_version":"2018-05-07","seed_source_timestamp":0,"purchased_purges":3,"victory":false,"master_deck":["Strike_B","Strike_B","Defend_B","Defend_B","Defend_B","Defend_B","Zap+1","Dualcast+1","AscendersBane","Defragment+1","BootSequence","Ball Lightning","Undo","Rainbow+1","Zap+1","Leap","Stack","Leap","Seek","Go for the Eyes+1","Cold Snap+1","Cold Snap+1","Beam Cell+1","Clumsy","Glacier+1","Self Repair","Amplify","Consume+1","Skim","Redo","Impulse+1","Go for the Eyes+1","Hologram+1","Chaos","Turbo","Regret"],"max_hp_per_floor":[71,71,71,71,71,71,71,71,71,71,71,71,71,71,71,71,71,71,76,76,76,76,76,76,76,76,76,76,76,76,76,76,76,76,76,76,76,76,76,76,76,76,76,76,76],"relics":["Inserter","Gremlin Horn","Molten Egg 2","Lantern","Cursed Key","Du-Vu Doll","Mercury Hourglass","Pen Nib","Nuclear Battery","Turnip","Centennial Puzzle","Letter Opener"],"card_choices":[{"not_picked":["Go for the Eyes","Sweeping Beam"],"picked":"Defragment","floor":1.0},{"not_picked":["Barrage","Impulse"],"picked":"BootSequence","floor":2.0},{"not_picked":["Stack","Skim"],"picked":"Undo","floor":5.0},{"not_picked":["Capacitor","White Noise"],"picked":"Rainbow","floor":7.0},{"not_picked":["Scrape","White Noise"],"picked":"Leap","floor":10.0},{"not_picked":["Hello World","Loop"],"picked":"Stack","floor":11.0},{"not_picked":["Beam Cell","Rebound"],"picked":"Leap","floor":12.0},{"not_picked":["Fission","Creative AI"],"picked":"Seek","floor":16.0},{"not_picked":["Rip and Tear","Static Discharge"],"picked":"Go for the Eyes","floor":18.0},{"not_picked":["Streamline","Hello World"],"picked":"Cold Snap","floor":24.0},{"not_picked":["Rebound","Sweeping Beam"],"picked":"Beam Cell","floor":25.0},{"not_picked":["Reprogram","Hologram"],"picked":"Glacier","floor":27.0},{"not_picked":["Leap","Beam Cell"],"picked":"Consume","floor":30.0},{"not_picked":["Streamline","Barrage"],"picked":"Skim","floor":31.0},{"not_picked":["Thunder Strike","Nova"],"picked":"Redo","floor":33.0},{"not_picked":["Chill","Darkness"],"picked":"Impulse","floor":35.0},{"not_picked":["Ball Lightning","Rebound"],"picked":"Go for the Eyes","floor":37.0},{"not_picked":["Glacier","Barrage"],"picked":"Hologram","floor":38.0},{"not_picked":["Multi-Cast","Rebound"],"picked":"Chaos","floor":41.0},{"not_picked":["Consume","Genetic Algorithm"],"picked":"Turbo","floor":42.0}],"player_experience":589009,"potions_floor_usage":[],"damage_taken":[{"damage":1.0,"enemies":"Cultist","floor":1.0,"turns":4.0},{"damage":11.0,"enemies":"Small Slimes","floor":2.0,"turns":4.0},{"damage":3.0,"enemies":"2 Louse","floor":5.0,"turns":4.0},{"damage":27.0,"enemies":"3 Sentries","floor":7.0,"turns":9.0},{"damage":12.0,"enemies":"Lagavulin","floor":10.0,"turns":7.0},{"damage":0.0,"enemies":"Looter","floor":11.0,"turns":3.0},{"damage":0.0,"enemies":"Large Slime","floor":12.0,"turns":6.0},{"damage":24.0,"enemies":"Hexaghost","floor":16.0,"turns":10.0},{"damage":0.0,"enemies":"Spheric Guardian","floor":18.0,"turns":3.0},{"damage":70.0,"enemies":"Gremlin Leader","floor":24.0,"turns":7.0},{"damage":5.0,"enemies":"Shell Parasite","floor":25.0,"turns":6.0},{"damage":16.0,"enemies":"Slavers","floor":27.0,"turns":6.0},{"damage":2.0,"enemies":"Chosen and Byrds","floor":30.0,"turns":5.0},{"damage":20.0,"enemies":"Slaver and Parasite","floor":31.0,"turns":6.0},{"damage":39.0,"enemies":"Champ","floor":33.0,"turns":11.0},{"damage":0.0,"enemies":"Orb Walker","floor":35.0,"turns":5.0},{"damage":32.0,"enemies":"Mysterious Sphere","floor":37.0,"turns":5.0},{"damage":14.0,"enemies":"3 Darklings","floor":38.0,"turns":5.0},{"damage":12.0,"enemies":"Maw","floor":41.0,"turns":6.0},{"damage":35.0,"enemies":"Nemesis","floor":42.0,"turns":9.0},{"damage":49,"enemies":"Giant Head","floor":45,"turns":7}],"event_choices":[{"event_name":"Living Wall","player_choice":"Grow","floor":4.0,"damage_taken":0.0},{"event_name":"Match and Keep!","player_choice":"1 cards matched","floor":8.0,"damage_taken":0.0},{"event_name":"Forgotten Altar","player_choice":"Shed Blood","floor":19.0,"damage_taken":0.0},{"event_name":"The Library","player_choice":"Heal","floor":20.0,"damage_taken":0.0},{"event_name":"The Mausoleum","player_choice":"No","floor":21.0,"damage_taken":0.0},{"event_name":"Tomb of Lord Red Mask","player_choice":"Ignored","floor":36.0,"damage_taken":0.0},{"event_name":"Mysterious Sphere","player_choice":"Fight","floor":37.0,"damage_taken":0.0}],"boss_relics":[],"potions_floor_spawned":[1,5,7,11,18,31,33,37],"seed_played":"-8286624735002912871","killed_by":"Giant Head","ascension_level":14,"is_trial":false}