{"gold_per_floor":[109,284,297,151,151,151,180,180,180,198,218,231,231,247,247,352,352,365,280,379,396,216,250,269,269,269,285,285,285,302,318,318,414,414,428,441,461,461],"floor_reached":38,"playtime":1325,"items_purged":["Doubt","Strike_B"],"score":495,"play_id":"858fce6b-1721-4453-b6fc-8637e01f27ea","local_time":"20180815115847","is_ascension_mode":true,"campfire_choices":[{"data":"Zap","floor":6,"key":"SMITH"},{"data":"Defragment","floor":8,"key":"SMITH"},{"data":"Dualcast","floor":15,"key":"SMITH"},{"data":"Defragment","floor":25,"key":"SMITH"},{"data":"Redo","floor":28,"key":"SMITH"},{"floor":32,"key":"REST"}],"neow_cost":"NONE","seed_source_timestamp":850855609867055,"circlet_count":0,"master_deck":["Defend_B","Defend_B","Defend_B","Defend_B","Zap+1","Dualcast+1","Go for the Eyes","Glacier","Defragment+1","Blizzard+1","Go for the Eyes","Ball Lightning","Fission","Gash+1","Loop+1","Thunder Strike+1","Redo+1","Coolheaded","Defragment+1","Glacier+1","Gash","Loop","Echo Form"],"relics":["Cracked Core","NeowsBlessing","Vajra","Mercury Hourglass","Pear","Astrolabe","Bronze Scales","Lantern","Darkstone Periapt","Sozu"],"potions_floor_usage":[11,23,27,27,37],"damage_taken":[{"damage":0,"enemies":"2 Louse","floor":1,"turns":1},{"damage":0,"enemies":"Small Slimes","floor":3,"turns":1},{"damage":0,"enemies":"3 Sentries","floor":7,"turns":1},{"damage":0,"enemies":"Jaw Worm","floor":10,"turns":3},{"damage":0,"enemies":"2 Fungi Beasts","floor":11,"turns":2},{"damage":0,"enemies":"Exordium Thugs","floor":12,"turns":4},{"damage":0,"enemies":"Red Slaver","floor":14,"turns":2},{"damage":16,"enemies":"Hexaghost","floor":16,"turns":10},{"damage":16,"enemies":"2 Thieves","floor":18,"turns":3},{"damage":6,"enemies":"Shell Parasite","floor":21,"turns":5},{"damage":0,"enemies":"Gremlin Leader","floor":23,"turns":8},{"damage":19,"enemies":"Centurion and Healer","floor":24,"turns":8},{"damage":9,"enemies":"Snecko","floor":27,"turns":7},{"damage":14,"enemies":"Cultist and Chosen","floor":30,"turns":5},{"damage":0,"enemies":"Centurion and Healer","floor":31,"turns":6},{"damage":32,"enemies":"Champ","floor":33,"turns":11},{"damage":0,"enemies":"Orb Walker","floor":35,"turns":3},{"damage":31,"enemies":"3 Darklings","floor":36,"turns":5},{"damage":34,"enemies":"Snecko and Mystics","floor":37,"turns":7},{"damage":30,"enemies":"Jaw Worm Horde","floor":38,"turns":1}],"seed_played":"1886072916458974105","potions_obtained":[{"floor":3,"key":"Energy Potion"},{"floor":10,"key":"Swift Potion"},{"floor":11,"key":"PowerPotion"},{"floor":14,"key":"Fire Potion"},{"floor":23,"key":"Dexterity Potion"},{"floor":27,"key":"Dexterity Potion"},{"floor":31,"key":"Swift Potion"}],"is_trial":false,"path_per_floor":["M","?","M","$","?","R","E","R","T","M","M","M","?","M","R","B",null,"M","?","?","M","$","E","M","R","T","M","R","?","M","M","R","B",null,"M","M","M"],"character_chosen":"DEFECT","items_purchased":["Defragment","Defragment"],"campfire_rested":1,"item_purchase_floors":[4,22],"current_hp_per_floor":[75,75,75,75,63,63,63,63,73,73,73,73,73,73,73,57,85,69,69,69,63,63,63,44,44,44,35,35,35,21,21,46,14,85,85,54,20,0],"gold":461,"neow_bonus":"THREE_ENEMY_KILL","is_prod":false,"is_daily":false,"chose_seed":false,"campfire_upgraded":5,"win_rate":0,"timestamp":1534348727,"path_taken":["M","?","M","$","?","R","E","R","T","M","?","M","?","?","R","BOSS","M","?","?","?","$","E","?","R","T","M","R","?","M","M","R","BOSS","M","M","?","M"],"build_version":"2018-08-13v2","purchased_purges":2,"victory":false,"max_hp_per_floor":[75,75,75,75,75,75,75,75,85,85,85,85,85,85,85,85,85,85,85,85,85,85,85,85,85,85,85,85,85,85,85,85,85,85,85,85,85,85],"card_choices":[{"not_picked":["Stack","Redo"],"picked":"Go for the Eyes","floor":1},{"not_picked":["Gash","Leap"],"picked":"Glacier","floor":3},{"not_picked":["Ball Lightning","Sweeping Beam","Auto Shields"],"picked":"SKIP","floor":7},{"not_picked":["Loop","Tempest"],"picked":"Blizzard","floor":10},{"not_picked":["Reprogram","Hologram"],"picked":"Go for the Eyes","floor":11},{"not_picked":["BootSequence","Buffer"],"picked":"Ball Lightning","floor":12},{"not_picked":["Hologram","Rebound","Turbo"],"picked":"SKIP","floor":14},{"not_picked":["Electrodynamics","Seek"],"picked":"Fission","floor":16},{"not_picked":["Turbo","Doom and Gloom+1"],"picked":"Redo","floor":18},{"not_picked":["Sweeping Beam+1","Ball Lightning"],"picked":"Coolheaded","floor":21},{"not_picked":["FTL+1","Rebound"],"picked":"Glacier+1","floor":23},{"not_picked":["Compile Driver+1","Fusion+1"],"picked":"Gash","floor":24},{"not_picked":["Leap","Hello World+1","Aggregate"],"picked":"SKIP","floor":27},{"not_picked":["Conserve Battery","Darkness"],"picked":"Loop","floor":30},{"not_picked":["Lockon","Go for the Eyes","Heatsinks"],"picked":"SKIP","floor":31},{"not_picked":["Fission","Thunder Strike"],"picked":"Echo Form","floor":33},{"not_picked":["Scrape+1","Rebound","Compile Driver+1"],"picked":"SKIP","floor":35},{"not_picked":["Darkness+1","Conserve Battery+1","Sunder"],"picked":"SKIP","floor":36},{"not_picked":["Steam","Doom and Gloom","Streamline+1"],"picked":"SKIP","floor":37}],"player_experience":868652,"relics_obtained":[{"floor":7,"key":"Mercury Hourglass"},{"floor":9,"key":"Pear"},{"floor":23,"key":"Lantern"},{"floor":26,"key":"Darkstone Periapt"}],"event_choices":[{"event_name":"Liars Game","player_choice":"agreed","floor":2,"damage_taken":0},{"event_name":"Scrap Ooze","player_choice":"success","floor":5,"damage_taken":12},{"event_name":"Upgrade Shrine","player_choice":"Upgraded","floor":13,"damage_taken":0},{"event_name":"Addict","player_choice":"Obtained Relic","floor":19,"damage_taken":0},{"event_name":"Nest","player_choice":"Stole From Cult","floor":20,"damage_taken":0},{"event_name":"Ghosts","player_choice":"Ignored","floor":29,"damage_taken":0}],"is_beta":true,"boss_relics":[{"not_picked":["Runic Dome","Ectoplasm"],"picked":"Astrolabe"},{"not_picked":["Busted Crown","Philosopher\u0027s Stone"],"picked":"Sozu"}],"items_purged_floors":[4,22],"is_endless":false,"potions_floor_spawned":[3,10,11,14,21,23,27,31,33,36,37],"killed_by":"Jaw Worm Horde","ascension_level":2}