{"gold_per_floor":[111,130,144,161,179,208,208,226,226,226,226,240,257,18,18,18],"floor_reached":16,"playtime":391,"items_purged":[],"score":106,"play_id":"c21dd499-9212-45ef-b17e-add2b563e4de","local_time":"20190512194812","is_ascension_mode":false,"campfire_choices":[{"floor":7,"key":"REST"},{"data":"ReplayGash","floor":11,"key":"SMITH"},{"floor":15,"key":"REST"}],"neow_cost":"NONE","seed_source_timestamp":267102881627110,"circlet_count":0,"master_deck":["Strike_B","Strike_B","Strike_B","Strike_B","Defend_B","Defend_B","Defend_B","Defend_B","Zap","Dualcast","ReplayGash+1","Scrape","Dagger Spray","Genetic Algorithm+1"],"relics":["Cracked Core","aspiration:Nostalgia","infinitespire:DarkRift","hubris:DisguiseKit","Toxic Egg 2","Solar Panel"],"potions_floor_usage":[13],"damage_taken":[{"damage":0,"enemies":"Jaw Worm","floor":1,"turns":5},{"damage":6,"enemies":"Cultist","floor":2,"turns":3},{"damage":0,"enemies":"Small Slimes","floor":3,"turns":2},{"damage":28,"enemies":"Exordium Thugs","floor":4,"turns":4},{"damage":18,"enemies":"3 Louse","floor":5,"turns":3},{"damage":20,"enemies":"Gremlin Nob","floor":6,"turns":4},{"damage":11,"enemies":"Lots of Slimes","floor":8,"turns":3},{"damage":7,"enemies":"Blue Slaver","floor":12,"turns":3},{"damage":5,"enemies":"Looter","floor":13,"turns":2},{"damage":24,"enemies":"The Guardian","floor":16,"turns":4}],"seed_played":"-2178863469660353763","potions_obtained":[{"floor":3,"key":"Poison Potion"},{"floor":6,"key":"FearPotion"},{"floor":8,"key":"Venom Potion"}],"is_trial":false,"path_per_floor":["M","M","M","M","M","E","R","M","T","?","R","M","M","$","R","B"],"character_chosen":"DEFECT","items_purchased":["Solar Panel"],"campfire_rested":2,"item_purchase_floors":[14],"current_hp_per_floor":[75,69,69,41,23,3,25,14,14,14,14,7,2,2,24,0],"gold":18,"neow_bonus":"NOSTALGIA","is_prod":false,"is_daily":false,"chose_seed":false,"campfire_upgraded":1,"win_rate":0,"timestamp":1557704892,"path_taken":["M","?","M","M","M","E","R","M","T","?","R","M","M","?","R","BOSS"],"build_version":"2019-01-23","purchased_purges":0,"victory":false,"max_hp_per_floor":[75,75,75,75,75,75,75,75,75,75,75,75,75,75,75,75],"card_choices":[{"not_picked":["Redo","Rebound"],"picked":"ReplayGash","floor":1},{"not_picked":["Go for the Eyes","hubris:PowerSurge"],"picked":"Scrape","floor":2},{"not_picked":["Reinforced Body","ReplaySort","Stack"],"picked":"SKIP","floor":3},{"not_picked":["strawberrySpire:DataDump","Sweeping Beam","Compile Driver"],"picked":"SKIP","floor":4},{"not_picked":["Steam","Barrage","Hologram"],"picked":"SKIP","floor":5},{"not_picked":["strawberrySpire:FocalLaser","BasicCrystalCard","Stack"],"picked":"SKIP","floor":6},{"not_picked":["hubris:Ukulele","strawberrySpire:BiBeamBolt","Aggregate"],"picked":"Dagger Spray","floor":8},{"not_picked":["Rip and Tear","Loop","hubris:PowerSurge","Sucker Punch"],"picked":"SKIP","floor":12},{"not_picked":["Beam Cell","strawberrySpire:DataDump","strawberrySpire:Grapple"],"picked":"Genetic Algorithm+1","floor":13}],"player_experience":749373,"relics_obtained":[{"floor":6,"key":"hubris:DisguiseKit"},{"floor":9,"key":"Toxic Egg 2"}],"event_choices":[],"is_beta":false,"boss_relics":[],"items_purged_floors":[],"is_endless":false,"potions_floor_spawned":[3,6,8,12],"killed_by":"The Guardian","ascension_level":0}