{"gold_per_floor":[110,127,127,145,145,174,184,184,184,184,203,216,216,233,233,332,332,350,363,382,307,232,232,246,246,246,264,284,284,309,324,324,421,421,434,446,277,292,306,306,181,198,198,198,198,218,236,236,236,236],"floor_reached":51,"playtime":1704,"items_purged":["Strike_B","Defend_B","Defend_B"],"score":677,"play_id":"dc64e0c1-b933-45ee-bdea-a189fbeb55a7","local_time":"20180717213617","is_ascension_mode":false,"campfire_choices":[{"data":"Zap","floor":8,"key":"SMITH"},{"data":"Static Discharge","floor":13,"key":"SMITH"},{"data":"Beam Cell","floor":15,"key":"SMITH"},{"data":"Self Repair","floor":23,"key":"SMITH"},{"data":"Buffer","floor":25,"key":"SMITH"},{"floor":29,"key":"REST"},{"floor":32,"key":"REST"},{"data":"Consume","floor":40,"key":"SMITH"},{"data":"Barrage","floor":44,"key":"SMITH"},{"data":"Secret Technique","floor":49,"key":"SMITH"}],"neow_cost":"NONE","seed_source_timestamp":811082578547093,"circlet_count":0,"master_deck":["Strike_B+1","Defend_B","Defend_B+1","Zap+1","Dualcast","Cold Snap","Cold Snap","BootSequence","Static Discharge+1","Biased Cognition","Ball Lightning","Beam Cell+1","Self Repair+1","Thunder Strike","Static Discharge","Ball Lightning","Redo+1","Buffer+1","Coolheaded","Undo+1","Chill","Ball Lightning+1","Reboot","Barrage+1","Coolheaded+1","Consume+1","Rebound+1","Lockon+1","Secret Technique+1","Madness","Madness"],"relics":["Cursed Key","CultistMask","Letter Opener","Inserter","StoneCalendar","Orrery"],"potions_floor_usage":[6,16,24,33,38,50,50],"damage_taken":[{"damage":4,"enemies":"2 Louse","floor":1,"turns":2},{"damage":0,"enemies":"Cultist","floor":2,"turns":4},{"damage":0,"enemies":"Small Slimes","floor":4,"turns":3},{"damage":8,"enemies":"Lagavulin","floor":6,"turns":7},{"damage":0,"enemies":"3 Louse","floor":7,"turns":3},{"damage":0,"enemies":"Exordium Wildlife","floor":11,"turns":5},{"damage":4,"enemies":"Lots of Slimes","floor":12,"turns":3},{"damage":0,"enemies":"Blue Slaver","floor":14,"turns":2},{"damage":13,"enemies":"Hexaghost","floor":16,"turns":6},{"damage":22,"enemies":"3 Byrds","floor":18,"turns":5},{"damage":6,"enemies":"Chosen","floor":19,"turns":4},{"damage":17,"enemies":"Centurion and Healer","floor":20,"turns":5},{"damage":27,"enemies":"3 Cultists","floor":24,"turns":3},{"damage":15,"enemies":"Cultist and Chosen","floor":27,"turns":6},{"damage":18,"enemies":"Slaver and Parasite","floor":28,"turns":3},{"damage":18,"enemies":"Slavers","floor":30,"turns":4},{"damage":0,"enemies":"Centurion and Healer","floor":31,"turns":8},{"damage":16,"enemies":"Collector","floor":33,"turns":10},{"damage":14,"enemies":"Flame Bruiser 1 Orb","floor":35,"turns":4},{"damage":16,"enemies":"3 Shapes","floor":36,"turns":5},{"damage":12,"enemies":"Flame Bruiser 2 Orb","floor":38,"turns":4},{"damage":19,"enemies":"3 Darklings","floor":39,"turns":6},{"damage":0,"enemies":"4 Shapes","floor":42,"turns":5},{"damage":11,"enemies":"Maw","floor":46,"turns":5},{"damage":0,"enemies":"Transient","floor":47,"turns":5},{"damage":51,"enemies":"Awakened One","floor":50,"turns":14}],"seed_played":"6824451333068492278","potions_obtained":[{"floor":1,"key":"Strength Potion"},{"floor":14,"key":"AttackPotion"},{"floor":16,"key":"FearPotion"},{"floor":19,"key":"Explosive Potion"},{"floor":24,"key":"Explosive Potion"},{"floor":27,"key":"Energy Potion"},{"floor":31,"key":"Ancient Potion"},{"floor":36,"key":"Energy Potion"},{"floor":38,"key":"LiquidBronze"},{"floor":47,"key":"Fruit Juice"}],"is_trial":false,"path_per_floor":["M","M","?","M","?","E","M","R","T","?","M","M","R","M","R","B",null,"M","M","M","$","?","R","M","R","T","M","M","R","E","M","R","B",null,"M","M","$","M","M","R","$","M","T","R","?","M","M","?","R","B"],"character_chosen":"DEFECT","items_purchased":["Consume"],"campfire_rested":2,"item_purchase_floors":[37],"current_hp_per_floor":[71,71,71,71,56,48,48,48,48,48,48,44,44,44,44,38,75,60,61,51,51,51,51,34,34,34,29,21,43,35,45,67,61,75,71,65,65,63,54,54,54,64,64,64,64,63,73,64,64,18],"gold":236,"neow_bonus":"BOSS_RELIC","is_prod":false,"is_daily":false,"chose_seed":false,"campfire_upgraded":8,"win_rate":0,"timestamp":1531877777,"path_taken":["M","M","?","M","?","E","M","R","T","?","?","?","R","M","R","BOSS","M","M","M","$","?","R","?","R","T","M","M","R","E","M","R","BOSS","M","M","$","M","M","R","$","M","T","R","?","?","?","?","R","BOSS"],"build_version":"2018-07-16","purchased_purges":3,"victory":true,"max_hp_per_floor":[75,75,75,75,75,75,75,75,75,75,75,75,75,75,75,75,75,75,75,75,75,75,75,75,75,75,75,75,75,75,75,75,75,75,75,75,75,75,75,75,75,75,75,75,75,75,75,75,75,80],"card_choices":[{"not_picked":["Recycle","Steam"],"picked":"Cold Snap","floor":1},{"not_picked":["Rebound","Recycle"],"picked":"Cold Snap","floor":2},{"not_picked":["White Noise","Chill"],"picked":"BootSequence","floor":4},{"not_picked":["Hello World","Hyperbeam"],"picked":"Static Discharge","floor":6},{"not_picked":["Streamline","Stack","BootSequence"],"picked":"SKIP","floor":7},{"not_picked":["Beam Cell","Conserve Battery"],"picked":"Ball Lightning","floor":11},{"not_picked":["Reinforced Body","Cold Snap"],"picked":"Beam Cell","floor":12},{"not_picked":["Sweeping Beam","Rebound"],"picked":"Self Repair","floor":14},{"not_picked":["Buffer","Reboot"],"picked":"Thunder Strike","floor":16},{"not_picked":["Compile Driver","Gash"],"picked":"Static Discharge","floor":18},{"not_picked":["Steam","Redo+1"],"picked":"Ball Lightning","floor":19},{"not_picked":["Gash","Leap+1"],"picked":"Redo+1","floor":20},{"not_picked":["Gash+1","Turbo+1"],"picked":"Buffer","floor":24},{"not_picked":["Sunder","Rip and Tear"],"picked":"Coolheaded","floor":27},{"not_picked":["Stack","Leap"],"picked":"Undo+1","floor":28},{"not_picked":["Rip and Tear","Compile Driver","Hyperbeam"],"picked":"SKIP","floor":30},{"not_picked":["Hologram","Conserve Battery","Barrage"],"picked":"SKIP","floor":31},{"not_picked":["Beam Cell","Compile Driver"],"picked":"Chill","floor":34},{"not_picked":["Capacitor+1","Turbo"],"picked":"Ball Lightning+1","floor":34},{"not_picked":["Reprogram+1","Rebound"],"picked":"Reboot","floor":34},{"not_picked":["Cold Snap","Leap"],"picked":"Barrage","floor":34},{"not_picked":["Chill","Melter"],"picked":"Coolheaded+1","floor":34},{"not_picked":["Redo","Skim","Compile Driver+1"],"picked":"SKIP","floor":35},{"not_picked":["BootSequence+1","Doom and Gloom","Rip and Tear+1"],"picked":"SKIP","floor":36},{"not_picked":["Beam Cell","All For One"],"picked":"Rebound+1","floor":38},{"not_picked":["Hologram","Conserve Battery+1"],"picked":"Lockon+1","floor":39},{"not_picked":["Compile Driver+1","Conserve Battery","White Noise"],"picked":"SKIP","floor":42},{"not_picked":["Apotheosis","Violence"],"picked":"Secret Technique","floor":45},{"not_picked":["Compile Driver","Chaos","Turbo"],"picked":"SKIP","floor":46},{"not_picked":["Darkness+1","Cold Snap+1","Undo+1"],"picked":"SKIP","floor":47}],"player_experience":754947,"relics_obtained":[{"floor":6,"key":"Letter Opener"},{"floor":30,"key":"StoneCalendar"}],"event_choices":[{"event_name":"FaceTrader","player_choice":"Trade","floor":3,"damage_taken":0},{"event_name":"Shining Light","player_choice":"Entered Light","floor":5,"damage_taken":0},{"event_name":"Transmorgrifier","player_choice":"Transform","floor":10,"damage_taken":0},{"event_name":"Beggar","player_choice":"Gave Gold","floor":22,"damage_taken":0},{"event_name":"SensoryStone","player_choice":"Memory 1","floor":45,"damage_taken":0},{"event_name":"Winding Halls","player_choice":"Embrace Madness","floor":48,"damage_taken":0}],"boss_relics":[{"not_picked":["Busted Crown","Nuclear Battery"],"picked":"Inserter"},{"not_picked":["Calling Bell","Pandora\u0027s Box"],"picked":"Orrery"}],"items_purged_floors":[21,37,41],"is_endless":false,"potions_floor_spawned":[1,14,16,19,24,27,30,31,36,38,47],"ascension_level":0}