{"path_per_floor":["M","M","M","$","M","E","R","M","T","R","M","E","R","M","R","B",null,"M","M","M","M","M"],"character_chosen":"IRONCLAD","items_purchased":[],"gold_per_floor":[117,127,146,71,89,122,122,132,132,132,150,183,183,195,195,293,293,304,322,333,349,366],"floor_reached":23,"campfire_rested":1,"playtime":1117,"current_hp_per_floor":[72,72,72,72,67,35,35,33,33,54,56,51,51,56,56,47,72,50,54,54,42,39],"items_purged":["Strike_R"],"gold":366,"score":209,"play_id":"fb7fc9e9-8f43-4481-b0ef-193b1dcde276","is_prod":false,"is_daily":false,"is_ascension_mode":false,"campfire_upgraded":3,"path_taken":["M","M","M","$","M","E","R","M","T","R","M","E","R","M","R","BOSS","M","M","M","M","M","E"],"build_version":"2018-02-22-PROD2","purchased_purges":1,"victory":false,"master_deck":["Strike_R","Strike_R","Strike_R","Defend_R+1","Defend_R","Defend_R","Bash","Flex+1","Inflame+1","Headbutt","Thunderclap","Body Slam+1","Offering","True Grit+1","Demon Form","Disarm","Cleave","Pommel Strike+1","Entrench+1"],"max_hp_per_floor":[72,72,72,72,72,72,72,72,72,72,72,72,72,72,72,72,72,72,72,72,72,72],"relics":["Burning Blood","War Paint","Magic Flower","Oddly Smooth Stone","Sozu"],"card_choices":[{"not_picked":["Battle Trance","Bloodletting"],"picked":"Flex"},{"not_picked":["Twin Strike","Pummel"],"picked":"Inflame"},{"not_picked":["Twin Strike","Blood for Blood"],"picked":"Headbutt"},{"not_picked":["Wild Strike","Dropkick"],"picked":"Thunderclap"},{"not_picked":["Wild Strike","Pommel Strike"],"picked":"Body Slam"},{"not_picked":["Fiend Fire","Warcry"],"picked":"Offering"},{"not_picked":["Sword Boomerang","Body Slam"],"picked":"True Grit"},{"not_picked":["Feed","Exhume"],"picked":"Demon Form"},{"not_picked":["Wild Strike","Pummel"],"picked":"Disarm"},{"not_picked":["Iron Wave","Warcry"],"picked":"Cleave"},{"not_picked":["Clash","Headbutt"],"picked":"Pommel Strike"},{"not_picked":["Fire Breathing","Wild Strike"],"picked":"Entrench"}],"player_experience":150548,"potions_floor_usage":[22,23,23],"damage_taken":[{"damage":0,"enemies":"2 Louse","floor":1,"turns":3},{"damage":6,"enemies":"Jaw Worm","floor":2,"turns":4},{"damage":5,"enemies":"Small Slimes","floor":3,"turns":3},{"damage":11,"enemies":"2 Fungi Beasts","floor":5,"turns":3},{"damage":38,"enemies":"3 Sentries","floor":6,"turns":10},{"damage":8,"enemies":"Exordium Wildlife","floor":8,"turns":3},{"damage":7,"enemies":"Blue Slaver","floor":11,"turns":4},{"damage":14,"enemies":"Gremlin Nob","floor":12,"turns":4},{"damage":4,"enemies":"2 Fungi Beasts","floor":14,"turns":2},{"damage":18,"enemies":"Hexaghost","floor":16,"turns":7},{"damage":31,"enemies":"Chosen","floor":18,"turns":5},{"damage":5,"enemies":"Shell Parasite","floor":19,"turns":4},{"damage":9,"enemies":"3 Cultists","floor":20,"turns":5},{"damage":21,"enemies":"Snake Plant","floor":21,"turns":3},{"damage":22,"enemies":"Slaver and Parasite","floor":22,"turns":5},{"damage":46,"enemies":"Slavers","floor":23,"turns":3}],"event_choices":[],"boss_relics":[{"not_picked":["Question Card","Eternal Feather"],"picked":"Sozu"}],"potions_floor_spawned":[3,5,8,11,12,14,18,19,20],"seed_played":"-1419280363943182183","killed_by":"Slavers","ascension_level":0,"is_trial":false}