{"gold_per_floor":[118,18,32,51,66,101,101,119,119,119,119,135,170,186,186,258,258,276,276,276,276,295,295,65,65,88,102,102],"floor_reached":28,"playtime":2117,"items_purged":["Strike_B"],"score":460,"play_id":"ff35134d-e14a-4ee7-859a-dcc9de9371ca","local_time":"20190824152228","is_ascension_mode":true,"campfire_choices":[{"data":"Zap","floor":7.0,"key":"SMITH"},{"data":"Self Repair","floor":11.0,"key":"SMITH"},{"data":"Biased Cognition","floor":15.0,"key":"SMITH"},{"data":"RitualDagger","floor":23,"key":"SMITH"},{"data":"Buffer","floor":25,"key":"SMITH"}],"neow_cost":"NONE","seed_source_timestamp":0,"circlet_count":0,"master_deck":["AscendersBane","Strike_B","Strike_B","Strike_B","Defend_B","Defend_B","Defend_B+1","Defend_B","Zap+1","Dualcast","Self Repair+1","Leap+1","Cold Snap","Lockon+1","Static Discharge","Biased Cognition+1","Skim","Melter","Steam+1","Hologram","Buffer+1","Double Energy+1","RitualDagger+1","Hologram+1","Coolheaded"],"special_seed":0,"relics":["Cracked Core","NeowsBlessing","Gremlin Horn","Pantograph","Shuriken","Sozu","Nilry\u0027s Codex","Toolbox","War Paint"],"potions_floor_usage":[16,28],"damage_taken":[{"damage":0.0,"enemies":"Cultist","floor":1.0,"turns":1.0},{"damage":0.0,"enemies":"Jaw Worm","floor":3.0,"turns":1.0},{"damage":0.0,"enemies":"2 Louse","floor":4.0,"turns":2.0},{"damage":7.0,"enemies":"Large Slime","floor":5.0,"turns":6.0},{"damage":23.0,"enemies":"Lagavulin","floor":6.0,"turns":9.0},{"damage":3.0,"enemies":"Blue Slaver","floor":8.0,"turns":2.0},{"damage":8.0,"enemies":"Looter","floor":12.0,"turns":3.0},{"damage":17.0,"enemies":"Gremlin Nob","floor":13.0,"turns":4.0},{"damage":1.0,"enemies":"2 Fungi Beasts","floor":14.0,"turns":5.0},{"damage":27,"enemies":"Hexaghost","floor":16,"turns":5},{"damage":25,"enemies":"Shell Parasite","floor":18,"turns":3},{"damage":0,"enemies":"Spheric Guardian","floor":22,"turns":3},{"damage":24,"enemies":"Snecko","floor":27,"turns":5},{"damage":54,"enemies":"Slavers","floor":28,"turns":3}],"seed_played":"-536417878106874786","potions_obtained":[{"floor":3.0,"key":"EssenceOfSteel"},{"floor":4.0,"key":"LiquidBronze"},{"floor":6.0,"key":"AttackPotion"},{"floor":16,"key":"Regen Potion"}],"is_trial":false,"path_per_floor":["M","$","M","M","M","E","R","M","T","?","R","M","E","M","R","B",null,"M","?","?","?","M","R","$","R","T","M","E"],"character_chosen":"DEFECT","items_purchased":["Leap","Toolbox"],"campfire_rested":0,"item_purchase_floors":[2,24],"current_hp_per_floor":[64,64,64,71,71,55,55,52,52,31,31,33,26,25,25,33,62,47,41,20,34,44,44,44,44,44,30,0],"gold":102,"neow_bonus":"THREE_ENEMY_KILL","is_prod":false,"is_daily":false,"chose_seed":false,"campfire_upgraded":5,"win_rate":0,"timestamp":1566685348,"path_taken":["M","$","M","?","?","E","R","M","T","?","R","M","E","M","R","BOSS","M","?","?","?","M","R","?","R","T","M","E"],"build_version":"2019-07-17","purchased_purges":1,"victory":false,"max_hp_per_floor":[71,71,71,71,71,71,71,71,71,71,71,71,71,71,71,71,71,71,71,71,71,71,71,71,71,71,71,71],"card_choices":[{"not_picked":["Sweeping Beam","Streamline"],"picked":"Self Repair","floor":1.0},{"not_picked":["Conserve Battery","Leap"],"picked":"Cold Snap","floor":3.0},{"not_picked":["Beam Cell","Redo"],"picked":"Lockon","floor":4.0},{"not_picked":["Reinforced Body","Aggregate"],"picked":"Static Discharge","floor":5.0},{"not_picked":["Redo","Undo"],"picked":"Biased Cognition","floor":6.0},{"not_picked":["Rebound","Barrage"],"picked":"Skim","floor":8.0},{"not_picked":["Reprogram","Beam Cell"],"picked":"Melter","floor":12.0},{"not_picked":["Rebound","Leap"],"picked":"Steam","floor":13.0},{"not_picked":["Steam","Streamline"],"picked":"Hologram","floor":14.0},{"not_picked":["Thunder Strike","Fission"],"picked":"Buffer","floor":16},{"not_picked":["Cold Snap+1","Beam Cell"],"picked":"Double Energy+1","floor":18},{"not_picked":["Compile Driver","Barrage+1"],"picked":"Hologram+1","floor":22},{"not_picked":["Auto Shields","White Noise"],"picked":"Coolheaded","floor":27}],"player_experience":764211,"relics_obtained":[{"floor":6.0,"key":"Gremlin Horn"},{"floor":9.0,"key":"Pantograph"},{"floor":13.0,"key":"Shuriken"},{"floor":20,"key":"Nilry\u0027s Codex"},{"floor":26,"key":"War Paint"}],"event_choices":[{"damage_healed":0.0,"max_hp_gain":0.0,"max_hp_loss":0.0,"gold_gain":0.0,"event_name":"Shining Light","player_choice":"Entered Light","floor":10.0,"gold_loss":0.0,"damage_taken":21.0,"cards_upgraded":["Defend_B","Lockon"]},{"damage_healed":0,"gold_gain":0,"player_choice":"Joined the Cult","damage_taken":6,"max_hp_gain":0,"max_hp_loss":0,"event_name":"Nest","floor":19,"gold_loss":0,"cards_obtained":["RitualDagger"]},{"damage_healed":0,"gold_gain":0,"player_choice":"Obtained Book","damage_taken":21,"max_hp_gain":0,"max_hp_loss":0,"event_name":"Cursed Tome","floor":20,"gold_loss":0},{"damage_healed":14,"gold_gain":0,"player_choice":"Heal","damage_taken":0,"max_hp_gain":0,"max_hp_loss":0,"event_name":"The Library","floor":21,"gold_loss":0}],"is_beta":false,"boss_relics":[{"not_picked":["Cursed Key","Snecko Eye"],"picked":"Sozu"}],"items_purged_floors":[2],"is_endless":false,"potions_floor_spawned":[3,4,6,16,18],"killed_by":"Slavers","ascension_level":20}