{"gold_per_floor":[360,3,78,78,78,78,152,175,253,274,274,319,360,375,375,506,506,529,529,529,543,562,562,98,98,98,136,136,170,193,246,246,246],"floor_reached":33,"playtime":2530,"items_purged":[],"score":320,"play_id":"6ccc1eaf-ac21-487e-a8fd-503d0a12a46e","local_time":"20190718124421","is_ascension_mode":true,"campfire_choices":[{"floor":6,"key":"REST"},{"floor":11,"key":"REST"},{"data":"Armaments","floor":15,"key":"SMITH"},{"floor":23,"key":"REST"},{"floor":25,"key":"REST"},{"floor":28,"key":"REST"},{"floor":32,"key":"REST"}],"neow_cost":"PERCENT_DAMAGE","seed_source_timestamp":719721044020895,"circlet_count":0,"master_deck":["Strike_R","Strike_R","Strike_R+1","Defend_R","Defend_R+1","Defend_R+1","Bash","Intimidate","Inflame","Injury","Flex+1","Impervious","Heavy Blade","Dropkick","Heavy Blade","Heavy Blade","Armaments+1","Barricade","Seeing Red","RitualDagger","Fiend Fire","Headbutt+1","Pommel Strike","Uppercut","Dramatic Entrance","Master of Strategy","Thunderclap","Pummel","Anger+1","Thunderclap+1","Warcry","Dropkick+1","Twin Strike+1"],"relics":["Burning Blood","Membership Card","Orichalcum","Dream Catcher","Golden Idol","Tiny Chest","Dodecahedron","War Paint","Vajra","Empty Cage","Sling","Paper Frog","Potion Belt","Champion Belt","Molten Egg 2","Juzu Bracelet","Lantern"],"potions_floor_usage":[13,16,16,21,21,25,33],"damage_taken":[{"damage":11,"enemies":"Cultist","floor":1,"turns":4},{"damage":16,"enemies":"Gremlin Nob","floor":7,"turns":5},{"damage":6,"enemies":"Small Slimes","floor":8,"turns":2},{"damage":4,"enemies":"2 Louse","floor":10,"turns":3},{"damage":16,"enemies":"3 Sentries","floor":13,"turns":6},{"damage":0,"enemies":"Large Slime","floor":14,"turns":3},{"damage":39,"enemies":"The Guardian","floor":16,"turns":8},{"damage":41,"enemies":"3 Byrds","floor":18,"turns":9},{"damage":20,"enemies":"Shell Parasite","floor":21,"turns":5},{"damage":29,"enemies":"Centurion and Healer","floor":22,"turns":7},{"damage":23,"enemies":"Gremlin Leader","floor":27,"turns":4},{"damage":19,"enemies":"Book of Stabbing","floor":29,"turns":4},{"damage":15,"enemies":"Sentry and Sphere","floor":30,"turns":4},{"damage":91,"enemies":"Champ","floor":33,"turns":10}],"seed_played":"2989266326221648401","potions_obtained":[{"floor":1,"key":"PowerPotion"},{"floor":13,"key":"FearPotion"},{"floor":14,"key":"Ancient Potion"},{"floor":16,"key":"Poison Potion"},{"floor":18,"key":"BloodPotion"},{"floor":22,"key":"Fruit Juice"},{"floor":30,"key":"Weak Potion"}],"is_trial":false,"path_per_floor":["M","$","?","?","?","R","E","M","T","M","R","T","E","M","R","B",null,"M","?","?","M","M","R","$","R","T","E","R","E","M","T","R","B"],"character_chosen":"IRONCLAD","items_purchased":["Membership Card","Orichalcum","Dream Catcher","Inflame","Sling","Paper Frog","Potion Belt","Dramatic Entrance","Master of Strategy","Thunderclap"],"campfire_rested":6,"item_purchase_floors":[2,2,2,2,24,24,24,24,24,24],"current_hp_per_floor":[51,51,40,24,24,48,38,38,38,40,64,64,54,60,60,27,80,45,39,39,45,22,46,46,76,76,59,84,71,62,62,85,0],"gold":246,"neow_bonus":"TWO_FIFTY_GOLD","is_prod":false,"is_daily":false,"chose_seed":false,"campfire_upgraded":1,"win_rate":0,"timestamp":1563468261,"path_taken":["M","$","?","?","?","R","E","M","T","M","R","?","E","M","R","BOSS","M","?","?","?","M","R","$","R","T","E","R","E","M","?","R","BOSS"],"build_version":"2019-07-17","purchased_purges":0,"victory":false,"max_hp_per_floor":[80,80,80,80,80,80,80,80,80,80,80,80,80,80,80,80,80,80,80,80,80,80,80,80,85,85,85,85,85,85,85,85,85],"card_choices":[{"not_picked":["Blood for Blood","Twin Strike"],"picked":"Intimidate","floor":1},{"not_picked":["Intimidate","Wild Strike"],"picked":"Flex","floor":6},{"not_picked":["Shockwave","Headbutt"],"picked":"Impervious","floor":7},{"not_picked":["Twin Strike","Flame Barrier"],"picked":"Heavy Blade","floor":8},{"not_picked":["True Grit","Warcry"],"picked":"Dropkick","floor":10},{"not_picked":["Sword Boomerang","Clothesline"],"picked":"Heavy Blade","floor":11},{"not_picked":["Clothesline","Fiend Fire"],"picked":"Heavy Blade","floor":13},{"not_picked":["Shrug It Off","Flex"],"picked":"Armaments","floor":14},{"not_picked":["Dark Embrace","Fiend Fire"],"picked":"Barricade","floor":16},{"not_picked":["Clothesline","Headbutt"],"picked":"Seeing Red","floor":18},{"not_picked":["Body Slam","Perfected Strike"],"picked":"Headbutt+1","floor":21},{"not_picked":["Iron Wave","Pummel"],"picked":"Pommel Strike","floor":22},{"not_picked":["Pommel Strike","Headbutt+1"],"picked":"Uppercut","floor":23},{"not_picked":["Barricade","Wild Strike"],"picked":"Pummel","floor":25},{"not_picked":["Barricade","Thunderclap"],"picked":"Anger+1","floor":27},{"not_picked":["Dropkick+1","Iron Wave+1"],"picked":"Thunderclap+1","floor":28},{"not_picked":["Rupture","Burning Pact+1"],"picked":"Warcry","floor":29},{"not_picked":["True Grit","Cleave+1"],"picked":"Dropkick+1","floor":30},{"not_picked":["Wild Strike+1","Bloodletting"],"picked":"Twin Strike+1","floor":32}],"player_experience":147573,"relics_obtained":[{"floor":7,"key":"Tiny Chest"},{"floor":9,"key":"Dodecahedron"},{"floor":12,"key":"War Paint"},{"floor":13,"key":"Vajra"},{"floor":26,"key":"Champion Belt"},{"floor":27,"key":"Molten Egg 2"},{"floor":29,"key":"Juzu Bracelet"},{"floor":31,"key":"Lantern"}],"event_choices":[{"damage_healed":0,"gold_gain":75,"player_choice":"Gather Gold","damage_taken":11,"max_hp_gain":0,"max_hp_loss":0,"event_name":"World of Goop","floor":3,"gold_loss":0},{"damage_healed":0,"gold_gain":0,"player_choice":"Entered Light","damage_taken":16,"max_hp_gain":0,"max_hp_loss":0,"event_name":"Shining Light","floor":4,"gold_loss":0,"cards_upgraded":["Defend_R","Strike_R"]},{"damage_healed":0,"gold_gain":0,"player_choice":"Take Wound","damage_taken":0,"relics_obtained":["Golden Idol"],"max_hp_gain":0,"max_hp_loss":0,"event_name":"Golden Idol","floor":5,"gold_loss":0,"cards_obtained":["Injury"]},{"damage_healed":0,"gold_gain":0,"player_choice":"Joined the Cult","damage_taken":6,"max_hp_gain":0,"max_hp_loss":0,"event_name":"Nest","floor":19,"gold_loss":0,"cards_obtained":["RitualDagger"]},{"damage_healed":0,"gold_gain":0,"cards_transformed":["Strike_R"],"player_choice":"Transformed","damage_taken":0,"max_hp_gain":0,"max_hp_loss":0,"event_name":"Transmorgrifier","floor":20,"gold_loss":0,"cards_obtained":["Fiend Fire"]}],"is_beta":false,"boss_relics":[{"not_picked":["Mark of Pain","Philosopher\u0027s Stone"],"picked":"Empty Cage"}],"items_purged_floors":[],"is_endless":false,"potions_floor_spawned":[1,13,14,16,18,22,30],"killed_by":"Champ","ascension_level":2}