{"gold_per_floor":[116,116,116,137,157,157,182,69,69,105,105,105,121,121,121,121],"floor_reached":16,"playtime":432,"items_purged":[],"score":100,"play_id":"4ae713ce-5eda-46be-a401-edd072ac2a6d","local_time":"20190912130113","is_ascension_mode":false,"campfire_choices":[{"floor":6,"key":"REST"},{"data":"Sword Boomerang","floor":12,"key":"SMITH"},{"data":"Power Through","floor":15,"key":"SMITH"}],"neow_cost":"NONE","seed_source_timestamp":2277991844089100,"circlet_count":0,"master_deck":["Strike_R","Strike_R","Strike_R+1","Strike_R","Strike_R+1","Defend_R","Defend_R","Defend_R","Defend_R","Bash","Power Through+1","Pain","Shrug It Off","Sword Boomerang+1","Heavy Blade"],"relics":["Lizard Tail","Golden Idol","WarpedTongs","Tiny Chest","Bottled Flame","Whetstone"],"potions_floor_usage":[16,16,16],"damage_taken":[{"damage":11,"enemies":"Jaw Worm","floor":1,"turns":3},{"damage":7,"enemies":"2 Louse","floor":4,"turns":3},{"damage":10,"enemies":"Cultist","floor":5,"turns":4},{"damage":22,"enemies":"Red Slaver","floor":7,"turns":6},{"damage":45,"enemies":"3 Sentries","floor":10,"turns":10},{"damage":30,"enemies":"2 Fungi Beasts","floor":13,"turns":4},{"damage":24,"enemies":"Hexaghost","floor":16,"turns":9}],"seed_played":"6215100771206934571","potions_obtained":[{"floor":1,"key":"Dexterity Potion"},{"floor":4,"key":"LiquidBronze"},{"floor":5,"key":"Fire Potion"}],"is_trial":false,"path_per_floor":["M","?","?","M","M","R","M","$","T","E","$","R","M","$","R","B"],"character_chosen":"IRONCLAD","items_purchased":["Tiny Chest"],"campfire_rested":1,"item_purchase_floors":[8],"current_hp_per_floor":[69,69,69,62,52,74,52,52,52,7,7,7,23,23,23,0],"gold":121,"neow_bonus":"BOSS_RELIC","is_prod":false,"is_daily":false,"chose_seed":false,"campfire_upgraded":2,"win_rate":0,"timestamp":1568307673,"path_taken":["M","?","?","?","M","R","M","?","T","E","$","R","M","$","R","BOSS"],"build_version":"2019-07-17","purchased_purges":0,"victory":false,"max_hp_per_floor":[80,74,74,74,74,74,74,74,74,74,74,74,74,74,74,74],"card_choices":[{"not_picked":["Uppercut","Wild Strike"],"picked":"Power Through","floor":1},{"not_picked":["Infernal Blade","Evolve"],"picked":"Shrug It Off","floor":4},{"not_picked":["Flex","Body Slam"],"picked":"Sword Boomerang","floor":5},{"not_picked":["Pommel Strike","Havoc"],"picked":"Heavy Blade","floor":7},{"not_picked":["Carnage","Burning Pact","Combust"],"picked":"SKIP","floor":10},{"not_picked":["Heavy Blade","Flex","Wild Strike"],"picked":"SKIP","floor":13}],"player_experience":385160,"relics_obtained":[{"floor":9,"key":"Bottled Flame"},{"floor":10,"key":"Whetstone"}],"event_choices":[{"damage_healed":0,"gold_gain":0,"player_choice":"Lose Max HP","damage_taken":0,"relics_obtained":["Golden Idol"],"max_hp_gain":0,"max_hp_loss":6,"event_name":"Golden Idol","floor":2,"gold_loss":0},{"damage_healed":0,"gold_gain":0,"player_choice":"Rummage","damage_taken":0,"relics_obtained":["WarpedTongs"],"max_hp_gain":0,"max_hp_loss":0,"event_name":"Accursed Blacksmith","floor":3,"gold_loss":0,"cards_obtained":["Pain"]}],"is_beta":false,"boss_relics":[],"items_purged_floors":[],"is_endless":false,"potions_floor_spawned":[1,4,5],"killed_by":"Hexaghost","ascension_level":0}