{"gold_per_floor":[115,115,115,135,151,187,187,205,205,224,224,224],"floor_reached":12,"playtime":347,"items_purged":[],"score":124,"play_id":"b62b3d7f-a8a3-4053-9561-3d2d9a6e6a16","local_time":"20190101033412","is_ascension_mode":true,"campfire_choices":[{"floor":7,"key":"REST"},{"data":"Defragment","floor":11,"key":"SMITH"}],"neow_cost":"NONE","seed_source_timestamp":985817841914968,"circlet_count":0,"master_deck":["AscendersBane","Strike_B","Strike_B","Strike_B","Defend_B","Defend_B","Defend_B","Defend_B","Zap","Dualcast+1","Defragment+1","Reboot"],"relics":["Cracked Core","Golden Idol","Shuriken","Pear"],"potions_floor_usage":[6,12],"damage_taken":[{"damage":12,"enemies":"Small Slimes","floor":1,"turns":3},{"damage":4,"enemies":"Jaw Worm","floor":4,"turns":3},{"damage":1,"enemies":"2 Louse","floor":5,"turns":2},{"damage":40,"enemies":"Lagavulin","floor":6,"turns":7},{"damage":3,"enemies":"Exordium Wildlife","floor":8,"turns":3},{"damage":12,"enemies":"Looter","floor":10,"turns":3},{"damage":32,"enemies":"Exordium Thugs","floor":12,"turns":5}],"seed_played":"7489919472605450847","potions_obtained":[{"floor":5,"key":"SteroidPotion"},{"floor":8,"key":"GamblersBrew"}],"is_trial":false,"path_per_floor":["M","?","?","M","M","E","R","M","T","M","R","M"],"character_chosen":"DEFECT","items_purchased":[],"campfire_rested":1,"item_purchase_floors":[],"current_hp_per_floor":[56,56,49,45,44,4,24,21,31,19,19,0],"gold":224,"neow_bonus":"UPGRADE_CARD","is_prod":false,"is_daily":false,"chose_seed":false,"campfire_upgraded":1,"win_rate":0,"timestamp":1546310052,"path_taken":["M","?","?","M","M","E","R","M","T","M","R","M"],"build_version":"2018-12-20","purchased_purges":0,"victory":false,"max_hp_per_floor":[75,69,69,69,69,69,69,69,79,79,79,79],"card_choices":[{"not_picked":["Conserve Battery","Turbo","Chaos"],"picked":"SKIP","floor":1},{"not_picked":["Cold Snap","Rebound","Sweeping Beam"],"picked":"SKIP","floor":4},{"not_picked":["Turbo","Skim"],"picked":"Defragment","floor":5},{"not_picked":["Stack","Skim","Recycle"],"picked":"SKIP","floor":6},{"not_picked":["Go for the Eyes","Gash"],"picked":"Reboot","floor":8},{"not_picked":["Storm","Heatsinks","Rebound"],"picked":"SKIP","floor":10}],"player_experience":372638,"relics_obtained":[{"floor":6,"key":"Shuriken"},{"floor":9,"key":"Pear"}],"event_choices":[{"damage_healed":0,"gold_gain":0,"player_choice":"Lose Max HP","damage_taken":0,"relics_obtained":["Golden Idol"],"max_hp_gain":0,"max_hp_loss":6,"event_name":"Golden Idol","floor":2,"gold_loss":0},{"cards_removed":["Strike_B"],"damage_healed":0,"gold_gain":0,"player_choice":"Card Removal","damage_taken":7,"max_hp_gain":0,"max_hp_loss":0,"event_name":"Golden Wing","floor":3,"gold_loss":0}],"is_beta":false,"boss_relics":[],"items_purged_floors":[],"is_endless":false,"potions_floor_spawned":[5,8],"killed_by":"Exordium Thugs","ascension_level":11}