{"path_per_floor":["M","$","M","M","M","R","M","E","T","R","?","M","?","M","R","B",null,"M","$","M"],"character_chosen":"DEFECT","items_purchased":["Gremlin Horn","Bird Faced Urn"],"gold_per_floor":[363,46,65,79,97,97,116,147,147,147,176,189,189,199,199,303,303,318,7,25,25],"floor_reached":21,"campfire_rested":0,"playtime":2080,"current_hp_per_floor":[67,67,66,66,58,58,58,39,39,39,17,15,15,15,15,1,51,15,15,7,0],"items_purged":["Strike_B"],"gold":25,"score":275,"play_id":"e594c9e7-40c4-4016-93c6-0eee6fe4f7c0","local_time":"20180506130644","is_prod":false,"is_daily":false,"chose_seed":false,"is_ascension_mode":true,"campfire_upgraded":3,"timestamp":1525637204,"path_taken":["M","$","?","M","M","R","M","E","T","R","?","?","?","M","R","BOSS","M","$","?","M"],"build_version":"2018-05-03","seed_source_timestamp":93351285517603,"purchased_purges":1,"victory":false,"master_deck":["Strike_B","Strike_B","Strike_B","Defend_B","Defend_B","Defend_B","Defend_B","Zap+1","Dualcast","AscendersBane","Conserve Battery","Glacier","Tempest+1","Hologram+1","Fission","Consume","Turbo","Undo","Echo Form","Gash","Meteor Strike","Stack+1"],"max_hp_per_floor":[68,68,68,68,68,68,68,68,68,68,68,68,68,68,68,68,68,68,68,68,68],"relics":["Cracked Core","Gremlin Horn","Peace Pipe","Pantograph","Odd Mushroom","Nuclear Battery","Bird Faced Urn"],"card_choices":[{"not_picked":["Impulse","Capacitor"],"picked":"Conserve Battery","floor":1.0},{"not_picked":["Auto Shields","Lockon"],"picked":"Glacier","floor":3.0},{"not_picked":["Heatsinks","Aggregate"],"picked":"Tempest","floor":4.0},{"not_picked":["Beam Cell","Skim"],"picked":"Hologram","floor":5.0},{"not_picked":["Stack","Turbo"],"picked":"Fission","floor":7.0},{"not_picked":["Loop","Coolheaded"],"picked":"Consume","floor":8.0},{"not_picked":["Aggregate","Streamline"],"picked":"Turbo","floor":11.0},{"not_picked":["Heatsinks","Capacitor"],"picked":"Undo","floor":12.0},{"not_picked":["Turbo","Aggregate"],"picked":"Gash","floor":14.0},{"not_picked":["Machine Learning","Reboot"],"picked":"Meteor Strike","floor":16.0},{"not_picked":["Hologram","Meteor Strike"],"picked":"Stack","floor":20.0}],"player_experience":559021,"potions_floor_usage":[],"damage_taken":[{"damage":1.0,"enemies":"Cultist","floor":1.0,"turns":4.0},{"damage":1.0,"enemies":"Jaw Worm","floor":3.0,"turns":4.0},{"damage":0.0,"enemies":"2 Louse","floor":4.0,"turns":3.0},{"damage":8.0,"enemies":"Exordium Wildlife","floor":5.0,"turns":3.0},{"damage":0.0,"enemies":"Blue Slaver","floor":7.0,"turns":4.0},{"damage":19.0,"enemies":"3 Sentries","floor":8.0,"turns":11.0},{"damage":22.0,"enemies":"The Mushroom Lair","floor":11.0,"turns":7.0},{"damage":2.0,"enemies":"Exordium Thugs","floor":12.0,"turns":5.0},{"damage":0.0,"enemies":"Looter","floor":14.0,"turns":3.0},{"damage":51.0,"enemies":"Slime Boss","floor":16.0,"turns":14.0},{"damage":36.0,"enemies":"3 Byrds","floor":18.0,"turns":6.0},{"damage":8.0,"enemies":"Spheric Guardian","floor":20.0,"turns":4.0},{"damage":10,"enemies":"Centurion and Healer","floor":21,"turns":3}],"event_choices":[{"event_name":"Mushrooms","player_choice":"Fought Mushrooms","floor":11.0,"damage_taken":0.0},{"event_name":"Match and Keep!","player_choice":"1 cards matched","floor":13.0,"damage_taken":0.0}],"boss_relics":[],"potions_floor_spawned":[1,7,11,14,20],"seed_played":"7394077280957464706","killed_by":"Centurion and Healer","ascension_level":10,"is_trial":false}