{"path_per_floor":["M","$","M","$","M","M","R","M","T","M","M","M","R","?","R","B",null,"M","M","?","M","?","R","M","$","T","?","M","$","M","M","R"],"character_chosen":"IRONCLAD","items_purchased":["Lee\u0027s Waffle"],"gold_per_floor":[110,35,49,49,62,80,80,96,120,94,109,129,129,129,129,225,225,243,259,259,277,477,477,488,195,495,495,508,383,401,414,414,414],"floor_reached":33,"campfire_rested":1,"playtime":1478,"item_purchase_floors":[25],"current_hp_per_floor":[72,72,72,72,71,63,63,45,45,33,22,20,20,20,41,17,72,68,64,51,47,47,47,25,84,84,84,51,51,59,43,43,0],"items_purged":["Strike_R","Defend_R","Strike_R"],"gold":414,"score":245,"play_id":"b196d7e9-5e4d-4c92-8b9c-78282ef12192","local_time":"20180522164416","is_prod":false,"is_daily":false,"chose_seed":false,"is_ascension_mode":false,"campfire_upgraded":4,"timestamp":1527021856,"campfire_choices":[{"data":"Bash","floor":7,"key":"SMITH"},{"data":"True Grit","floor":13,"key":"SMITH"},{"floor":15,"key":"REST"},{"data":"Anger","floor":23,"key":"SMITH"},{"data":"Clash","floor":32,"key":"SMITH"}],"path_taken":["M","$","M","$","M","M","R","M","T","M","M","M","R","?","R","BOSS","M","M","?","M","?","R","M","$","T","?","M","$","M","M","R","BOSS"],"build_version":"2018-05-21v2","seed_source_timestamp":1796897173735048,"purchased_purges":3,"victory":false,"master_deck":["Strike_R","Strike_R","Strike_R","Defend_R+1","Defend_R+1","Bash+1","Dropkick","True Grit+1","Inflame","Anger+1","Flex+1","Clash+1"],"max_hp_per_floor":[72,72,72,72,72,72,72,72,72,72,72,72,72,72,72,72,72,72,72,77,77,77,77,77,84,84,84,84,84,84,84,84,84],"relics":["Black Blood","Unceasing Top","War Paint","Lee\u0027s Waffle","Old Coin"],"card_choices":[{"not_picked":["Iron Wave","Reckless Charge","Cleave"],"picked":"SKIP","floor":1},{"not_picked":["Armaments","Clash"],"picked":"Dropkick","floor":3},{"not_picked":["Twin Strike","Bludgeon","Sword Boomerang"],"picked":"SKIP","floor":5},{"not_picked":["True Grit","Cleave","Whirlwind"],"picked":"SKIP","floor":6},{"not_picked":["Brutality","Fire Breathing"],"picked":"True Grit","floor":8},{"not_picked":["Dual Wield","Havoc","Headbutt"],"picked":"SKIP","floor":10},{"not_picked":["Dual Wield","Iron Wave","Flame Barrier"],"picked":"SKIP","floor":11},{"not_picked":["Perfected Strike","Power Through","Thunderclap"],"picked":"SKIP","floor":12},{"not_picked":["Warcry","Armaments"],"picked":"Inflame","floor":18},{"not_picked":["Iron Wave","Searing Blow+1"],"picked":"Anger","floor":19},{"not_picked":["Sword Boomerang","Iron Wave"],"picked":"Flex+1","floor":21},{"not_picked":["Perfected Strike","Cleave"],"picked":"Clash","floor":24},{"not_picked":["Sword Boomerang","Burning Pact","Havoc"],"picked":"SKIP","floor":28},{"not_picked":["Power Through","Brutality","Heavy Blade"],"picked":"SKIP","floor":30},{"not_picked":["Reckless Charge","Battle Trance","Clothesline+1"],"picked":"SKIP","floor":31}],"player_experience":480438,"potions_floor_usage":[16,24,28,33,33,33],"damage_taken":[{"damage":0,"enemies":"2 Louse","floor":1,"turns":2},{"damage":2,"enemies":"Small Slimes","floor":3,"turns":5},{"damage":7,"enemies":"Jaw Worm","floor":5,"turns":4},{"damage":14,"enemies":"Blue Slaver","floor":6,"turns":3},{"damage":24,"enemies":"Exordium Wildlife","floor":8,"turns":5},{"damage":18,"enemies":"Exordium Thugs","floor":10,"turns":7},{"damage":17,"enemies":"Lots of Slimes","floor":11,"turns":8},{"damage":8,"enemies":"3 Louse","floor":12,"turns":6},{"damage":30,"enemies":"The Guardian","floor":16,"turns":15},{"damage":14,"enemies":"Shell Parasite","floor":18,"turns":14},{"damage":14,"enemies":"Chosen","floor":19,"turns":5},{"damage":14,"enemies":"Centurion and Healer","floor":21,"turns":9},{"damage":32,"enemies":"Slaver and Parasite","floor":24,"turns":9},{"damage":43,"enemies":"Snecko","floor":28,"turns":7},{"damage":2,"enemies":"Centurion and Healer","floor":30,"turns":4},{"damage":26,"enemies":"Slaver and Parasite","floor":31,"turns":5},{"damage":57,"enemies":"Champ","floor":33,"turns":6}],"relics_obtained":[{"floor":9,"key":"War Paint"},{"floor":26,"key":"Old Coin"}],"event_choices":[{"event_name":"Golden Idol","player_choice":"Ignored","floor":14,"damage_taken":0},{"event_name":"Forgotten Altar","player_choice":"Shed Blood","floor":20,"damage_taken":0},{"event_name":"Wheel of Change","player_choice":"Gold","floor":22,"damage_taken":0},{"event_name":"Back to Basics","player_choice":"Elegance","floor":27,"damage_taken":0}],"boss_relics":[{"not_picked":["Eternal Feather","Orrery"],"picked":"Black Blood"}],"items_purged_floors":[2,25,29],"potions_floor_spawned":[8,11,12,16,19,24,31],"seed_played":"4442650423191568748","killed_by":"Champ","ascension_level":0,"potions_obtained":[{"floor":8,"key":"Energy Potion"},{"floor":11,"key":"Ancient Potion"},{"floor":12,"key":"LiquidBronze"},{"floor":16,"key":"Dexterity Potion"},{"floor":24,"key":"SkillPotion"},{"floor":31,"key":"FearPotion"}],"is_trial":false}