{"path_per_floor":["M","T","$","?","M","R","M","?","T","E","R","E","M","M","R","B",null,"M","M","?","$","M","R","M","M","T","R","M","?","$"],"character_chosen":"IRONCLAD","items_purchased":["Cleave","Apotheosis","Strawberry"],"gold_per_floor":[109,135,37,112,125,125,145,145,171,201,201,236,246,258,258,358,358,373,388,388,52,68,68,86,105,130,130,150,150,50],"floor_reached":31,"campfire_rested":4,"playtime":1081,"current_hp_per_floor":[75,75,75,64,69,69,75,75,75,59,80,54,57,63,80,16,80,53,38,38,45,30,56,42,12,12,38,23,23,23],"items_purged":["Strike_R","Strike_R"],"gold":50,"score":296,"play_id":"137688cb-a5cf-4ffd-aad8-1a560acd103c","local_time":"20180319164342","is_prod":false,"is_daily":false,"is_ascension_mode":true,"campfire_upgraded":1,"timestamp":1521492222,"path_taken":["M","?","$","?","M","R","M","?","T","E","R","E","M","M","R","BOSS","M","M","?","?","M","R","M","M","T","R","M","?","$","M"],"build_version":"2018-03-15v3","purchased_purges":2,"victory":false,"master_deck":["Strike_R","Strike_R+1","Defend_R","Defend_R+1","Defend_R","Defend_R+1","Bash+1","Searing Blow+1","Cleave","Flex","Double Tap","Demon Form","Armaments","Apotheosis","Decay"],"max_hp_per_floor":[80,80,80,80,80,80,80,80,80,80,80,80,80,80,80,80,80,80,80,80,87,87,87,87,87,87,87,87,87,87],"relics":["Burning Blood","War Paint","Whetstone","Lantern","Bag of Marbles","Snecko Eye","Strawberry","Prayer Wheel"],"card_choices":[{"not_picked":["Clash","Metallicize"],"picked":"Searing Blow"},{"not_picked":["Shrug It Off","Heavy Blade"],"picked":"Flex"},{"not_picked":["Feel No Pain","Pummel"],"picked":"Double Tap"},{"not_picked":["Dark Embrace","Limit Break"],"picked":"Demon Form"},{"not_picked":["Corruption","Bloodletting"],"picked":"Armaments"}],"player_experience":211984,"potions_floor_usage":[25],"damage_taken":[{"damage":11,"enemies":"Cultist","floor":1,"turns":4},{"damage":1,"enemies":"2 Louse","floor":5,"turns":3},{"damage":0,"enemies":"Small Slimes","floor":7,"turns":3},{"damage":22,"enemies":"3 Sentries","floor":10,"turns":8},{"damage":32,"enemies":"Gremlin Nob","floor":12,"turns":4},{"damage":3,"enemies":"Looter","floor":13,"turns":2},{"damage":0,"enemies":"Large Slime","floor":14,"turns":5},{"damage":70,"enemies":"Hexaghost","floor":16,"turns":9},{"damage":33,"enemies":"3 Byrds","floor":18,"turns":6},{"damage":21,"enemies":"Chosen","floor":19,"turns":4},{"damage":21,"enemies":"Snecko","floor":22,"turns":5},{"damage":20,"enemies":"Snake Plant","floor":24,"turns":4},{"damage":36,"enemies":"Sentry and Sphere","floor":25,"turns":6},{"damage":21,"enemies":"Cultist and Chosen","floor":28,"turns":4},{"damage":29,"enemies":"Snake Plant","floor":31,"turns":2}],"event_choices":[{"event_name":"World of Goop","player_choice":"Gather Gold","floor":4,"damage_taken":0},{"event_name":"Liars Game","player_choice":"disagreed","floor":8,"damage_taken":0},{"event_name":"Drug Dealer","player_choice":"Ignored","floor":20,"damage_taken":0},{"event_name":"Forgotten Altar","player_choice":"Smashed Altar","floor":29,"damage_taken":0}],"boss_relics":[{"not_picked":["Lizard Tail","Runic Cube"],"picked":"Snecko Eye"}],"potions_floor_spawned":[1,5,7,18,25,28],"seed_played":"7813019384597634287","killed_by":"Snake Plant","ascension_level":4,"is_trial":false}