{"path_per_floor":["M","M","?","M","M","R","?","M","T","M","M","M","$","?","R"],"character_chosen":"IRONCLAD","items_purchased":["Thinking Ahead","Good Instincts","Searing Blow"],"gold_per_floor":[114,129,304,322,333,333,333,348,374,386,405,425,66,66,66],"floor_reached":16,"campfire_rested":1,"playtime":1412,"current_hp_per_floor":[69,69,69,69,57,57,80,64,64,38,38,30,30,22,46],"items_purged":[],"gold":66,"score":96,"play_id":"d030fb51-52dd-4a65-ad70-2c1a58a2db13","is_prod":false,"is_daily":false,"is_ascension_mode":false,"campfire_upgraded":1,"path_taken":["M","M","?","M","M","R","?","M","T","?","M","?","$","?","R","BOSS"],"build_version":"2018-02-12-PROD1","purchased_purges":0,"victory":false,"master_deck":["Strike_R","Strike_R","Strike_R","Strike_R+1","Strike_R","Defend_R","Bash+1","Impervious+1","Whirlwind+1","Barricade+1","Sever Soul","Dropkick","Doubt","Dual Wield","Flex+1","Thunderclap","Metallicize","Rage","Flame Barrier","Thinking Ahead","Good Instincts","Searing Blow"],"max_hp_per_floor":[80,80,80,80,80,80,80,80,80,80,80,80,80,80,80],"relics":["Astrolabe","Whetstone"],"card_choices":[{"not_picked":["Hemokinesis","Bloodletting"],"picked":"Sever Soul"},{"not_picked":["Perfected Strike","Shrug It Off"],"picked":"Dropkick"},{"not_picked":["Shrug It Off","Warcry"],"picked":"Dual Wield"},{"not_picked":["Hemokinesis","Disarm"],"picked":"Flex"},{"not_picked":["Clothesline","Clash"],"picked":"Thunderclap"},{"not_picked":["Iron Wave","Offering"],"picked":"Metallicize"},{"not_picked":["Shrug It Off","Sever Soul"],"picked":"Rage"},{"not_picked":["Bloodletting","Armaments"],"picked":"Flame Barrier"}],"player_experience":2782,"potions_floor_usage":[],"damage_taken":[{"damage":11,"enemies":"Jaw Worm","floor":1,"turns":2},{"damage":0,"enemies":"Cultist","floor":2,"turns":4},{"damage":0,"enemies":"Small Slimes","floor":4,"turns":2},{"damage":12,"enemies":"Exordium Wildlife","floor":5,"turns":3},{"damage":16,"enemies":"Large Slime","floor":8,"turns":6},{"damage":26,"enemies":"Exordium Thugs","floor":10,"turns":4},{"damage":0,"enemies":"Gremlin Gang","floor":11,"turns":1},{"damage":8,"enemies":"Large Slime","floor":12,"turns":7},{"damage":52,"enemies":"Hexaghost","floor":16,"turns":15}],"event_choices":[{"event_name":"Liars Game","player_choice":"agreed","floor":3,"damage_taken":0},{"event_name":"Big Fish","player_choice":"Banana","floor":7,"damage_taken":0},{"event_name":"Wheel of Change","player_choice":"Damage","floor":14,"damage_taken":0}],"boss_relics":[],"potions_floor_spawned":[1,5,11,12],"seed_played":"6389385763860585248","killed_by":"Hexaghost","ascension_level":0,"is_trial":false}