{"gold_per_floor":[117,117,77,90,103,103,130,130,156,168,207,239,269,297,309,425,437,460,492,521,533,557,596,608,630,642,147,147,98,98,115,115,219,219,233,233,333,333,352,377,389,389,415,429,429,429,126,139,139,139],"floor_reached":50,"playtime":2052,"items_purged":[],"score":654,"play_id":"fec36a7f-7281-4b5d-a98d-6875f141e2e6","local_time":"20190916145738","is_ascension_mode":false,"campfire_choices":[{"data":"Wild Strike","floor":6,"key":"SMITH"},{"data":"Perfected Strike","floor":15,"key":"SMITH"},{"floor":28,"key":"REST"},{"floor":30,"key":"REST"},{"data":"Perfected Strike","floor":32,"key":"SMITH"},{"data":"Perfected Strike","floor":42,"key":"SMITH"},{"data":"Shrug It Off","floor":46,"key":"SMITH"},{"data":"Shrug It Off","floor":49,"key":"SMITH"}],"neow_cost":"NONE","seed_source_timestamp":36950419354500,"circlet_count":0,"master_deck":["Strike_R","Strike_R","Strike_R","Strike_R+1","Strike_R","Bash","Wild Strike+1","Wild Strike","Wild Strike","Perfected Strike+1","Shrug It Off+1","Pommel Strike","Perfected Strike+1","Wild Strike+1","Pommel Strike+1","Twin Strike","Perfected Strike+1","Shrug It Off+1","Perfected Strike+1","Wild Strike+1","Perfected Strike+1"],"relics":["Burning Blood","Potion Belt","Bag of Preparation","MawBank","Anchor","Sozu","Gremlin Horn","Bird Faced Urn","Omamori","DollysMirror","PreservedInsect","Empty Cage","Nunchaku","Pen Nib","Lantern","Ancient Tea Set","Strawberry"],"potions_floor_usage":[7,7,11,12,16,16,16,25,25,25,33,33],"damage_taken":[{"damage":6,"enemies":"Cultist","floor":1,"turns":4},{"damage":5,"enemies":"Small Slimes","floor":4,"turns":4},{"damage":0,"enemies":"Jaw Worm","floor":5,"turns":3},{"damage":0,"enemies":"Lagavulin","floor":7,"turns":3},{"damage":18,"enemies":"3 Sentries","floor":11,"turns":6},{"damage":3,"enemies":"Gremlin Gang","floor":12,"turns":5},{"damage":0,"enemies":"Looter","floor":13,"turns":2},{"damage":0,"enemies":"3 Louse","floor":14,"turns":3},{"damage":83,"enemies":"The Guardian","floor":16,"turns":16},{"damage":4,"enemies":"Shell Parasite","floor":18,"turns":3},{"damage":9,"enemies":"3 Byrds","floor":19,"turns":5},{"damage":13,"enemies":"3 Cultists","floor":20,"turns":5},{"damage":27,"enemies":"Shelled Parasite and Fungi","floor":22,"turns":3},{"damage":26,"enemies":"Gremlin Leader","floor":23,"turns":3},{"damage":9,"enemies":"Snake Plant","floor":25,"turns":2},{"damage":0,"enemies":"Snecko","floor":31,"turns":3},{"damage":75,"enemies":"Champ","floor":33,"turns":10},{"damage":5,"enemies":"3 Shapes","floor":35,"turns":2},{"damage":40,"enemies":"Mind Bloom Boss Battle","floor":37,"turns":4},{"damage":0,"enemies":"3 Darklings","floor":39,"turns":2},{"damage":0,"enemies":"Reptomancer","floor":40,"turns":2},{"damage":0,"enemies":"Writhing Mass","floor":41,"turns":2},{"damage":0,"enemies":"Sphere and 2 Shapes","floor":44,"turns":1},{"damage":0,"enemies":"Spire Growth","floor":48,"turns":1},{"damage":87,"enemies":"Time Eater","floor":50,"turns":6}],"seed_played":"-2191418780030123708","potions_obtained":[{"floor":3,"key":"SmokeBomb"},{"floor":3,"key":"FairyPotion"},{"floor":3,"key":"AttackPotion"},{"floor":4,"key":"Fire Potion"},{"floor":7,"key":"Swift Potion"},{"floor":10,"key":"EntropicBrew"},{"floor":10,"key":"Fire Potion"},{"floor":10,"key":"SkillPotion"},{"floor":12,"key":"Dexterity Potion"}],"is_trial":false,"path_per_floor":["M","?","?","M","M","R","E","$","T","?","E","M","M","M","R","B",null,"M","M","M","?","M","E","?","M","T","$","R","$","R","M","R","B",null,"M","?","?","?","M","E","M","R","T","M","?","R","$","M","R","B"],"character_chosen":"IRONCLAD","items_purchased":["Omamori","DollysMirror","PreservedInsect","Shrug It Off","Ancient Tea Set","Strawberry"],"campfire_rested":2,"item_purchase_floors":[27,27,27,29,47,47],"current_hp_per_floor":[80,64,64,65,71,71,77,77,77,77,65,68,74,80,80,14,80,80,77,70,55,34,14,42,39,39,39,64,64,85,85,85,16,85,85,81,47,47,53,59,65,65,65,71,71,71,78,84,84,0],"gold":139,"neow_bonus":"RANDOM_COMMON_RELIC","is_prod":false,"is_daily":false,"chose_seed":false,"campfire_upgraded":6,"win_rate":0,"timestamp":1568660258,"path_taken":["M","?","?","?","M","R","E","?","T","?","E","M","M","M","R","BOSS","M","M","?","?","M","E","?","M","T","?","R","$","R","M","R","BOSS","M","?","?","?","?","E","M","R","T","M","?","R","$","?","R","BOSS"],"build_version":"2019-07-17","purchased_purges":0,"victory":false,"max_hp_per_floor":[80,80,80,80,80,80,80,80,80,80,80,80,80,80,80,80,80,80,80,80,85,85,85,85,85,85,85,85,85,85,85,85,85,85,85,81,81,81,81,81,81,81,81,81,81,81,88,88,88,88],"card_choices":[{"not_picked":["Havoc","Feel No Pain"],"picked":"Wild Strike","floor":1},{"not_picked":["Shrug It Off","Flame Barrier"],"picked":"Wild Strike","floor":4},{"not_picked":["Cleave","Juggernaut"],"picked":"Wild Strike","floor":5},{"not_picked":["Rage","Flex","Whirlwind"],"picked":"SKIP","floor":7},{"not_picked":["Clash","Whirlwind","Inflame"],"picked":"SKIP","floor":11},{"not_picked":["Havoc","Clothesline"],"picked":"Perfected Strike","floor":12},{"not_picked":["Havoc","True Grit","Fire Breathing"],"picked":"SKIP","floor":13},{"not_picked":["Iron Wave","Combust"],"picked":"Shrug It Off","floor":14},{"not_picked":["Shockwave","Armaments"],"picked":"Pommel Strike","floor":18},{"not_picked":["Shockwave+1","Headbutt"],"picked":"Perfected Strike","floor":19},{"not_picked":["Dropkick","Heavy Blade"],"picked":"Wild Strike+1","floor":20},{"not_picked":["Twin Strike","Wild Strike"],"picked":"Pommel Strike+1","floor":22},{"not_picked":["Sword Boomerang+1","Clothesline","Thunderclap"],"picked":"SKIP","floor":23},{"not_picked":["Body Slam","Disarm"],"picked":"Twin Strike","floor":25},{"not_picked":["Burning Pact","Berserk"],"picked":"Perfected Strike","floor":31},{"not_picked":["Armaments","Pummel"],"picked":"Wild Strike+1","floor":35},{"not_picked":["Heavy Blade+1","Combust"],"picked":"Perfected Strike+1","floor":37},{"not_picked":["Body Slam+1","Carnage","Bloodletting+1"],"picked":"SKIP","floor":39},{"not_picked":["Flex+1","Iron Wave","Headbutt"],"picked":"SKIP","floor":40},{"not_picked":["Evolve","Sword Boomerang","Blood for Blood"],"picked":"SKIP","floor":41},{"not_picked":["Seeing Red","Body Slam+1","Headbutt"],"picked":"SKIP","floor":44},{"not_picked":["Clash","Anger+1","Exhume"],"picked":"SKIP","floor":48}],"player_experience":535450,"relics_obtained":[{"floor":7,"key":"Bag of Preparation"},{"floor":9,"key":"MawBank"},{"floor":11,"key":"Anchor"},{"floor":23,"key":"Gremlin Horn"},{"floor":26,"key":"Bird Faced Urn"},{"floor":37,"key":"Nunchaku"},{"floor":40,"key":"Pen Nib"},{"floor":43,"key":"Lantern"}],"event_choices":[{"damage_healed":0,"gold_gain":0,"player_choice":"Entered Light","damage_taken":16,"max_hp_gain":0,"max_hp_loss":0,"event_name":"Shining Light","floor":2,"gold_loss":0,"cards_upgraded":["Strike_R","Defend_R"]},{"damage_healed":0,"gold_gain":0,"player_choice":"Bought 3 Potions","damage_taken":0,"max_hp_gain":0,"max_hp_loss":0,"event_name":"The Woman in Blue","floor":3,"gold_loss":0},{"damage_healed":0,"gold_gain":0,"player_choice":"Got Potions","damage_taken":0,"max_hp_gain":0,"max_hp_loss":0,"event_name":"Lab","floor":10,"gold_loss":0},{"damage_healed":0,"gold_gain":0,"player_choice":"Shed Blood","damage_taken":20,"max_hp_gain":5,"max_hp_loss":0,"event_name":"Forgotten Altar","floor":21,"gold_loss":0},{"damage_healed":28,"gold_gain":0,"player_choice":"Heal","damage_taken":0,"max_hp_gain":0,"max_hp_loss":0,"event_name":"The Library","floor":24,"gold_loss":0},{"damage_healed":0,"gold_gain":0,"player_choice":"Max HP","damage_taken":0,"max_hp_gain":0,"max_hp_loss":4,"event_name":"Winding Halls","floor":36,"gold_loss":0},{"damage_healed":0,"gold_gain":0,"player_choice":"Fight","damage_taken":0,"max_hp_gain":0,"max_hp_loss":0,"event_name":"MindBloom","floor":37,"gold_loss":0},{"cards_removed":["Defend_R"],"damage_healed":0,"gold_gain":0,"player_choice":"Removed Skill","damage_taken":0,"max_hp_gain":0,"max_hp_loss":0,"event_name":"Falling","floor":38,"gold_loss":0},{"cards_removed":["Defend_R"],"damage_healed":0,"gold_gain":0,"player_choice":"Offered Basic","damage_taken":0,"max_hp_gain":0,"max_hp_loss":0,"event_name":"Bonfire Elementals","floor":45,"gold_loss":0}],"is_beta":false,"boss_relics":[{"not_picked":["Runic Dome","Ectoplasm"],"picked":"Sozu"},{"not_picked":["Lizard Tail","Fusion Hammer"],"picked":"Empty Cage"}],"items_purged_floors":[],"is_endless":false,"potions_floor_spawned":[4,7,12,16,18,23,33,35,37,41],"killed_by":"Time Eater","ascension_level":0}