{"path_per_floor":["M","?","?","$","M","R","$","E","T","R","?","M","E","M","R","B",null,"M","?","$","?","?","E","R","E","T"],"character_chosen":"IRONCLAD","items_purchased":["Ancient Tea Set","Evolve","Block Potion","Blood Vial"],"gold_per_floor":[114,114,364,16,34,34,34,69,69,69,69,87,122,134,134,239,239,250,250,1,1,1,29,29,57,57,57],"floor_reached":27,"campfire_rested":0,"playtime":2140,"current_hp_per_floor":[78,71,71,71,77,77,77,72,72,72,72,72,78,81,81,47,77,67,67,67,67,67,50,50,26,26,0],"items_purged":["Regret","Injury"],"gold":57,"score":364,"play_id":"383cdc70-63ac-4ae5-acec-03a0b85155a7","local_time":"20180414105733","is_prod":false,"is_daily":false,"chose_seed":false,"is_ascension_mode":true,"campfire_upgraded":4,"timestamp":1523728653,"path_taken":["M","?","?","$","M","R","?","E","T","R","?","M","E","M","R","BOSS","M","?","$","?","?","E","R","E","T","E"],"build_version":"2018-04-12","seed_source_timestamp":927024689473854,"purchased_purges":2,"victory":false,"master_deck":["Strike_R+1","Strike_R","Strike_R","Strike_R","Strike_R","Defend_R","Defend_R","Defend_R","Bash+1","Clash+1","Evolve","Rage+1","Spot Weakness+1","Anger+1","Feel No Pain+1","Second Wind","Reaper+1","Clash","Blood for Blood","Feel No Pain","Anger+1"],"max_hp_per_floor":[80,80,80,80,80,80,80,87,87,87,87,87,87,87,87,87,87,87,87,87,87,87,87,87,87,87,87],"relics":["Burning Blood","Ancient Tea Set","Strawberry","Unceasing Top","Dodecahedron","Runic Dome","Blood Vial","Whetstone","Molten Egg 2","Regal Pillow"],"card_choices":[{"not_picked":["Uppercut","True Grit"],"picked":"Clash","floor":1},{"not_picked":["Warcry","Iron Wave"],"picked":"Rage","floor":5},{"not_picked":["Impervious","True Grit"],"picked":"Spot Weakness","floor":8},{"not_picked":["Shockwave","Warcry"],"picked":"Anger","floor":12},{"not_picked":["Heavy Blade","Cleave"],"picked":"Feel No Pain","floor":13},{"not_picked":["Armaments","Cleave"],"picked":"Second Wind","floor":14},{"not_picked":["Demon Form","Bludgeon"],"picked":"Reaper","floor":16},{"not_picked":["Reckless Charge","Warcry"],"picked":"Clash","floor":18},{"not_picked":["Entrench","Pommel Strike"],"picked":"Feel No Pain","floor":23},{"not_picked":["Clothesline","Burning Pact"],"picked":"Anger","floor":25}],"player_experience":270532,"potions_floor_usage":[8,13,16,23,27],"damage_taken":[{"damage":0,"enemies":"2 Louse","floor":1,"turns":3},{"damage":0,"enemies":"Small Slimes","floor":5,"turns":2},{"damage":18,"enemies":"Lagavulin","floor":8,"turns":7},{"damage":6,"enemies":"Cultist","floor":12,"turns":3},{"damage":0,"enemies":"Gremlin Nob","floor":13,"turns":3},{"damage":3,"enemies":"Blue Slaver","floor":14,"turns":3},{"damage":40,"enemies":"Hexaghost","floor":16,"turns":6},{"damage":28,"enemies":"2 Thieves","floor":18,"turns":4},{"damage":37,"enemies":"Slavers","floor":23,"turns":5},{"damage":41,"enemies":"Book of Stabbing","floor":25,"turns":5},{"damage":34,"enemies":"Slavers","floor":27,"turns":1}],"event_choices":[{"event_name":"Golden Wing","player_choice":"Card Removal","floor":2,"damage_taken":0},{"event_name":"Golden Shrine","player_choice":"Desecrate","floor":3,"damage_taken":0},{"event_name":"Accursed Blacksmith","player_choice":"Forge","floor":11,"damage_taken":0},{"event_name":"Drug Dealer","player_choice":"Ignored","floor":19,"damage_taken":0},{"event_name":"Addict","player_choice":"Ignored","floor":21,"damage_taken":0},{"event_name":"Match and Keep!","player_choice":"1 cards matched","floor":22,"damage_taken":0},{"event_name":"Match and Keep!","player_choice":"1 cards matched","floor":22,"damage_taken":0}],"boss_relics":[{"not_picked":["Ectoplasm","Lizard Tail"],"picked":"Runic Dome"}],"potions_floor_spawned":[12,14,18,23],"seed_played":"387316787157471549","killed_by":"Slavers","ascension_level":6,"is_trial":false}