{"gold_per_floor":[109,13,23,23,37,37,95,95,95,95,114,144,144,189,189,286,286,296,296,5,16,27,27,43,43,43,58,75,75,75,75,75,179,179,198,214,114,214,214,241,241,43,121,132,0,26,41,41],"floor_reached":48,"playtime":3765,"items_purged":["Bash","Strike_R"],"score":563,"play_id":"fc1cf222-2d34-4688-b2eb-69cdf9d37036","local_time":"20190912015915","is_ascension_mode":false,"campfire_choices":[{"data":"Flex","floor":6,"key":"SMITH"},{"data":"Anger","floor":8,"key":"SMITH"},{"data":"Infernal Blade","floor":13,"key":"SMITH"},{"data":"Pommel Strike","floor":15,"key":"SMITH"},{"data":"Armaments","floor":23,"key":"SMITH"},{"floor":25,"key":"REST"},{"data":"Flex","floor":29,"key":"SMITH"},{"data":"Brutality","floor":32,"key":"SMITH"},{"floor":41,"key":"REST"}],"neow_cost":"NONE","seed_source_timestamp":106824676555600,"circlet_count":0,"master_deck":["Strike_R","Strike_R","Strike_R","Defend_R","Defend_R","Defend_R","Defend_R","Flex+1","Anger+1","Twin Strike","Sword Boomerang","Anger","Infernal Blade+1","Pommel Strike+1","Flex+1","Armaments+1","Violence","Body Slam+1","Anger","Uppercut+1","Brutality+1","Double Tap","Perfected Strike+1","Anger","Perfected Strike+1","Good Instincts","Heavy Blade+1","Iron Wave+1","Sword Boomerang+1","Heavy Blade+1"],"relics":["Burning Blood","PreservedInsect","Pear","Incense Burner","Mercury Hourglass","Smiling Mask","Lizard Tail","Bottled Lightning","Black Star","Du-Vu Doll","Bird Faced Urn","Orichalcum","Membership Card","Shuriken","Red Mask","Gambling Chip","Vajra"],"potions_floor_usage":[7,24,28,33,44,46,46],"damage_taken":[{"damage":5,"enemies":"Cultist","floor":1,"turns":4},{"damage":6,"enemies":"Jaw Worm","floor":3,"turns":2},{"damage":5,"enemies":"Small Slimes","floor":5,"turns":3},{"damage":18,"enemies":"Lagavulin Event","floor":7,"turns":3},{"damage":5,"enemies":"Looter","floor":11,"turns":3},{"damage":0,"enemies":"Lagavulin","floor":12,"turns":2},{"damage":55,"enemies":"Hexaghost","floor":16,"turns":9},{"damage":20,"enemies":"2 Thieves","floor":18,"turns":3},{"damage":0,"enemies":"Chosen","floor":21,"turns":3},{"damage":22,"enemies":"Snecko","floor":22,"turns":5},{"damage":32,"enemies":"Cultist and Chosen","floor":24,"turns":5},{"damage":16,"enemies":"3 Cultists","floor":27,"turns":5},{"damage":37,"enemies":"Snecko","floor":28,"turns":5},{"damage":52,"enemies":"Collector","floor":33,"turns":10},{"damage":15,"enemies":"Orb Walker","floor":35,"turns":3},{"damage":10,"enemies":"3 Shapes","floor":36,"turns":3},{"damage":40,"enemies":"Mind Bloom Boss Battle","floor":38,"turns":7},{"damage":61,"enemies":"Giant Head","floor":40,"turns":7},{"damage":33,"enemies":"Jaw Worm Horde","floor":44,"turns":3},{"damage":44,"enemies":"Reptomancer","floor":46,"turns":6},{"damage":5,"enemies":"4 Shapes","floor":47,"turns":4},{"damage":30,"enemies":"Writhing Mass","floor":48,"turns":3}],"seed_played":"3862203995366877331","potions_obtained":[{"floor":1,"key":"SkillPotion"},{"floor":7,"key":"BloodPotion"},{"floor":16,"key":"PowerPotion"},{"floor":22,"key":"SpeedPotion"},{"floor":27,"key":"Regen Potion"},{"floor":33,"key":"Explosive Potion"},{"floor":40,"key":"AttackPotion"},{"floor":47,"key":"Explosive Potion"}],"is_trial":false,"path_per_floor":["M","$","M","?","M","R","?","R","T","?","M","E","R","T","R","B",null,"M","?","$","M","M","R","M","R","T","M","M","R","$","?","R","B",null,"M","M","$","?","?","E","R","$","T","M","?","E","M","M"],"character_chosen":"IRONCLAD","items_purchased":["Flex","Anger","Armaments","Violence","Anger","Membership Card"],"campfire_rested":2,"item_purchase_floors":[2,2,20,20,37,42],"current_hp_per_floor":[88,88,88,85,86,86,84,84,84,77,78,84,84,84,84,35,98,84,84,84,90,74,74,48,77,77,67,60,60,60,108,108,71,108,99,95,95,61,61,60,92,92,92,65,65,27,28,0],"gold":41,"neow_bonus":"TEN_PERCENT_HP_BONUS","is_prod":false,"is_daily":false,"chose_seed":false,"campfire_upgraded":7,"win_rate":0.0,"timestamp":1568246355,"path_taken":["M","?","M","?","M","R","?","R","T","?","M","E","R","?","R","BOSS","M","?","$","M","?","R","M","R","T","M","M","R","?","?","R","BOSS","M","?","$","?","?","E","R","?","T","M","?","E","M","M"],"build_version":"2019-07-17","purchased_purges":2,"victory":false,"max_hp_per_floor":[88,88,88,88,88,88,98,98,98,98,98,98,98,98,98,98,98,98,98,98,98,98,98,98,98,98,98,98,98,98,108,108,108,108,108,108,108,108,108,108,108,108,108,108,108,108,108,108],"card_choices":[{"not_picked":["Burning Pact","Power Through","Clothesline"],"picked":"SKIP","floor":1},{"not_picked":["Clothesline","Shrug It Off"],"picked":"Twin Strike","floor":3},{"not_picked":["Twin Strike","Warcry"],"picked":"Sword Boomerang","floor":5},{"not_picked":["Shrug It Off","True Grit"],"picked":"Anger","floor":7},{"not_picked":["Iron Wave","Dual Wield"],"picked":"Infernal Blade","floor":11},{"not_picked":["Entrench","Rupture"],"picked":"Pommel Strike","floor":12},{"not_picked":["Offering","Fiend Fire"],"picked":"Demon Form","floor":16},{"not_picked":["Armaments","Headbutt"],"picked":"Flex","floor":18},{"not_picked":["Perfected Strike","Sever Soul+1"],"picked":"Body Slam+1","floor":21},{"not_picked":["True Grit","Blood for Blood"],"picked":"Anger","floor":22},{"not_picked":["Headbutt","Clothesline+1"],"picked":"Uppercut+1","floor":24},{"not_picked":["Clothesline","Entrench"],"picked":"Brutality","floor":27},{"not_picked":["Spot Weakness","Entrench","Ghostly Armor"],"picked":"SKIP","floor":28},{"not_picked":["Spot Weakness","Entrench","Ghostly Armor"],"picked":"SKIP","floor":28},{"not_picked":["Limit Break","Fiend Fire"],"picked":"Double Tap","floor":33},{"not_picked":["Thunderclap","Battle Trance+1"],"picked":"Perfected Strike+1","floor":35},{"not_picked":["Twin Strike","Warcry","Intimidate"],"picked":"SKIP","floor":36},{"not_picked":["Warcry","Thunderclap"],"picked":"Perfected Strike+1","floor":38},{"not_picked":["Transmutation","Purity"],"picked":"Good Instincts","floor":39},{"not_picked":["Thunderclap","Body Slam"],"picked":"Heavy Blade+1","floor":40},{"not_picked":["Anger","Twin Strike+1"],"picked":"Iron Wave+1","floor":44},{"not_picked":["True Grit","Brutality"],"picked":"Sword Boomerang+1","floor":46},{"not_picked":["Cleave","Flame Barrier+1"],"picked":"Heavy Blade+1","floor":47}],"player_experience":53577,"relics_obtained":[{"floor":7,"key":"Pear"},{"floor":9,"key":"Incense Burner"},{"floor":12,"key":"Mercury Hourglass"},{"floor":14,"key":"Smiling Mask"},{"floor":26,"key":"Bottled Lightning"},{"floor":38,"key":"Du-Vu Doll"},{"floor":40,"key":"Bird Faced Urn"},{"floor":40,"key":"Orichalcum"},{"floor":43,"key":"Shuriken"},{"floor":46,"key":"Gambling Chip"},{"floor":46,"key":"Vajra"}],"event_choices":[{"damage_healed":0,"gold_gain":0,"player_choice":"Success","damage_taken":3,"relics_obtained":["PreservedInsect"],"max_hp_gain":0,"max_hp_loss":0,"event_name":"Scrap Ooze","floor":4,"gold_loss":0},{"damage_healed":0,"gold_gain":0,"player_choice":"Searched \u00272\u0027 times","damage_taken":0,"max_hp_gain":0,"max_hp_loss":0,"event_name":"Dead Adventurer","floor":7,"gold_loss":0},{"cards_removed":["Strike_R"],"damage_healed":0,"gold_gain":0,"player_choice":"Card Removal","damage_taken":7,"max_hp_gain":0,"max_hp_loss":0,"event_name":"Golden Wing","floor":10,"gold_loss":0},{"damage_healed":0,"gold_gain":0,"player_choice":"Ignored","damage_taken":0,"max_hp_gain":0,"max_hp_loss":0,"event_name":"N\u0027loth","floor":19,"gold_loss":0},{"cards_removed":["Demon Form"],"damage_healed":38,"gold_gain":0,"player_choice":"Offered Rare","damage_taken":0,"max_hp_gain":10,"max_hp_loss":0,"event_name":"Bonfire Elementals","floor":31,"gold_loss":0},{"damage_healed":0,"gold_gain":0,"player_choice":"Fight","damage_taken":0,"max_hp_gain":0,"max_hp_loss":0,"event_name":"MindBloom","floor":38,"gold_loss":0},{"damage_healed":0,"gold_gain":0,"player_choice":"Memory 1","damage_taken":0,"max_hp_gain":0,"max_hp_loss":0,"event_name":"SensoryStone","floor":39,"gold_loss":0},{"damage_healed":0,"gold_gain":0,"player_choice":"Paid","damage_taken":0,"relics_obtained":["Red Mask"],"max_hp_gain":0,"max_hp_loss":0,"event_name":"Tomb of Lord Red Mask","floor":45,"gold_loss":132}],"is_beta":false,"boss_relics":[{"not_picked":["White Beast Statue","Snecko Eye"],"picked":"Lizard Tail"},{"not_picked":["Sozu","Runic Cube"],"picked":"Black Star"}],"items_purged_floors":[20,37],"is_endless":false,"potions_floor_spawned":[1,7,16,22,27,33,40,47],"killed_by":"Writhing Mass","ascension_level":0}