{"gold_per_floor":[362,379,379,96,111,111,140,151,176,176,29,29,42,42,42,147,147,147,147,147,2,2,2],"floor_reached":23,"playtime":911,"items_purged":[],"score":309,"play_id":"f823d905-e143-4d76-961d-8b307897ec08","local_time":"20190102041037","is_ascension_mode":true,"campfire_choices":[{"data":"Defragment","floor":10,"key":"SMITH"},{"data":"Static Discharge","floor":12,"key":"SMITH"},{"data":"Dualcast","floor":15,"key":"SMITH"}],"neow_cost":"TEN_PERCENT_HP_LOSS","seed_source_timestamp":1073842747655018,"circlet_count":0,"master_deck":["AscendersBane","Strike_B","Strike_B","Strike_B","Strike_B","Defend_B","Defend_B","Defend_B","Defend_B","Zap","Dualcast+1","Static Discharge+1","Defragment+1","Leap","Auto Shields","BootSequence","Multi-Cast+1","Force Field+1","Hologram+1","Stack+1","Electrodynamics+1","White Noise+1"],"relics":["Cracked Core","Frozen Egg 2","Bag of Preparation","Centennial Puzzle","Ancient Tea Set","DataDisk","Toxic Egg 2","Ectoplasm"],"potions_floor_usage":[7,16,19],"damage_taken":[{"damage":7,"enemies":"Small Slimes","floor":1,"turns":3},{"damage":1,"enemies":"Cultist","floor":2,"turns":3},{"damage":2,"enemies":"Jaw Worm","floor":5,"turns":3},{"damage":25,"enemies":"Gremlin Nob","floor":7,"turns":4},{"damage":2,"enemies":"Blue Slaver","floor":8,"turns":4},{"damage":7,"enemies":"Large Slime","floor":13,"turns":5},{"damage":13,"enemies":"Slime Boss","floor":16,"turns":9},{"damage":9,"enemies":"Shell Parasite","floor":18,"turns":4},{"damage":6,"enemies":"3 Byrds","floor":19,"turns":4},{"damage":32,"enemies":"Centurion and Healer","floor":20,"turns":7},{"damage":0,"enemies":"Sentry and Sphere","floor":22,"turns":3},{"damage":7,"enemies":"Book of Stabbing","floor":23,"turns":2}],"seed_played":"-1981297355661558685","potions_obtained":[{"floor":1,"key":"AttackPotion"},{"floor":2,"key":"SteroidPotion"},{"floor":7,"key":"Block Potion"},{"floor":13,"key":"GamblersBrew"},{"floor":22,"key":"Strength Potion"}],"is_trial":false,"path_per_floor":["M","M","?","$","M","?","E","M","T","R","$","R","M","T","R","B",null,"M","M","M","$","M","E"],"character_chosen":"DEFECT","items_purchased":["Defragment","Frozen Egg 2","DataDisk","Electrodynamics+1"],"campfire_rested":0,"item_purchase_floors":[4,4,11,21],"current_hp_per_floor":[61,60,60,60,58,58,33,31,31,31,31,31,24,24,24,11,54,45,39,7,7,7,0],"gold":2,"neow_bonus":"TWO_FIFTY_GOLD","is_prod":false,"is_daily":false,"chose_seed":false,"campfire_upgraded":3,"win_rate":0,"timestamp":1546398637,"path_taken":["M","M","?","$","M","?","E","?","T","R","$","R","M","?","R","BOSS","M","M","M","$","M","E"],"build_version":"2018-12-20","purchased_purges":0,"victory":false,"max_hp_per_floor":[68,68,68,68,68,68,68,68,68,68,68,68,68,68,68,68,68,68,68,68,68,68,68],"card_choices":[{"not_picked":["Fusion","Compile Driver"],"picked":"Static Discharge","floor":1},{"not_picked":["Beam Cell","Rebound","Coolheaded"],"picked":"SKIP","floor":2},{"not_picked":["Cold Snap","Lockon"],"picked":"Leap","floor":5},{"not_picked":["Force Field","Go for the Eyes"],"picked":"Auto Shields","floor":7},{"not_picked":["Stack","Steam"],"picked":"BootSequence","floor":8},{"not_picked":["Compile Driver","Turbo","Gash"],"picked":"SKIP","floor":13},{"not_picked":["Hyperbeam","Meteor Strike"],"picked":"Multi-Cast+1","floor":16},{"not_picked":["Steam+1","Barrage"],"picked":"Force Field+1","floor":18},{"not_picked":["Ball Lightning","Barrage+1"],"picked":"Hologram+1","floor":19},{"not_picked":["Go for the Eyes","Darkness+1"],"picked":"Stack+1","floor":20},{"not_picked":["Rebound+1","Beam Cell"],"picked":"White Noise+1","floor":22}],"player_experience":384670,"relics_obtained":[{"floor":7,"key":"Centennial Puzzle"},{"floor":9,"key":"Ancient Tea Set"},{"floor":14,"key":"Toxic Egg 2"}],"event_choices":[{"damage_healed":0,"gold_gain":0,"player_choice":"Fled","damage_taken":0,"max_hp_gain":0,"max_hp_loss":0,"event_name":"Scrap Ooze","floor":3,"gold_loss":0},{"damage_healed":0,"gold_gain":0,"player_choice":"Gave Potion","damage_taken":0,"relics_obtained":["Bag of Preparation"],"max_hp_gain":0,"max_hp_loss":0,"event_name":"WeMeetAgain","floor":6,"gold_loss":0}],"is_beta":false,"boss_relics":[{"not_picked":["Busted Crown","Coffee Dripper"],"picked":"Ectoplasm"}],"items_purged_floors":[],"is_endless":false,"potions_floor_spawned":[1,2,7,13,22],"killed_by":"Book of Stabbing","ascension_level":12}