{"gold_per_floor":[114,126,76,76,128,128,164,339,339,25,60,60,78,102,102,198,198,211,211,136,136,160,160,160],"floor_reached":24,"playtime":2636,"items_purged":["Doubt"],"score":358,"play_id":"e7b8035f-0e70-4358-b9c4-0e0768262e4b","local_time":"20190806173859","is_ascension_mode":true,"campfire_choices":[{"data":"Zap","floor":6.0,"key":"SMITH"},{"data":"Dualcast","floor":12.0,"key":"SMITH"},{"data":"Fusion","floor":15.0,"key":"SMITH"},{"data":"Loop","floor":23,"key":"SMITH"}],"neow_cost":"NONE","seed_source_timestamp":1776310370891375,"circlet_count":0,"master_deck":["AscendersBane","Defend_B","Defend_B","Defend_B","Defend_B","Zap+1","Dualcast+1","Machine Learning","Ball Lightning","Coolheaded","Injury","Conserve Battery","Seek","Ball Lightning","Glacier","Fusion+1","Loop+1","All For One","Static Discharge","Bite","Bite","Bite","Bite","Bite","Shame","Conserve Battery"],"special_seed":0,"relics":["Cracked Core","Golden Idol","Dream Catcher","Darkstone Periapt","Bag of Marbles","OrangePellets","Bag of Preparation","Velvet Choker","Kunai"],"potions_floor_usage":[16,16],"damage_taken":[{"damage":0.0,"enemies":"Cultist","floor":1.0,"turns":3.0},{"damage":1.0,"enemies":"2 Louse","floor":2.0,"turns":2.0},{"damage":12.0,"enemies":"Lagavulin","floor":7.0,"turns":8.0},{"damage":29.0,"enemies":"Gremlin Nob","floor":11.0,"turns":4.0},{"damage":2.0,"enemies":"Jaw Worm","floor":13.0,"turns":2.0},{"damage":2.0,"enemies":"Large Slime","floor":14.0,"turns":6.0},{"damage":3,"enemies":"The Guardian","floor":16,"turns":10},{"damage":9,"enemies":"Shell Parasite","floor":18,"turns":5},{"damage":26,"enemies":"2 Thieves","floor":22,"turns":3},{"damage":69,"enemies":"Gremlin Leader","floor":24,"turns":7}],"seed_played":"-7382168706072281327","potions_obtained":[{"floor":2.0,"key":"PowerPotion"},{"floor":7.0,"key":"GamblersBrew"},{"floor":13.0,"key":"SteroidPotion"},{"floor":14.0,"key":"SneckoOil"}],"is_trial":false,"path_per_floor":["M","M","?","?","T","R","E","?","T","$","E","R","M","M","R","B",null,"M","?","$","?","M","R","E"],"character_chosen":"DEFECT","items_purchased":["OrangePellets","Seek","Ball Lightning"],"campfire_rested":0,"item_purchase_floors":[10,10,10],"current_hp_per_floor":[68,67,67,67,67,67,55,61,61,61,32,32,30,28,28,25,67,58,56,56,62,40,40,0],"gold":160,"neow_bonus":"ONE_RANDOM_RARE_CARD","is_prod":false,"is_daily":false,"chose_seed":false,"campfire_upgraded":4,"win_rate":0,"timestamp":1565138339,"path_taken":["M","M","?","?","?","R","E","?","T","$","E","R","M","M","R","BOSS","M","?","$","?","M","R","E"],"build_version":"2019-07-17","purchased_purges":1,"victory":false,"max_hp_per_floor":[75,75,75,75,75,75,75,81,81,81,81,81,81,81,81,81,81,81,56,56,62,62,62,62],"card_choices":[{"not_picked":["Turbo","Loop"],"picked":"Ball Lightning","floor":1.0},{"not_picked":["Conserve Battery","Beam Cell"],"picked":"Coolheaded","floor":2.0},{"not_picked":["Turbo","Rebound"],"picked":"Conserve Battery","floor":7.0},{"not_picked":["Hologram","Steam"],"picked":"Glacier","floor":11.0},{"not_picked":["Double Energy","Redo"],"picked":"Fusion","floor":13.0},{"not_picked":["Conserve Battery","Fusion"],"picked":"Loop","floor":14.0},{"not_picked":["Machine Learning","Rainbow"],"picked":"All For One","floor":16},{"not_picked":["Go for the Eyes","Beam Cell"],"picked":"Static Discharge","floor":18},{"not_picked":["Streamline","Gash"],"picked":"Conserve Battery","floor":22}],"player_experience":601403,"relics_obtained":[{"floor":5.0,"key":"Dream Catcher"},{"floor":7.0,"key":"Darkstone Periapt"},{"floor":9.0,"key":"Bag of Marbles"},{"floor":11.0,"key":"Bag of Preparation"}],"event_choices":[{"cards_removed":["Strike_B"],"damage_healed":0.0,"max_hp_gain":0.0,"max_hp_loss":0.0,"gold_gain":0.0,"event_name":"The Cleric","player_choice":"Card Removal","floor":3.0,"gold_loss":50.0,"damage_taken":0.0},{"damage_healed":0.0,"max_hp_gain":0.0,"max_hp_loss":0.0,"gold_gain":0.0,"event_name":"Golden Idol","player_choice":"Take Wound","floor":4.0,"gold_loss":0.0,"damage_taken":0.0,"relics_obtained":["Golden Idol"],"cards_obtained":["Injury"]},{"damage_healed":0.0,"max_hp_gain":0.0,"max_hp_loss":0.0,"gold_gain":175.0,"event_name":"Liars Game","player_choice":"AGREE","floor":8.0,"gold_loss":0.0,"damage_taken":0.0,"cards_obtained":["Doubt"]},{"damage_healed":0,"gold_gain":0,"player_choice":"Became a vampire","damage_taken":0,"max_hp_gain":0,"max_hp_loss":25,"event_name":"Vampires","floor":19,"gold_loss":0,"cards_obtained":["Bite","Bite","Bite","Bite","Bite"]},{"damage_healed":0,"gold_gain":0,"player_choice":"Stole Relic","damage_taken":0,"relics_obtained":["Kunai"],"max_hp_gain":0,"max_hp_loss":0,"event_name":"Addict","floor":21,"gold_loss":0,"cards_obtained":["Shame"]}],"is_beta":false,"boss_relics":[{"not_picked":["Busted Crown","Orrery"],"picked":"Velvet Choker"}],"items_purged_floors":[20],"is_endless":false,"potions_floor_spawned":[2,7,13,14],"killed_by":"Gremlin Leader","ascension_level":13}