{"gold_per_floor":[110,110,128,128,143,174,174,203,284,319,336,336,364,364,364,440,440,451,464,464,484,7,7,33,50,50,50,79,93,113,146,146,223,223,233,233,252,252,21,21,54,54,54,54,72,98,4,49,49,49],"floor_reached":50,"playtime":5699,"items_purged":["Strike_B","Defend_B","Normality"],"score":1235,"play_id":"e18c2398-e075-458f-a7e4-f051fee5c47e","local_time":"20190813173858","is_ascension_mode":true,"campfire_choices":[{"data":"Zap","floor":7.0,"key":"SMITH"},{"data":"Fusion","floor":12.0,"key":"SMITH"},{"floor":15.0,"key":"REST"},{"data":"Loop","floor":23.0,"key":"SMITH"},{"data":"Dualcast","floor":27.0,"key":"SMITH"},{"floor":32.0,"key":"REST"},{"data":"Recycle","floor":40.0,"key":"SMITH"},{"data":"Barrage","floor":42.0,"key":"SMITH"},{"data":"Biased Cognition","floor":44.0,"key":"SMITH"},{"floor":49.0,"key":"RECALL"}],"neow_cost":"NONE","seed_source_timestamp":0,"circlet_count":0,"master_deck":["AscendersBane","Strike_B+1","Defend_B","Defend_B","Zap+1","Dualcast+1","Gash+1","Doom and Gloom","Auto Shields","Go for the Eyes","Hyperbeam","Fusion+1","Beam Cell","Loop+1","FTL","Biased Cognition+1","Coolheaded+1","All For One","Chill","Double Energy+1","Compile Driver","Turbo","Hologram","Meteor Strike","Rainbow","Leap+1","Creative AI","Turbo+1","Barrage+1","Recycle+1","Bandage Up","Amplify","Barrage+1","Hologram"],"special_seed":0,"relics":["Runic Pyramid","Nunchaku","Vajra","Pear","Unceasing Top","Dream Catcher","Cursed Key","Centennial Puzzle","Runic Capacitor","Ancient Tea Set","Smiling Mask","Bottled Tornado","Happy Flower","Lantern","Empty Cage","DataDisk","MawBank","Du-Vu Doll"],"potions_floor_usage":[],"damage_taken":[{"damage":4.0,"enemies":"Jaw Worm","floor":1.0,"turns":5.0},{"damage":0.0,"enemies":"Small Slimes","floor":3.0,"turns":4.0},{"damage":0.0,"enemies":"Cultist","floor":5.0,"turns":5.0},{"damage":14.0,"enemies":"Lagavulin","floor":6.0,"turns":7.0},{"damage":15.0,"enemies":"3 Sentries","floor":8.0,"turns":3.0},{"damage":4.0,"enemies":"Lagavulin","floor":10.0,"turns":5.0},{"damage":9.0,"enemies":"Exordium Thugs","floor":11.0,"turns":4.0},{"damage":0.0,"enemies":"3 Sentries","floor":13.0,"turns":2.0},{"damage":7.0,"enemies":"The Guardian","floor":16.0,"turns":8.0},{"damage":5.0,"enemies":"Shell Parasite","floor":18.0,"turns":3.0},{"damage":6.0,"enemies":"2 Thieves","floor":19.0,"turns":3.0},{"damage":8.0,"enemies":"Snake Plant","floor":21.0,"turns":3.0},{"damage":0.0,"enemies":"Gremlin Leader","floor":24.0,"turns":4.0},{"damage":0.0,"enemies":"Shelled Parasite and Fungi","floor":25.0,"turns":3.0},{"damage":7.0,"enemies":"Book of Stabbing","floor":28.0,"turns":4.0},{"damage":0.0,"enemies":"Centurion and Healer","floor":29.0,"turns":3.0},{"damage":6.0,"enemies":"Chosen and Byrds","floor":30.0,"turns":3.0},{"damage":24.0,"enemies":"Slavers","floor":31.0,"turns":4.0},{"damage":4.0,"enemies":"Collector","floor":33.0,"turns":5.0},{"damage":0.0,"enemies":"Orb Walker","floor":35.0,"turns":3.0},{"damage":26.0,"enemies":"3 Shapes","floor":37.0,"turns":3.0},{"damage":0.0,"enemies":"Reptomancer","floor":41.0,"turns":3.0},{"damage":21.0,"enemies":"3 Darklings","floor":45.0,"turns":4.0},{"damage":43.0,"enemies":"Nemesis","floor":46.0,"turns":7.0},{"damage":0.0,"enemies":"2 Orb Walkers","floor":48.0,"turns":2.0},{"damage":41,"enemies":"Awakened One","floor":50,"turns":3}],"seed_played":"-4240221853327687787","potions_obtained":[{"floor":1.0,"key":"Strength Potion"},{"floor":5.0,"key":"FairyPotion"},{"floor":6.0,"key":"Energy Potion"},{"floor":11.0,"key":"Explosive Potion"},{"floor":16.0,"key":"Strength Potion"},{"floor":21.0,"key":"Swift Potion"},{"floor":25.0,"key":"SpeedPotion"},{"floor":28.0,"key":"Strength Potion"},{"floor":33.0,"key":"Block Potion"},{"floor":35.0,"key":"FearPotion"},{"floor":48.0,"key":"Ancient Potion"}],"is_trial":false,"path_per_floor":["M","?","M","?","M","E","R","E","T","E","M","R","E","?","R","B",null,"M","M","?","M","$","R","E","M","T","R","E","M","M","E","R","B",null,"M","?","M","?","$","R","E","R","T","R","M","E","$","?","R","B"],"character_chosen":"DEFECT","items_purchased":["Runic Capacitor","Ancient Tea Set","Recycle","Bandage Up","SkillPotion"],"campfire_rested":2,"item_purchase_floors":[22,22,39,39,47],"current_hp_per_floor":[60,60,60,60,60,46,46,31,41,37,28,28,28,4,28,21,66,61,55,55,47,47,47,47,47,47,47,40,40,34,10,34,30,68,68,81,55,55,55,55,59,59,59,59,42,3,3,7,7,0],"gold":49,"neow_bonus":"BOSS_RELIC","is_prod":false,"is_daily":false,"chose_seed":false,"campfire_upgraded":7,"win_rate":0,"timestamp":1565743138,"path_taken":["M","?","M","?","M","E","R","E","T","E","M","R","E","?","R","BOSS","M","M","?","M","$","R","E","M","T","R","E","M","?","E","R","BOSS","M","?","?","?","$","R","E","R","T","R","M","E","?","?","R","BOSS"],"build_version":"2019-07-17","purchased_purges":3,"victory":false,"max_hp_per_floor":[71,71,71,71,71,71,71,71,81,81,81,81,81,81,81,81,81,81,81,81,81,81,81,81,81,81,81,81,81,81,81,81,81,81,81,81,81,81,81,81,81,81,81,81,81,81,81,81,81,81],"card_choices":[{"not_picked":["Aggregate","Streamline"],"picked":"Gash","floor":1.0},{"not_picked":["Beam Cell","White Noise"],"picked":"Doom and Gloom","floor":3.0},{"not_picked":["Steam","Heatsinks"],"picked":"Auto Shields","floor":5.0},{"not_picked":["Redo","Hello World"],"picked":"Go for the Eyes","floor":6.0},{"not_picked":["FTL","Coolheaded"],"picked":"Hyperbeam","floor":8.0},{"not_picked":["Sweeping Beam","Steam"],"picked":"Fusion","floor":10.0},{"not_picked":["Go for the Eyes","Stack"],"picked":"Beam Cell","floor":11.0},{"not_picked":["Double Energy","Leap"],"picked":"Loop","floor":13.0},{"not_picked":["Reprogram","Loop"],"picked":"FTL","floor":15.0},{"not_picked":["Rainbow","Machine Learning"],"picked":"Biased Cognition","floor":16.0},{"not_picked":["Redo","Beam Cell"],"picked":"Coolheaded+1","floor":18.0},{"not_picked":["Rebound","Compile Driver"],"picked":"All For One","floor":19.0},{"not_picked":["Coolheaded","Static Discharge"],"picked":"Chill","floor":21.0},{"not_picked":["Fusion","Blizzard"],"picked":"Double Energy+1","floor":24.0},{"not_picked":["Hologram","Redo"],"picked":"Compile Driver","floor":25.0},{"not_picked":["Sweeping Beam","Auto Shields"],"picked":"Turbo","floor":28.0},{"not_picked":["Sweeping Beam","Reinforced Body"],"picked":"Hologram","floor":29.0},{"not_picked":["Hello World","Scrape"],"picked":"Meteor Strike","floor":30.0},{"not_picked":["Sweeping Beam","Heatsinks"],"picked":"Rainbow","floor":31.0},{"not_picked":["Sweeping Beam","Compile Driver"],"picked":"Leap+1","floor":32.0},{"not_picked":["Hyperbeam","Amplify"],"picked":"Creative AI","floor":33.0},{"not_picked":["Redo","Sweeping Beam"],"picked":"Turbo+1","floor":35.0},{"not_picked":["Leap+1","Steam Power"],"picked":"Barrage","floor":37.0},{"not_picked":["Conserve Battery+1","Loop"],"picked":"Amplify","floor":41.0},{"not_picked":["Cold Snap+1","Go for the Eyes","Redo"],"picked":"SKIP","floor":45.0},{"not_picked":["Redo","Machine Learning"],"picked":"Barrage+1","floor":46.0},{"not_picked":["Barrage","Undo"],"picked":"Hologram","floor":48.0}],"player_experience":652468,"relics_obtained":[{"floor":6.0,"key":"Nunchaku"},{"floor":8.0,"key":"Vajra"},{"floor":9.0,"key":"Pear"},{"floor":10.0,"key":"Unceasing Top"},{"floor":13.0,"key":"Dream Catcher"},{"floor":24.0,"key":"Smiling Mask"},{"floor":26.0,"key":"Bottled Tornado"},{"floor":28.0,"key":"Happy Flower"},{"floor":31.0,"key":"Lantern"},{"floor":41.0,"key":"DataDisk"},{"floor":46.0,"key":"MawBank"},{"floor":48.0,"key":"Du-Vu Doll"}],"event_choices":[{"cards_removed":["Strike_B"],"damage_healed":0.0,"max_hp_gain":0.0,"max_hp_loss":0.0,"gold_gain":0.0,"event_name":"Living Wall","player_choice":"Forget","floor":2.0,"gold_loss":0.0,"damage_taken":0.0},{"damage_healed":0.0,"max_hp_gain":0.0,"max_hp_loss":0.0,"gold_gain":0.0,"event_name":"Golden Idol","player_choice":"Ignored","floor":4.0,"gold_loss":0.0,"damage_taken":0.0},{"damage_healed":0.0,"max_hp_gain":0.0,"max_hp_loss":0.0,"gold_gain":0.0,"event_name":"Shining Light","player_choice":"Entered Light","floor":14.0,"gold_loss":0.0,"damage_taken":24.0,"cards_upgraded":["Gash","Strike_B"]},{"damage_healed":0.0,"max_hp_gain":0.0,"max_hp_loss":0.0,"gold_gain":0.0,"event_name":"WeMeetAgain","player_choice":"Gave Potion","floor":20.0,"gold_loss":0.0,"damage_taken":0.0,"relics_obtained":["Centennial Puzzle"]},{"damage_healed":13.0,"max_hp_gain":0.0,"max_hp_loss":0.0,"gold_gain":0.0,"event_name":"Wheel of Change","player_choice":"Full Heal","floor":36.0,"gold_loss":0.0,"damage_taken":0.0},{"cards_removed":["Strike_B"],"damage_healed":0.0,"max_hp_gain":0.0,"max_hp_loss":0.0,"gold_gain":0.0,"event_name":"Purifier","player_choice":"Purged","floor":38.0,"gold_loss":0.0,"damage_taken":0.0},{"damage_healed":0.0,"max_hp_gain":0.0,"max_hp_loss":0.0,"gold_gain":0.0,"event_name":"Mysterious Sphere","player_choice":"Fight","floor":48.0,"gold_loss":0.0,"damage_taken":0.0}],"is_beta":false,"boss_relics":[{"not_picked":["Tiny House","Orrery"],"picked":"Cursed Key"},{"not_picked":["Fusion Hammer","Lizard Tail"],"picked":"Empty Cage"}],"items_purged_floors":[22,39,47],"is_endless":false,"potions_floor_spawned":[1,5,6,11,16,21,25,28,29,33,35,48],"killed_by":"Awakened One","ascension_level":16}