{"gold_per_floor":[113,126,137,137,137,176,192,192,192,25,43,76,76,90,90,214,214,229,144,144,162,177,213,213,249,249,269,305,155,155,188,188,309,309,330,354,65,85,85,116,116,135,135,170,170,183,224,237,237,237,237,237,11,44,44],"floor_reached":56,"playtime":8280,"items_purged":["Pray"],"score":1604,"play_id":"74880a05-56fb-47fc-86ee-e7af15f80a74","local_time":"20190910174526","is_ascension_mode":true,"campfire_choices":[{"floor":8.0,"key":"REST"},{"data":"WindmillStrike","floor":13.0,"key":"SMITH"},{"data":"Eruption","floor":15.0,"key":"SMITH"},{"data":"Wallop","floor":24.0,"key":"SMITH"},{"data":"Protect","floor":30.0,"key":"SMITH"},{"data":"LessonLearned","floor":32.0,"key":"SMITH"},{"data":"DevaForm","floor":41.0,"key":"SMITH"},{"data":"Wallop","floor":45.0,"key":"SMITH"},{"floor":49,"key":"RECALL"},{"data":"Alpha","floor":52,"key":"SMITH"}],"neow_cost":"NONE","seed_source_timestamp":195586339811930,"circlet_count":0,"master_deck":["Strike_P+1","Strike_P","Strike_P+1","Strike_P+1","Defend_P+1","Defend_P","Defend_P+1","Defend_P","Eruption+1","Vigilance","Protect+1","WindmillStrike+1","Wallop+1","Injury","InnerPeace+1","JustLucky+1","Crescendo","Weave","Swivel+1","WindmillStrike+1","CrushJoints+1","CutThroughFate+1","Protect+1","MentalFortress+1","LessonLearned+1","DevaForm+1","Adaptation+1","FlurryOfBlows+1","Wallop+1","MasterReality+1","Doubt","Alpha+1","Establishment"],"special_seed":0,"relics":["PureWater","Golden Idol","Akabeko","Bottled Lightning","Anchor","Nunchaku","Snecko Eye","Vajra","Potion Belt","Ice Cream","Letter Opener","Dream Catcher","Orichalcum","Cursed Key","Whetstone","Toy Ornithopter","Blood Vial","White Beast Statue","Medical Kit","Boot"],"potions_floor_usage":[50,54,55,55,55],"damage_taken":[{"damage":0.0,"enemies":"Cultist","floor":1.0,"turns":3.0},{"damage":0.0,"enemies":"Small Slimes","floor":2.0,"turns":3.0},{"damage":2.0,"enemies":"Jaw Worm","floor":3.0,"turns":3.0},{"damage":57.0,"enemies":"Lagavulin","floor":6.0,"turns":8.0},{"damage":3.0,"enemies":"Exordium Thugs","floor":7.0,"turns":3.0},{"damage":0.0,"enemies":"3 Louse","floor":11.0,"turns":3.0},{"damage":2.0,"enemies":"3 Sentries","floor":12.0,"turns":6.0},{"damage":0.0,"enemies":"Lots of Slimes","floor":14.0,"turns":5.0},{"damage":0.0,"enemies":"Slime Boss","floor":16.0,"turns":5.0},{"damage":14.0,"enemies":"Shell Parasite","floor":18.0,"turns":4.0},{"damage":0.0,"enemies":"Spheric Guardian","floor":21.0,"turns":3.0},{"damage":13.0,"enemies":"Centurion and Healer","floor":22.0,"turns":5.0},{"damage":0.0,"enemies":"Book of Stabbing","floor":23.0,"turns":2.0},{"damage":0.0,"enemies":"Gremlin Leader","floor":25.0,"turns":3.0},{"damage":0.0,"enemies":"Shelled Parasite and Fungi","floor":27.0,"turns":1.0},{"damage":9.0,"enemies":"Book of Stabbing","floor":28.0,"turns":4.0},{"damage":0.0,"enemies":"Gremlin Leader","floor":31.0,"turns":3.0},{"damage":12.0,"enemies":"Automaton","floor":33.0,"turns":8.0},{"damage":0.0,"enemies":"Orb Walker","floor":35.0,"turns":6.0},{"damage":12.0,"enemies":"3 Darklings","floor":36.0,"turns":7.0},{"damage":0.0,"enemies":"Jaw Worm Horde","floor":38.0,"turns":4.0},{"damage":0.0,"enemies":"Nemesis","floor":40.0,"turns":5.0},{"damage":0.0,"enemies":"Spire Growth","floor":42.0,"turns":4.0},{"damage":3.0,"enemies":"Giant Head","floor":44.0,"turns":6.0},{"damage":0.0,"enemies":"4 Shapes","floor":46.0,"turns":3.0},{"damage":0.0,"enemies":"Reptomancer","floor":47.0,"turns":6.0},{"damage":2,"enemies":"Maw","floor":48,"turns":7},{"damage":8,"enemies":"Donu and Deca","floor":50,"turns":15},{"damage":13,"enemies":"Shield and Spear","floor":54,"turns":8},{"damage":53,"enemies":"The Heart","floor":55,"turns":12}],"seed_played":"-8741056475861382852","potions_obtained":[{"floor":2.0,"key":"Regen Potion"},{"floor":6.0,"key":"Explosive Potion"},{"floor":7.0,"key":"Fire Potion"},{"floor":14.0,"key":"Poison Potion"},{"floor":18.0,"key":"Poison Potion"},{"floor":23.0,"key":"DuplicationPotion"},{"floor":25.0,"key":"Weak Potion"},{"floor":28.0,"key":"GamblersBrew"},{"floor":33.0,"key":"FearPotion"},{"floor":36.0,"key":"Ancient Potion"},{"floor":38.0,"key":"StancePotion"},{"floor":42.0,"key":"Swift Potion"},{"floor":44.0,"key":"Fire Potion"},{"floor":48,"key":"PowerPotion"},{"floor":54,"key":"Ancient Potion"}],"is_trial":false,"path_per_floor":["M","M","M","?","?","E","M","R","T","$","M","E","R","M","R","B",null,"M","?","?","M","M","E","R","E","T","M","E","$","R","E","R","B",null,"M","M","$","M","?","E","R","M","T","E","R","M","E","M","R","B",null,"R","$","E","B",null],"character_chosen":"WATCHER","items_purchased":["Anchor","Crescendo","Regen Potion","Wallop","Whetstone","Medical Kit","Establishment"],"campfire_rested":1,"item_purchase_floors":[10,10,29,37,37,53,53],"current_hp_per_floor":[71,71,69,69,69,12,9,30,30,30,30,43,43,43,43,43,71,57,57,57,57,44,44,44,44,44,44,35,35,35,35,35,38,71,71,59,59,59,59,59,59,59,59,56,56,58,65,65,65,63,71,71,71,63,18],"gold":44,"neow_bonus":"TEN_PERCENT_HP_BONUS","is_prod":false,"is_daily":false,"chose_seed":false,"campfire_upgraded":8,"win_rate":0,"timestamp":1568162726,"path_taken":["M","?","M","?","?","E","M","R","T","?","M","E","R","M","R","BOSS","M","?","?","M","M","E","R","E","T","M","E","$","R","E","R","BOSS","M","?","?","M","?","E","R","M","T","E","R","?","E","M","R","BOSS","R","$","E","BOSS"],"build_version":"2019-09-09v2","purchased_purges":1,"victory":true,"max_hp_per_floor":[71,71,71,71,71,71,71,71,71,71,71,71,71,71,71,71,71,71,71,71,71,71,71,71,71,71,71,71,71,71,71,71,71,71,71,71,71,71,71,71,71,71,71,71,71,71,71,71,71,71,71,71,71,71,71],"card_choices":[{"not_picked":["Crescendo","ClearTheMind"],"picked":"Protect","floor":1.0},{"not_picked":["Worship","JustLucky"],"picked":"WindmillStrike","floor":2.0},{"not_picked":["Halt","BowlingBash"],"picked":"Wallop","floor":3.0},{"not_picked":["BowlingBash","Scrawl"],"picked":"InnerPeace","floor":6.0},{"not_picked":["CarveReality","Scrawl"],"picked":"JustLucky","floor":7.0},{"not_picked":["EmptyBody","Halt"],"picked":"Weave","floor":11.0},{"not_picked":["ClearTheMind","FollowUp"],"picked":"Swivel","floor":12.0},{"not_picked":["Blasphemy","WindmillStrike"],"picked":"Evaluate","floor":14.0},{"not_picked":["Brilliance","SignatureMove"],"picked":"Pray","floor":16.0},{"not_picked":["BowlingBash","ForeignInfluence","Sanctity"],"picked":"SKIP","floor":18.0},{"not_picked":["Collect","MentalFortress"],"picked":"CrushJoints+1","floor":21.0},{"not_picked":["JustLucky","CrushJoints"],"picked":"CutThroughFate+1","floor":22.0},{"not_picked":["Crescendo","FlyingSleeves","EmptyMind"],"picked":"SKIP","floor":23.0},{"not_picked":["WaveOfTheHand","JustLucky","Metaphysics"],"picked":"SKIP","floor":25.0},{"not_picked":["Crescendo","FlyingSleeves"],"picked":"Protect","floor":27.0},{"not_picked":["WreathOfFlame","Crescendo"],"picked":"MentalFortress","floor":28.0},{"not_picked":["BowlingBash+1","Perseverance"],"picked":"LessonLearned","floor":31.0},{"not_picked":["Pray","MasterReality"],"picked":"DevaForm","floor":33.0},{"not_picked":["Consecrate","Tantrum"],"picked":"Adaptation","floor":35.0},{"not_picked":["Consecrate+1","Meditate+1"],"picked":"FlurryOfBlows+1","floor":36.0},{"not_picked":["Sanctity","ThirdEye","Meditate"],"picked":"SKIP","floor":38.0},{"not_picked":["FlyingSleeves+1","CrushJoints+1"],"picked":"MasterReality","floor":40.0},{"not_picked":["EmptyFist+1","ThirdEye+1","CrushJoints"],"picked":"SKIP","floor":42.0},{"not_picked":["Halt","CutThroughFate+1","Sanctity+1"],"picked":"SKIP","floor":44.0},{"not_picked":["Protect+1","JustLucky+1"],"picked":"Alpha","floor":46.0},{"not_picked":["Weave+1","FearNoEvil+1","Swivel"],"picked":"SKIP","floor":47.0},{"not_picked":["JustLucky+1","ClearTheMind","Consecrate"],"picked":"SKIP","floor":48},{"not_picked":["Consecrate+1","ClearTheMind+1","Sanctity"],"picked":"SKIP","floor":54}],"player_experience":68060,"relics_obtained":[{"floor":6.0,"key":"Akabeko"},{"floor":9.0,"key":"Bottled Lightning"},{"floor":12.0,"key":"Nunchaku"},{"floor":23.0,"key":"Potion Belt"},{"floor":25.0,"key":"Ice Cream"},{"floor":26.0,"key":"Letter Opener"},{"floor":28.0,"key":"Dream Catcher"},{"floor":31.0,"key":"Orichalcum"},{"floor":40.0,"key":"Toy Ornithopter"},{"floor":44.0,"key":"Blood Vial"},{"floor":47.0,"key":"White Beast Statue"},{"floor":54,"key":"Boot"}],"event_choices":[{"damage_healed":0.0,"max_hp_gain":0.0,"max_hp_loss":0.0,"gold_gain":0.0,"event_name":"Golden Idol","player_choice":"Take Wound","floor":4.0,"gold_loss":0.0,"damage_taken":0.0,"relics_obtained":["Golden Idol"],"cards_obtained":["Injury"]},{"damage_healed":0.0,"max_hp_gain":0.0,"max_hp_loss":0.0,"gold_gain":0.0,"event_name":"Liars Game","player_choice":"Ignored","floor":5.0,"gold_loss":0.0,"damage_taken":0.0},{"damage_healed":0.0,"max_hp_gain":0.0,"max_hp_loss":0.0,"gold_gain":0.0,"event_name":"Addict","player_choice":"Obtained Relic","floor":19.0,"gold_loss":85.0,"damage_taken":0.0,"relics_obtained":["Vajra"]},{"damage_healed":0.0,"max_hp_gain":0.0,"max_hp_loss":0.0,"gold_gain":0.0,"event_name":"Duplicator","player_choice":"Copied","floor":20.0,"gold_loss":0.0,"damage_taken":0.0,"cards_obtained":["WindmillStrike"]},{"cards_removed":["Evaluate"],"damage_healed":0.0,"max_hp_gain":0.0,"max_hp_loss":0.0,"gold_gain":0.0,"event_name":"Purifier","player_choice":"Purged","floor":39.0,"gold_loss":0.0,"damage_taken":0.0}],"is_beta":true,"boss_relics":[{"not_picked":["HolyWater","Calling Bell"],"picked":"Snecko Eye"},{"not_picked":["Sozu","SacredBark"],"picked":"Cursed Key"}],"items_purged_floors":[29],"is_endless":false,"potions_floor_spawned":[2,6,7,14,18,23,25,28,33,36,38,42,44,48,54],"ascension_level":3}