{"gold_per_floor":[16,27,27,39,55,55,55,65,141,167,167,167,44,57,57,128,128,139,139,39,39,39,52,69,69,118,118,118,68,78,94,94,167,167,185,37,37,48,64,64,95,114,139,139,152,152,152,152,152,152],"floor_reached":51,"playtime":1463,"items_purged":["Strike_B","Strike_B"],"score":1110,"play_id":"a834e107-7704-43ca-b894-2f56bb98d61c","local_time":"20190103094251","is_ascension_mode":true,"campfire_choices":[{"data":"Gash","floor":6.0,"key":"SMITH"},{"data":"Gash","floor":12.0,"key":"SMITH"},{"data":"Gash","floor":15.0,"key":"SMITH"},{"floor":28.0,"key":"REST"},{"floor":32.0,"key":"REST"},{"data":"Scrape","floor":40,"key":"SMITH"},{"floor":44,"key":"REST"},{"floor":46,"key":"REST"},{"floor":49,"key":"REST"}],"neow_cost":"NO_GOLD","seed_source_timestamp":1179550390655611,"circlet_count":0,"master_deck":["AscendersBane","Defend_B+1","Defend_B+1","Defend_B+1","Defend_B+1","All For One+1","Gash+1","Leap+1","Gash+1","Gash+1","BootSequence+1","Beam Cell+1","Go for the Eyes+1","Echo Form+1","Scrape+1","FTL+1","White Noise+1","All For One+1","Self Repair+1","Reinforced Body+1"],"special_seed":0,"relics":["FrozenCore","Bottled Lightning","Ginger","Strawberry","Empty Cage","Anchor","Regal Pillow","Juzu Bracelet","Mark of the Bloom"],"potions_floor_usage":[39,39,39,50,50],"damage_taken":[{"damage":1.0,"enemies":"Cultist","floor":1.0,"turns":4.0},{"damage":0.0,"enemies":"Small Slimes","floor":2.0,"turns":2.0},{"damage":3.0,"enemies":"Jaw Worm","floor":4.0,"turns":3.0},{"damage":17.0,"enemies":"Large Slime","floor":5.0,"turns":6.0},{"damage":2.0,"enemies":"2 Fungi Beasts","floor":8.0,"turns":2.0},{"damage":1.0,"enemies":"3 Sentries","floor":10.0,"turns":5.0},{"damage":0.0,"enemies":"3 Louse","floor":14.0,"turns":3.0},{"damage":31.0,"enemies":"Hexaghost","floor":16.0,"turns":6.0},{"damage":23.0,"enemies":"2 Thieves","floor":18.0,"turns":4.0},{"damage":0.0,"enemies":"Chosen","floor":23.0,"turns":4.0},{"damage":20.0,"enemies":"Shelled Parasite and Fungi","floor":24.0,"turns":4.0},{"damage":29.0,"enemies":"Sentry and Sphere","floor":30.0,"turns":5.0},{"damage":0.0,"enemies":"Chosen and Byrds","floor":31.0,"turns":4.0},{"damage":27.0,"enemies":"Collector","floor":33.0,"turns":7.0},{"damage":4.0,"enemies":"Orb Walker","floor":35.0,"turns":4.0},{"damage":1.0,"enemies":"3 Shapes","floor":38.0,"turns":7.0},{"damage":15,"enemies":"Spire Growth","floor":39,"turns":3},{"damage":32,"enemies":"Nemesis","floor":41,"turns":7},{"damage":12,"enemies":"Jaw Worm Horde","floor":42,"turns":4},{"damage":0,"enemies":"Maw","floor":45,"turns":5},{"damage":58,"enemies":"Donu and Deca","floor":50,"turns":7}],"seed_played":"-5538000828325630809","potions_obtained":[{"floor":1.0,"key":"FocusPotion"},{"floor":4.0,"key":"Ancient Potion"},{"floor":16.0,"key":"AttackPotion"},{"floor":18.0,"key":"SteroidPotion"},{"floor":30.0,"key":"SteroidPotion"},{"floor":38.0,"key":"EntropicBrew"},{"floor":39,"key":"Ancient Potion"},{"floor":42,"key":"SteroidPotion"}],"is_trial":false,"path_per_floor":["M","M","$","M","M","R","?","M","T","E","?","R","$","M","R","B",null,"M","?","$","?","?","M","M","?","T","?","R","?","M","M","R","B",null,"M","$","?","M","M","R","E","M","T","R","M","R","?","?","R","B",null],"character_chosen":"DEFECT","items_purchased":["Go for the Eyes","Anchor"],"campfire_rested":5,"item_purchase_floors":[13,36],"current_hp_per_floor":[67,67,67,64,47,47,47,45,45,44,69,69,69,69,69,38,66,43,68,68,68,68,68,48,48,55,39,65,65,36,36,62,35,74,70,70,70,69,54,54,29,17,17,58,58,87,87,87,87,29],"gold":152,"neow_bonus":"THREE_RARE_CARDS","is_prod":false,"is_daily":false,"chose_seed":false,"campfire_upgraded":4,"win_rate":0,"timestamp":1546504971,"path_taken":["M","M","$","M","M","R","?","M","T","E","?","R","$","?","R","BOSS","M","?","$","?","?","?","M","?","T","?","R","?","M","M","R","BOSS","M","?","?","M","?","R","E","M","T","R","M","R","?","?","R","BOSS"],"build_version":"2018-12-20","purchased_purges":2,"victory":true,"max_hp_per_floor":[75,75,75,75,75,75,75,75,75,75,75,75,75,75,75,75,75,75,75,75,75,75,75,75,75,82,87,87,87,87,87,87,87,87,87,87,87,87,87,87,87,87,87,87,87,87,87,87,87,87],"card_choices":[{"not_picked":["Buffer","Machine Learning"],"picked":"All For One","floor":0.0},{"not_picked":["Streamline","Compile Driver"],"picked":"Gash","floor":1.0},{"not_picked":["Hologram","Redo"],"picked":"Leap","floor":2.0},{"not_picked":["Storm","Skim"],"picked":"Gash","floor":4.0},{"not_picked":["Cold Snap","Biased Cognition"],"picked":"Gash","floor":5.0},{"not_picked":["Barrage","White Noise"],"picked":"BootSequence","floor":8.0},{"not_picked":["Chaos","Aggregate"],"picked":"Beam Cell","floor":10.0},{"not_picked":["Cold Snap","Hello World","Capacitor"],"picked":"SKIP","floor":14.0},{"not_picked":["Fission","Electrodynamics"],"picked":"Echo Form","floor":16.0},{"not_picked":["Go for the Eyes","Aggregate","Redo+1"],"picked":"SKIP","floor":18.0},{"not_picked":["Undo+1","Cold Snap"],"picked":"Scrape","floor":23.0},{"not_picked":["Coolheaded","Recycle","White Noise"],"picked":"SKIP","floor":24.0},{"not_picked":["Coolheaded","Redo","Doom and Gloom"],"picked":"SKIP","floor":30.0},{"not_picked":["Ball Lightning","Coolheaded","Cold Snap"],"picked":"SKIP","floor":31.0},{"not_picked":["Echo Form","Reboot"],"picked":"All For One","floor":33.0},{"not_picked":["Darkness","Heatsinks+1","Go for the Eyes"],"picked":"SKIP","floor":35.0},{"not_picked":["Streamline","Fusion"],"picked":"Self Repair","floor":38.0},{"not_picked":["Compile Driver","Redo","Conserve Battery"],"picked":"SKIP","floor":39},{"not_picked":["Reprogram+1","Sunder"],"picked":"Reinforced Body+1","floor":41},{"not_picked":["Force Field","Beam Cell","Sunder+1"],"picked":"SKIP","floor":42},{"not_picked":["Capacitor","Stack","Hologram"],"picked":"SKIP","floor":45}],"player_experience":390323,"relics_obtained":[{"floor":9.0,"key":"Bottled Lightning"},{"floor":10.0,"key":"Ginger"},{"floor":26.0,"key":"Strawberry"},{"floor":41,"key":"Regal Pillow"},{"floor":43,"key":"Juzu Bracelet"}],"event_choices":[{"damage_healed":0.0,"max_hp_gain":0.0,"max_hp_loss":0.0,"gold_gain":0.0,"event_name":"Dead Adventurer","player_choice":"Searched \u00270\u0027 times","floor":7.0,"gold_loss":0.0,"damage_taken":0.0},{"damage_healed":25.0,"max_hp_gain":0.0,"max_hp_loss":0.0,"gold_gain":0.0,"event_name":"Big Fish","player_choice":"Banana","floor":11.0,"gold_loss":0.0,"damage_taken":0.0},{"damage_healed":25.0,"max_hp_gain":0.0,"max_hp_loss":0.0,"gold_gain":0.0,"event_name":"The Library","player_choice":"Heal","floor":19.0,"gold_loss":0.0,"damage_taken":0.0},{"damage_healed":0.0,"max_hp_gain":0.0,"max_hp_loss":0.0,"gold_gain":0.0,"event_name":"The Mausoleum","player_choice":"Ignored","floor":22.0,"gold_loss":0.0,"damage_taken":0.0},{"damage_healed":0.0,"max_hp_gain":0.0,"max_hp_loss":0.0,"gold_gain":0.0,"cards_transformed":["Dualcast","Strike_B"],"event_name":"Drug Dealer","player_choice":"Became Test Subject","floor":25.0,"gold_loss":0.0,"damage_taken":0.0,"cards_obtained":["FTL","White Noise"]},{"damage_healed":0.0,"max_hp_gain":5.0,"max_hp_loss":0.0,"gold_gain":0.0,"event_name":"Forgotten Altar","player_choice":"Shed Blood","floor":27.0,"gold_loss":0.0,"damage_taken":21.0},{"damage_healed":0.0,"max_hp_gain":0.0,"max_hp_loss":0.0,"gold_gain":0.0,"event_name":"The Joust","player_choice":"Bet on Owner","floor":29.0,"gold_loss":50.0,"damage_taken":0.0},{"damage_healed":0.0,"max_hp_gain":0.0,"max_hp_loss":0.0,"gold_gain":0.0,"event_name":"Transmorgrifier","player_choice":"Ignored","floor":37.0,"gold_loss":0.0,"damage_taken":0.0},{"damage_healed":0,"gold_gain":0,"player_choice":"Ignored","damage_taken":0,"max_hp_gain":0,"max_hp_loss":0,"event_name":"Tomb of Lord Red Mask","floor":47,"gold_loss":0},{"damage_healed":0,"gold_gain":0,"player_choice":"Upgrade","damage_taken":0,"relics_obtained":["Mark of the Bloom"],"max_hp_gain":0,"max_hp_loss":0,"event_name":"MindBloom","floor":48,"gold_loss":0,"cards_upgraded":["Defend_B","Defend_B","Defend_B","Defend_B","All For One","Leap","BootSequence","Beam Cell","Go for the Eyes","Echo Form","FTL","White Noise","All For One","Self Repair"]}],"is_beta":false,"boss_relics":[{"not_picked":["Black Star","Fusion Hammer"],"picked":"FrozenCore"},{"not_picked":["Tiny House","Astrolabe"],"picked":"Empty Cage"}],"items_purged_floors":[13,20],"is_endless":false,"potions_floor_spawned":[1,4,5,16,18,30,31,38,39,42,45],"ascension_level":13}