{"gold_per_floor":[109,123,2,17,17,48,48,74,98,126,401,412,57,57,57,134,134,144,191,201,215,140,175,175,203,203,203,222,222],"floor_reached":29,"playtime":2587,"items_purged":["Strike_R"],"score":520,"play_id":"821f39bd-8c0e-4e53-8cfd-98f9e39b5224","local_time":"20190904115441","is_ascension_mode":true,"campfire_choices":[{"data":"True Grit","floor":7.0,"key":"SMITH"},{"data":"Juggernaut","floor":15.0,"key":"SMITH"},{"data":"Disarm","floor":24,"key":"SMITH"},{"data":"Feel No Pain","floor":27,"key":"SMITH"}],"neow_cost":"NONE","seed_source_timestamp":1027807024778621,"circlet_count":0,"master_deck":["AscendersBane","Strike_R","Strike_R","Strike_R","Defend_R","Defend_R","Defend_R","Defend_R","Bash","Juggernaut+1","Battle Trance","True Grit+1","Shrug It Off","Hemokinesis","Feel No Pain+1","Dark Embrace","Cleave","Berserk","Seeing Red","Cleave+1","Pommel Strike+1","Disarm+1","Demon Form","Shrug It Off+1"],"special_seed":0,"relics":["Burning Blood","Omamori","Strawberry","Vajra","Bottled Tornado","OrangePellets","Bronze Scales","Girya","Coffee Dripper","Smiling Mask","Lantern","Toxic Egg 2","Ginger"],"potions_floor_usage":[23,23],"damage_taken":[{"damage":9.0,"enemies":"Small Slimes","floor":1.0,"turns":4.0},{"damage":0.0,"enemies":"Cultist","floor":2.0,"turns":4.0},{"damage":2.0,"enemies":"2 Louse","floor":4.0,"turns":3.0},{"damage":18.0,"enemies":"Gremlin Nob","floor":6.0,"turns":4.0},{"damage":3.0,"enemies":"Lagavulin","floor":8.0,"turns":10.0},{"damage":40.0,"enemies":"Gremlin Nob","floor":10.0,"turns":5.0},{"damage":3.0,"enemies":"Large Slime","floor":12.0,"turns":5.0},{"damage":15.0,"enemies":"The Guardian","floor":16.0,"turns":9.0},{"damage":6.0,"enemies":"Spheric Guardian","floor":18.0,"turns":4.0},{"damage":24.0,"enemies":"2 Thieves","floor":20.0,"turns":4.0},{"damage":9.0,"enemies":"3 Cultists","floor":21.0,"turns":4.0},{"damage":32,"enemies":"Slavers","floor":23,"turns":5},{"damage":11,"enemies":"Book of Stabbing","floor":25,"turns":5},{"damage":10,"enemies":"Chosen and Byrds","floor":28,"turns":4},{"damage":17,"enemies":"Slavers","floor":29,"turns":1}],"seed_played":"2545658196052841809","potions_obtained":[{"floor":2.0,"key":"SteroidPotion"},{"floor":10.0,"key":"AttackPotion"},{"floor":16.0,"key":"Poison Potion"},{"floor":20.0,"key":"Strength Potion"},{"floor":21.0,"key":"Weak Potion"}],"is_trial":false,"path_per_floor":["M","M","$","M","$","E","R","E","T","E","?","M","$","T","R","B",null,"M","T","M","M","?","E","R","E","T","R","M","E"],"character_chosen":"IRONCLAD","items_purchased":["Shrug It Off","OrangePellets","Bronze Scales"],"campfire_rested":0,"item_purchase_floors":[3,13,13],"current_hp_per_floor":[65,71,71,75,75,63,63,73,73,39,39,42,42,42,42,33,70,70,70,52,49,49,23,23,18,18,18,14,0],"gold":222,"neow_bonus":"ONE_RANDOM_RARE_CARD","is_prod":false,"is_daily":false,"chose_seed":false,"campfire_upgraded":4,"win_rate":0,"timestamp":1567623281,"path_taken":["M","M","$","M","$","E","R","E","T","E","?","?","?","?","R","BOSS","M","?","M","M","?","E","R","E","T","R","M","E"],"build_version":"2019-07-17","purchased_purges":1,"victory":false,"max_hp_per_floor":[75,75,75,75,75,75,75,82,82,82,82,82,82,82,82,82,82,82,82,82,82,82,82,82,82,82,82,82,82],"card_choices":[{"not_picked":["Warcry","True Grit"],"picked":"Battle Trance","floor":1.0},{"not_picked":["Thunderclap","Havoc"],"picked":"True Grit","floor":2.0},{"not_picked":["Cleave","Havoc"],"picked":"Hemokinesis","floor":4.0},{"not_picked":["Second Wind","Entrench"],"picked":"Feel No Pain","floor":6.0},{"not_picked":["Reckless Charge","Flex"],"picked":"Dark Embrace","floor":8.0},{"not_picked":["Perfected Strike","Flex","Twin Strike"],"picked":"SKIP","floor":10.0},{"not_picked":["Wild Strike","Sever Soul"],"picked":"Cleave","floor":12.0},{"not_picked":["Fiend Fire","Demon Form"],"picked":"Berserk","floor":16.0},{"not_picked":["Spot Weakness","Anger"],"picked":"Seeing Red","floor":18.0},{"not_picked":["Perfected Strike","Anger"],"picked":"Cleave+1","floor":20.0},{"not_picked":["Sword Boomerang","Thunderclap"],"picked":"Pommel Strike+1","floor":21.0},{"not_picked":["Inflame","Rampage+1"],"picked":"Disarm","floor":23},{"not_picked":["Body Slam","Sword Boomerang"],"picked":"Demon Form","floor":25},{"not_picked":["Body Slam","Heavy Blade"],"picked":"Shrug It Off+1","floor":28}],"player_experience":883232,"relics_obtained":[{"floor":6.0,"key":"Omamori"},{"floor":8.0,"key":"Strawberry"},{"floor":9.0,"key":"Vajra"},{"floor":10.0,"key":"Bottled Tornado"},{"floor":14.0,"key":"Girya"},{"floor":19.0,"key":"Smiling Mask"},{"floor":23,"key":"Lantern"},{"floor":25,"key":"Toxic Egg 2"},{"floor":26,"key":"Ginger"}],"event_choices":[{"damage_healed":0.0,"max_hp_gain":0.0,"max_hp_loss":0.0,"gold_gain":275.0,"event_name":"Golden Shrine","player_choice":"Desecrate","floor":11.0,"gold_loss":0.0,"damage_taken":0.0,"cards_obtained":["Regret"]},{"cards_removed":["Strike_R"],"damage_healed":0.0,"max_hp_gain":0.0,"max_hp_loss":0.0,"gold_gain":0.0,"event_name":"Beggar","player_choice":"Gave Gold","floor":22.0,"gold_loss":75.0,"damage_taken":0.0}],"is_beta":false,"boss_relics":[{"not_picked":["Lizard Tail","Tiny House"],"picked":"Coffee Dripper"}],"items_purged_floors":[3],"is_endless":false,"potions_floor_spawned":[2,10,16,20,21],"killed_by":"Slavers","ascension_level":14}