{"gold_per_floor":[116,41,59,59,39,56,70,70,123,149,149,166,166,183,183,183],"floor_reached":16,"playtime":276,"items_purged":["Defend_R"],"score":102,"play_id":"f98bb93d-6ffe-4ef9-b36c-2bc5780c3ec0","local_time":"20190912173202","is_ascension_mode":false,"campfire_choices":[{"data":"1","floor":11,"key":"LIFT"},{"data":"2","floor":13,"key":"LIFT"},{"floor":15,"key":"REST"}],"neow_cost":"NONE","seed_source_timestamp":2294396947681600,"circlet_count":0,"master_deck":["Strike_R","Strike_R","Strike_R","Strike_R","Strike_R","Defend_R","Defend_R","Defend_R","Bash"],"relics":["Burning Blood","NeowsBlessing","PreservedInsect","Smiling Mask","Girya"],"potions_floor_usage":[7,12,16],"damage_taken":[{"damage":0,"enemies":"Small Slimes","floor":1,"turns":1},{"damage":0,"enemies":"Jaw Worm","floor":3,"turns":1},{"damage":0,"enemies":"Cultist","floor":6,"turns":1},{"damage":0,"enemies":"Large Slime","floor":7,"turns":3},{"damage":15,"enemies":"Gremlin Nob","floor":10,"turns":4},{"damage":18,"enemies":"2 Fungi Beasts","floor":12,"turns":3},{"damage":13,"enemies":"Red Slaver","floor":14,"turns":2},{"damage":70,"enemies":"Hexaghost","floor":16,"turns":9}],"seed_played":"-9095652037255666914","potions_obtained":[{"floor":1,"key":"AttackPotion"},{"floor":3,"key":"SteroidPotion"},{"floor":5,"key":"SmokeBomb"},{"floor":10,"key":"Swift Potion"}],"is_trial":false,"path_per_floor":["M","$","M","?","?","M","M","?","T","E","R","M","R","M","R","B"],"character_chosen":"IRONCLAD","items_purchased":[],"campfire_rested":1,"item_purchase_floors":[],"current_hp_per_floor":[80,80,80,62,62,68,74,74,74,65,65,53,53,46,70,0],"gold":183,"neow_bonus":"THREE_ENEMY_KILL","is_prod":false,"is_daily":false,"chose_seed":false,"campfire_upgraded":0,"win_rate":0,"timestamp":1568323922,"path_taken":["M","$","M","?","?","?","M","?","T","E","R","M","R","M","R","BOSS"],"build_version":"2019-07-17","purchased_purges":1,"victory":false,"max_hp_per_floor":[80,80,80,80,80,80,80,80,80,80,80,80,80,80,80,80],"card_choices":[{"not_picked":["Entrench","Metallicize","True Grit"],"picked":"SKIP","floor":1},{"not_picked":["Disarm","Dual Wield","Body Slam"],"picked":"SKIP","floor":3},{"not_picked":["Shockwave","Perfected Strike","Reckless Charge"],"picked":"SKIP","floor":6},{"not_picked":["Sword Boomerang","Headbutt","Heavy Blade"],"picked":"SKIP","floor":7},{"not_picked":["Fire Breathing","Rampage","True Grit"],"picked":"SKIP","floor":10},{"not_picked":["Sword Boomerang","Armaments","Headbutt"],"picked":"SKIP","floor":12},{"not_picked":["Cleave","Pummel","Evolve"],"picked":"SKIP","floor":14}],"player_experience":395830,"relics_obtained":[{"floor":9,"key":"Smiling Mask"},{"floor":10,"key":"Girya"}],"event_choices":[{"damage_healed":0,"gold_gain":0,"player_choice":"Success","damage_taken":18,"relics_obtained":["PreservedInsect"],"max_hp_gain":0,"max_hp_loss":0,"event_name":"Scrap Ooze","floor":4,"gold_loss":0},{"damage_healed":0,"gold_gain":0,"player_choice":"Bought 1 Potion","damage_taken":0,"max_hp_gain":0,"max_hp_loss":0,"event_name":"The Woman in Blue","floor":5,"gold_loss":0},{"damage_healed":0,"gold_gain":0,"player_choice":"Ignored","damage_taken":0,"max_hp_gain":0,"max_hp_loss":0,"event_name":"Liars Game","floor":8,"gold_loss":0}],"is_beta":false,"boss_relics":[],"items_purged_floors":[2],"is_endless":false,"potions_floor_spawned":[1,3,10],"killed_by":"Hexaghost","ascension_level":0}