{"gold_per_floor":[210,230,230,292,306,38,38,49,49,49,61,85,85,97,97,170,170,190,190,202,202,215,215,140,140,208,208,219,254,96,106,106,106],"floor_reached":33,"playtime":965,"items_purged":[],"score":514,"play_id":"54f2513a-eeff-4f1b-b543-be4e87094354","local_time":"20190914144249","is_ascension_mode":true,"campfire_choices":[{"floor":7.0,"key":"REST"},{"floor":13.0,"key":"REST"},{"floor":15.0,"key":"REST"},{"floor":23.0,"key":"REST"},{"data":"Disarm","floor":27.0,"key":"SMITH"},{"floor":32.0,"key":"REST"}],"neow_cost":"NONE","seed_source_timestamp":3239511318200,"circlet_count":0,"master_deck":["AscendersBane","Strike_R+1","Strike_R","Strike_R","Strike_R","Strike_R","Defend_R","Defend_R","Defend_R","Defend_R","Bash+1","Flex","Fire Breathing+1","Flame Barrier","Wild Strike","Spot Weakness","Double Tap","Shrug It Off","Disarm+1","Disarm","Sword Boomerang","Ghostly Armor","Blood for Blood"],"special_seed":0,"relics":["Burning Blood","Self Forming Clay","Thread and Needle","Orichalcum","Runic Cube","Letter Opener","Sundial","Mummified Hand","Torii","Vajra"],"potions_floor_usage":[33],"damage_taken":[{"damage":19.0,"enemies":"Jaw Worm","floor":1.0,"turns":4.0},{"damage":10.0,"enemies":"Small Slimes","floor":2.0,"turns":3.0},{"damage":6.0,"enemies":"Cultist","floor":5.0,"turns":3.0},{"damage":45.0,"enemies":"Exordium Thugs","floor":8.0,"turns":8.0},{"damage":0.0,"enemies":"2 Fungi Beasts","floor":11.0,"turns":4.0},{"damage":2.0,"enemies":"Looter","floor":14.0,"turns":3.0},{"damage":29.0,"enemies":"The Guardian","floor":16.0,"turns":12.0},{"damage":23.0,"enemies":"Spheric Guardian","floor":18.0,"turns":6.0},{"damage":8.0,"enemies":"3 Byrds","floor":20.0,"turns":3.0},{"damage":24.0,"enemies":"Snake Plant","floor":22.0,"turns":6.0},{"damage":10.0,"enemies":"Cultist and Chosen","floor":28.0,"turns":7.0},{"damage":55.0,"enemies":"Slavers","floor":29.0,"turns":5.0},{"damage":10.0,"enemies":"Snecko","floor":31.0,"turns":5.0},{"damage":61,"enemies":"Automaton","floor":33,"turns":6}],"seed_played":"-2828867401941488369","potions_obtained":[{"floor":8.0,"key":"AttackPotion"},{"floor":11.0,"key":"BloodPotion"},{"floor":14.0,"key":"Explosive Potion"},{"floor":20.0,"key":"Weak Potion"},{"floor":29.0,"key":"SpeedPotion"}],"is_trial":false,"path_per_floor":["M","M","?","?","M","$","R","M","T","?","M","T","R","M","R","B",null,"M","?","M","?","M","R","?","T","T","R","M","E","$","M","R","B"],"character_chosen":"IRONCLAD","items_purchased":["Self Forming Clay","Vajra"],"campfire_rested":5,"item_purchase_floors":[6,30],"current_hp_per_floor":[55,51,28,28,28,28,50,11,11,11,17,17,39,43,65,42,67,50,50,48,48,30,52,52,52,52,52,48,17,17,13,35,0],"gold":106,"neow_bonus":"HUNDRED_GOLD","is_prod":false,"is_daily":false,"chose_seed":false,"campfire_upgraded":1,"win_rate":0,"timestamp":1568490169,"path_taken":["M","M","?","?","M","$","R","M","T","?","?","?","R","M","R","BOSS","M","?","M","?","M","R","?","?","T","R","?","E","$","M","R","BOSS"],"build_version":"2019-09-12","purchased_purges":0,"victory":false,"max_hp_per_floor":[75,75,75,75,75,75,75,75,75,75,75,75,75,75,75,75,75,75,75,75,75,75,75,75,75,75,75,75,75,75,75,75,75],"card_choices":[{"not_picked":["Thunderclap","Wild Strike"],"picked":"Flex","floor":1.0},{"not_picked":["True Grit","Evolve","Havoc"],"picked":"SKIP","floor":2.0},{"not_picked":["Cleave","Combust"],"picked":"Fire Breathing","floor":5.0},{"not_picked":["Thunderclap","Entrench"],"picked":"Flame Barrier","floor":8.0},{"not_picked":["Havoc","Rupture","Wild Strike"],"picked":"SKIP","floor":11.0},{"not_picked":["Havoc","Rupture"],"picked":"Wild Strike","floor":11.0},{"not_picked":["Heavy Blade","Body Slam"],"picked":"Spot Weakness","floor":14.0},{"not_picked":["Impervious","Brutality"],"picked":"Double Tap","floor":16.0},{"not_picked":["Clothesline","Combust"],"picked":"Shrug It Off","floor":18.0},{"not_picked":["Rage","Clothesline"],"picked":"Disarm","floor":20.0},{"not_picked":["Carnage","Warcry"],"picked":"Disarm","floor":22.0},{"not_picked":["Rage","Sentinel"],"picked":"Sword Boomerang","floor":28.0},{"not_picked":["Double Tap","Cleave"],"picked":"Ghostly Armor","floor":29.0},{"not_picked":["Sword Boomerang","Metallicize"],"picked":"Blood for Blood","floor":31.0}],"player_experience":1315740,"relics_obtained":[{"floor":9.0,"key":"Thread and Needle"},{"floor":12.0,"key":"Orichalcum"},{"floor":25.0,"key":"Sundial"},{"floor":26.0,"key":"Mummified Hand"},{"floor":29.0,"key":"Torii"}],"event_choices":[{"damage_healed":0.0,"max_hp_gain":0.0,"max_hp_loss":0.0,"gold_gain":0.0,"event_name":"Shining Light","player_choice":"Entered Light","floor":3.0,"gold_loss":0.0,"damage_taken":23.0,"cards_upgraded":["Strike_R","Bash"]},{"damage_healed":0.0,"max_hp_gain":0.0,"max_hp_loss":0.0,"gold_gain":62.0,"event_name":"Golden Wing","player_choice":"Gained Gold","floor":4.0,"gold_loss":0.0,"damage_taken":0.0},{"damage_healed":0.0,"max_hp_gain":0.0,"max_hp_loss":0.0,"gold_gain":0.0,"event_name":"Accursed Blacksmith","player_choice":"Forge","floor":10.0,"gold_loss":0.0,"damage_taken":0.0,"cards_upgraded":["Fire Breathing"]},{"damage_healed":0.0,"max_hp_gain":0.0,"max_hp_loss":0.0,"gold_gain":0.0,"event_name":"Vampires","player_choice":"Ignored","floor":19.0,"gold_loss":0.0,"damage_taken":0.0},{"damage_healed":0.0,"max_hp_gain":0.0,"max_hp_loss":0.0,"gold_gain":0.0,"event_name":"The Mausoleum","player_choice":"Opened","floor":21.0,"gold_loss":0.0,"damage_taken":0.0,"relics_obtained":["Letter Opener"],"cards_obtained":["Writhe"]},{"cards_removed":["Writhe"],"damage_healed":0.0,"max_hp_gain":0.0,"max_hp_loss":0.0,"gold_gain":0.0,"event_name":"Beggar","player_choice":"Gave Gold","floor":24.0,"gold_loss":75.0,"damage_taken":0.0}],"is_beta":true,"boss_relics":[{"not_picked":["Runic Pyramid","Astrolabe"],"picked":"Runic Cube"}],"items_purged_floors":[],"is_endless":false,"potions_floor_spawned":[8,11,14,20,29],"killed_by":"Automaton","ascension_level":20}