{"gold_per_floor":[117,136,286,286,286,286,321,346,376,717,172,172,203,226,238,340,352,384,396,323,335,347,359,401,413,425,452,514,526,813,858,870,882],"floor_reached":33,"playtime":2856,"items_purged":["Doubt"],"score":615,"play_id":"e50c50e8-ab3e-4ec7-8cc7-618301e02c2f","local_time":"20190822131038","is_ascension_mode":true,"campfire_choices":[{"data":"Zap","floor":6.0,"key":"SMITH"},{"floor":12.0,"key":"REST"},{"floor":15.0,"key":"REST"},{"data":"Defragment","floor":23.0,"key":"SMITH"},{"data":"Doom and Gloom","floor":25.0,"key":"SMITH"},{"data":"Coolheaded","floor":29.0,"key":"SMITH"},{"data":"Lockon","floor":32.0,"key":"SMITH"}],"neow_cost":"NONE","seed_source_timestamp":697615936195709,"circlet_count":0,"master_deck":["AscendersBane","Strike_B","Strike_B","Strike_B","Strike_B","Defend_B","Defend_B+1","Defend_B+1","Defend_B","Zap+1","Dualcast+1","Doom and Gloom+1","Steam+1","Hello World","Lockon+1","Coolheaded+1","Defragment+1","Fusion+1","Fission+1","Sweeping Beam+1","Conserve Battery+1","Conserve Battery+1","Regret","Darkness+1"],"special_seed":0,"relics":["Cracked Core","War Paint","Bloody Idol","Sundial","Tiny Chest","Old Coin","PreservedInsect","Medical Kit","Toxic Egg 2","MawBank","Coffee Dripper","Vajra","Regal Pillow","Gremlin Horn","Bottled Lightning"],"potions_floor_usage":[33],"damage_taken":[{"damage":0.0,"enemies":"Jaw Worm","floor":1.0,"turns":3.0},{"damage":0.0,"enemies":"2 Louse","floor":2.0,"turns":2.0},{"damage":12.0,"enemies":"3 Sentries","floor":7.0,"turns":4.0},{"damage":0.0,"enemies":"Small Slimes","floor":8.0,"turns":2.0},{"damage":27.0,"enemies":"Lagavulin","floor":10.0,"turns":5.0},{"damage":8.0,"enemies":"Gremlin Nob","floor":13.0,"turns":3.0},{"damage":3.0,"enemies":"Slime Boss","floor":16.0,"turns":9.0},{"damage":5.0,"enemies":"3 Byrds","floor":18.0,"turns":5.0},{"damage":62.0,"enemies":"Gremlin Leader","floor":24.0,"turns":5.0},{"damage":0.0,"enemies":"Spheric Guardian","floor":27.0,"turns":2.0},{"damage":24.0,"enemies":"Slavers","floor":31.0,"turns":3.0},{"damage":55,"enemies":"Champ","floor":33,"turns":8}],"seed_played":"7549180797045925453","potions_obtained":[{"floor":1.0,"key":"AttackPotion"},{"floor":7.0,"key":"Energy Potion"},{"floor":10.0,"key":"Block Potion"},{"floor":18.0,"key":"SkillPotion"},{"floor":31.0,"key":"SteroidPotion"}],"is_trial":false,"path_per_floor":["M","M","?","?","?","R","E","M","T","E","$","R","E","T","R","B",null,"M","?","?","$","?","R","E","R","T","M","?","R","?","E","R","B"],"character_chosen":"DEFECT","items_purchased":["PreservedInsect","Medical Kit","Defragment"],"campfire_rested":2,"item_purchase_floors":[11,11,11],"current_hp_per_floor":[64,64,64,43,43,43,31,31,31,4,4,23,15,15,34,31,56,51,64,64,64,64,64,7,12,17,27,37,42,52,38,43,0],"gold":882,"neow_bonus":"RANDOM_COMMON_RELIC","is_prod":false,"is_daily":false,"chose_seed":false,"campfire_upgraded":5,"win_rate":0,"timestamp":1566504638,"path_taken":["M","M","?","?","?","R","E","M","T","E","$","R","E","?","R","BOSS","M","?","?","?","?","R","E","R","T","M","?","R","?","E","R","BOSS"],"build_version":"2019-07-17","purchased_purges":1,"victory":false,"max_hp_per_floor":[71,71,71,71,64,64,64,64,64,64,64,64,64,64,64,64,64,64,64,64,64,64,64,64,64,64,64,64,64,64,64,64,64],"card_choices":[{"not_picked":["Turbo","Reprogram"],"picked":"Doom and Gloom","floor":1.0},{"not_picked":["Blizzard","Turbo"],"picked":"Steam","floor":2.0},{"not_picked":["Go for the Eyes","Reprogram"],"picked":"Hello World","floor":7.0},{"not_picked":["Coolheaded","Leap"],"picked":"Lockon","floor":8.0},{"not_picked":["Rip and Tear","Loop"],"picked":"Coolheaded","floor":10.0},{"not_picked":["Chill","Stack"],"picked":"Fusion","floor":13.0},{"not_picked":["Thunder Strike","Amplify+1"],"picked":"Fission+1","floor":16.0},{"not_picked":["Leap+1","Melter"],"picked":"Sweeping Beam+1","floor":18.0},{"not_picked":["Melter","Cold Snap"],"picked":"Conserve Battery+1","floor":24.0},{"not_picked":["Turbo+1","Melter"],"picked":"Conserve Battery+1","floor":27.0},{"not_picked":["Hologram+1","Chaos+1"],"picked":"Darkness+1","floor":31.0}],"player_experience":742960,"relics_obtained":[{"floor":7.0,"key":"Sundial"},{"floor":9.0,"key":"Tiny Chest"},{"floor":10.0,"key":"Old Coin"},{"floor":13.0,"key":"Toxic Egg 2"},{"floor":14.0,"key":"MawBank"},{"floor":24.0,"key":"Regal Pillow"},{"floor":26.0,"key":"Gremlin Horn"},{"floor":31.0,"key":"Bottled Lightning"}],"event_choices":[{"damage_healed":0.0,"max_hp_gain":0.0,"max_hp_loss":0.0,"gold_gain":150.0,"event_name":"Liars Game","player_choice":"AGREE","floor":3.0,"gold_loss":0.0,"damage_taken":0.0,"cards_obtained":["Doubt"]},{"damage_healed":0.0,"max_hp_gain":0.0,"max_hp_loss":0.0,"gold_gain":0.0,"event_name":"Shining Light","player_choice":"Entered Light","floor":4.0,"gold_loss":0.0,"damage_taken":21.0,"cards_upgraded":["Dualcast","Steam"]},{"damage_healed":0.0,"max_hp_gain":0.0,"max_hp_loss":7.0,"gold_gain":0.0,"event_name":"Golden Idol","player_choice":"Lose Max HP","floor":5.0,"gold_loss":0.0,"damage_taken":0.0,"relics_obtained":["Golden Idol"]},{"damage_healed":13.0,"max_hp_gain":0.0,"max_hp_loss":0.0,"gold_gain":0.0,"event_name":"The Library","player_choice":"Heal","floor":19.0,"gold_loss":0.0,"damage_taken":0.0},{"damage_healed":0.0,"max_hp_gain":0.0,"max_hp_loss":0.0,"gold_gain":0.0,"event_name":"Addict","player_choice":"Obtained Relic","floor":20.0,"gold_loss":85.0,"damage_taken":0.0,"relics_obtained":["Vajra"]},{"damage_healed":0.0,"max_hp_gain":0.0,"max_hp_loss":0.0,"gold_gain":0.0,"event_name":"Forgotten Altar","player_choice":"Gave Idol","floor":22.0,"relics_lost":["Golden Idol"],"gold_loss":0.0,"damage_taken":0.0,"relics_obtained":["Bloody Idol"]},{"damage_healed":0.0,"max_hp_gain":0.0,"max_hp_loss":0.0,"gold_gain":50.0,"event_name":"Nest","player_choice":"Stole From Cult","floor":28.0,"gold_loss":0.0,"damage_taken":0.0},{"damage_healed":0.0,"max_hp_gain":0.0,"max_hp_loss":0.0,"gold_gain":275.0,"event_name":"Golden Shrine","player_choice":"Desecrate","floor":30.0,"gold_loss":0.0,"damage_taken":0.0,"cards_obtained":["Regret"]}],"is_beta":false,"boss_relics":[{"not_picked":["Busted Crown","FrozenCore"],"picked":"Coffee Dripper"}],"items_purged_floors":[11],"is_endless":false,"potions_floor_spawned":[1,7,10,18,31],"killed_by":"Champ","ascension_level":20}