{"gold_per_floor":[113,113,113,38,52,83,99,116,142,174,221,245,283,20,20,122,122,142,153,153,164,178,207,207,238,287,387,387,422,435,447,447,548,548,568,568,568,423,423,456,456,467,467,484,515,526,560,82,82,82],"floor_reached":51,"playtime":13995,"items_purged":["Injury","Strike_R"],"score":830,"play_id":"f556d713-9b64-4a26-8a83-8bf399cc89bb","local_time":"20190915193505","is_ascension_mode":true,"campfire_choices":[{"floor":15.0,"key":"REST"},{"floor":24.0,"key":"REST"},{"data":"Rampage","floor":32,"key":"SMITH"},{"data":"Armaments","floor":41,"key":"SMITH"},{"data":"Berserk","floor":49,"key":"SMITH"}],"neow_cost":"CURSE","seed_source_timestamp":0,"circlet_count":0,"master_deck":["Strike_R","Strike_R","Strike_R","Strike_R","Defend_R","Defend_R","Defend_R","Defend_R","Bash","Rampage+1","Headbutt","Cleave","Uppercut","Headbutt","Dual Wield+1","Berserk+1","Metallicize+1","Uppercut","Intimidate","Pommel Strike","Pommel Strike+1","Exhume","Armaments","Shrug It Off","Battle Trance","Armaments+1","Spot Weakness","Master of Strategy","Headbutt+1","Warcry+1","Shockwave","Disarm","Disarm","Sadistic Nature"],"special_seed":0,"relics":["Burning Blood","Juzu Bracelet","Lantern","MawBank","Unceasing Top","Sundial","ClockworkSouvenir","Snecko Eye","Bottled Tornado","Ancient Tea Set","Omamori","Charon\u0027s Ashes","Letter Opener","Bottled Lightning","Orrery","Bronze Scales","Potion Belt","Meat on the Bone","Pen Nib","Bag of Marbles","Strange Spoon"],"potions_floor_usage":[50,50,50,50,50],"damage_taken":[{"damage":5.0,"enemies":"Jaw Worm","floor":1.0,"turns":6.0},{"damage":4.0,"enemies":"Small Slimes","floor":5.0,"turns":4.0},{"damage":51.0,"enemies":"3 Sentries","floor":6.0,"turns":10.0},{"damage":1.0,"enemies":"Cultist","floor":7.0,"turns":3.0},{"damage":5.0,"enemies":"Exordium Thugs","floor":8.0,"turns":4.0},{"damage":5.0,"enemies":"2 Fungi Beasts","floor":10.0,"turns":4.0},{"damage":15.0,"enemies":"Gremlin Nob","floor":11.0,"turns":4.0},{"damage":8.0,"enemies":"Gremlin Gang","floor":12.0,"turns":4.0},{"damage":35.0,"enemies":"Lagavulin","floor":13.0,"turns":6.0},{"damage":30.0,"enemies":"Hexaghost","floor":16.0,"turns":8.0},{"damage":16.0,"enemies":"Shell Parasite","floor":18.0,"turns":4.0},{"damage":15.0,"enemies":"3 Byrds","floor":19.0,"turns":4.0},{"damage":45.0,"enemies":"3 Cultists","floor":21.0,"turns":6.0},{"damage":6.0,"enemies":"Snecko","floor":22.0,"turns":3.0},{"damage":13.0,"enemies":"Gremlin Leader","floor":23.0,"turns":7.0},{"damage":44.0,"enemies":"Slavers","floor":25.0,"turns":5.0},{"damage":30,"enemies":"Colosseum Slavers","floor":27,"turns":5},{"damage":41,"enemies":"Colosseum Nobs","floor":27,"turns":5},{"damage":12,"enemies":"Book of Stabbing","floor":29,"turns":3},{"damage":30,"enemies":"Snake Plant","floor":30,"turns":4},{"damage":22,"enemies":"Centurion and Healer","floor":31,"turns":4},{"damage":72,"enemies":"Champ","floor":33,"turns":14},{"damage":30,"enemies":"3 Darklings","floor":35,"turns":9},{"damage":102,"enemies":"Nemesis","floor":40,"turns":11},{"damage":19,"enemies":"Orb Walker","floor":42,"turns":4},{"damage":34,"enemies":"Spire Growth","floor":44,"turns":4},{"damage":109,"enemies":"Giant Head","floor":45,"turns":9},{"damage":34,"enemies":"3 Darklings","floor":46,"turns":3},{"damage":37,"enemies":"Nemesis","floor":47,"turns":8},{"damage":116,"enemies":"Awakened One","floor":50,"turns":14}],"seed_played":"-5968563589776343786","potions_obtained":[{"floor":6.0,"key":"Swift Potion"},{"floor":7.0,"key":"SkillPotion"},{"floor":8.0,"key":"Strength Potion"},{"floor":16.0,"key":"Energy Potion"},{"floor":21.0,"key":"Dexterity Potion"},{"floor":22.0,"key":"FearPotion"},{"floor":23.0,"key":"BloodPotion"},{"floor":27,"key":"AttackPotion"},{"floor":31,"key":"SpeedPotion"},{"floor":33,"key":"BloodPotion"},{"floor":46,"key":"SpeedPotion"},{"floor":47,"key":"Regen Potion"}],"is_trial":false,"path_per_floor":["M","?","?","$","M","E","M","M","T","M","E","M","E","$","R","B",null,"M","M","?","M","M","E","R","E","T","?","?","E","M","M","R","B",null,"M","?","?","$","?","E","R","M","T","M","E","M","E","$","R","B",null],"character_chosen":"IRONCLAD","items_purchased":["ClockworkSouvenir","Dual Wield","Bronze Scales","Strange Spoon","Sadistic Nature"],"campfire_rested":2,"item_purchase_floors":[14,14,38,48,48],"current_hp_per_floor":[96,101,101,101,101,56,61,62,62,63,54,52,23,23,53,29,101,91,82,82,43,43,36,66,53,53,54,54,48,101,85,85,19,101,77,101,101,101,101,83,83,70,70,54,74,101,70,70,70,93],"gold":82,"neow_bonus":"TWENTY_PERCENT_HP_BONUS","is_prod":false,"is_daily":false,"chose_seed":false,"campfire_upgraded":3,"win_rate":0,"timestamp":1568568905,"path_taken":["M","?","?","$","M","E","M","M","T","M","E","M","E","$","R","BOSS","M","M","?","M","M","E","R","E","T","?","?","E","M","M","R","BOSS","M","?","?","$","?","E","R","M","T","M","E","M","E","?","R","BOSS"],"build_version":"2019-07-17","purchased_purges":2,"victory":true,"max_hp_per_floor":[96,101,101,101,101,101,101,101,101,101,101,101,101,101,101,101,101,101,101,101,101,101,101,101,101,101,101,101,101,101,101,101,101,101,101,101,101,101,101,101,101,101,101,101,101,101,101,101,101,101],"card_choices":[{"not_picked":["Body Slam","Metallicize"],"picked":"Seeing Red","floor":1.0},{"not_picked":["Feel No Pain","Infernal Blade"],"picked":"Rampage","floor":5.0},{"not_picked":["Warcry","Perfected Strike"],"picked":"Headbutt","floor":6.0},{"not_picked":["Fire Breathing","Shrug It Off"],"picked":"Cleave","floor":7.0},{"not_picked":["Cleave","Rupture","Anger"],"picked":"SKIP","floor":8.0},{"not_picked":["Berserk","Cleave","True Grit"],"picked":"SKIP","floor":10.0},{"not_picked":["Cleave","Sentinel"],"picked":"Uppercut","floor":11.0},{"not_picked":["Perfected Strike","Thunderclap"],"picked":"Headbutt","floor":12.0},{"not_picked":["Rage","Juggernaut","Anger"],"picked":"SKIP","floor":13.0},{"not_picked":["Brutality","Bludgeon"],"picked":"Berserk","floor":16.0},{"not_picked":["Heavy Blade","Twin Strike","Perfected Strike"],"picked":"SKIP","floor":18.0},{"not_picked":["Iron Wave","Sentinel"],"picked":"Metallicize+1","floor":19.0},{"not_picked":["Body Slam","Searing Blow"],"picked":"Intimidate","floor":21.0},{"not_picked":["Sword Boomerang+1","Cleave","Twin Strike"],"picked":"SKIP","floor":22.0},{"not_picked":["True Grit","Juggernaut"],"picked":"Pommel Strike","floor":23.0},{"not_picked":["Reckless Charge","Sword Boomerang","Whirlwind+1"],"picked":"SKIP","floor":25.0},{"not_picked":["Evolve","Whirlwind+1"],"picked":"Pommel Strike+1","floor":27},{"not_picked":["Havoc","Cleave","Sever Soul"],"picked":"SKIP","floor":29},{"not_picked":["Blood for Blood","Evolve","Pummel"],"picked":"SKIP","floor":30},{"not_picked":["Sword Boomerang","Clothesline","Clash"],"picked":"SKIP","floor":31},{"not_picked":["Limit Break","Immolate"],"picked":"Exhume","floor":33},{"not_picked":["Spot Weakness","Cleave"],"picked":"Armaments","floor":34},{"not_picked":["Fiend Fire","Headbutt"],"picked":"Shrug It Off","floor":34},{"not_picked":["Blood for Blood","Heavy Blade"],"picked":"Battle Trance","floor":34},{"not_picked":["Thunderclap","Heavy Blade"],"picked":"Armaments","floor":34},{"not_picked":["Wild Strike","Cleave"],"picked":"Spot Weakness","floor":34},{"not_picked":["Anger+1","Wild Strike+1","Intimidate"],"picked":"SKIP","floor":35},{"not_picked":["Swift Strike","PanicButton"],"picked":"Master of Strategy","floor":37},{"not_picked":["Armaments","Clash"],"picked":"Headbutt+1","floor":40},{"not_picked":["Thunderclap","Iron Wave"],"picked":"Warcry+1","floor":42},{"not_picked":["Offering","Havoc+1","Hemokinesis"],"picked":"SKIP","floor":44},{"not_picked":["Sword Boomerang","Armaments"],"picked":"Shockwave","floor":45},{"not_picked":["Fire Breathing","Uppercut+1"],"picked":"Disarm","floor":46},{"not_picked":["Clothesline","Uppercut"],"picked":"Disarm","floor":47}],"player_experience":111251,"relics_obtained":[{"floor":6.0,"key":"Lantern"},{"floor":9.0,"key":"MawBank"},{"floor":11.0,"key":"Unceasing Top"},{"floor":13.0,"key":"Sundial"},{"floor":23.0,"key":"Bottled Tornado"},{"floor":25.0,"key":"Ancient Tea Set"},{"floor":26.0,"key":"Omamori"},{"floor":27,"key":"Charon\u0027s Ashes"},{"floor":27,"key":"Letter Opener"},{"floor":29,"key":"Bottled Lightning"},{"floor":40,"key":"Potion Belt"},{"floor":43,"key":"Meat on the Bone"},{"floor":45,"key":"Pen Nib"},{"floor":47,"key":"Bag of Marbles"}],"event_choices":[{"damage_healed":0.0,"max_hp_gain":5.0,"max_hp_loss":0.0,"gold_gain":0.0,"event_name":"Big Fish","player_choice":"Donut","floor":2.0,"gold_loss":0.0,"damage_taken":0.0},{"cards_removed":["Seeing Red"],"damage_healed":0.0,"max_hp_gain":0.0,"max_hp_loss":0.0,"gold_gain":0.0,"event_name":"WeMeetAgain","player_choice":"Gave Card","floor":3.0,"gold_loss":0.0,"damage_taken":0.0,"relics_obtained":["Juzu Bracelet"]},{"damage_healed":0.0,"max_hp_gain":0.0,"max_hp_loss":0.0,"gold_gain":0.0,"event_name":"Duplicator","player_choice":"Copied","floor":20.0,"gold_loss":0.0,"damage_taken":0.0,"cards_obtained":["Uppercut"]},{"damage_healed":0,"gold_gain":0,"player_choice":"Fight","damage_taken":0,"max_hp_gain":0,"max_hp_loss":0,"event_name":"Colosseum","floor":27,"gold_loss":0},{"damage_healed":0,"gold_gain":0,"player_choice":"Fought Nobs","damage_taken":0,"max_hp_gain":0,"max_hp_loss":0,"event_name":"Colosseum","floor":27,"gold_loss":0},{"damage_healed":0,"gold_gain":0,"player_choice":"Forge","damage_taken":0,"max_hp_gain":0,"max_hp_loss":0,"event_name":"Accursed Blacksmith","floor":28,"gold_loss":0,"cards_upgraded":["Dual Wield"]},{"damage_healed":25,"gold_gain":0,"player_choice":"Writhe","damage_taken":0,"max_hp_gain":0,"max_hp_loss":0,"event_name":"Winding Halls","floor":36,"gold_loss":0,"cards_obtained":["Writhe"]},{"damage_healed":0,"gold_gain":0,"player_choice":"Memory 1","damage_taken":0,"max_hp_gain":0,"max_hp_loss":0,"event_name":"SensoryStone","floor":37,"gold_loss":0},{"damage_healed":0,"gold_gain":0,"player_choice":"Ignored","damage_taken":0,"max_hp_gain":0,"max_hp_loss":0,"event_name":"Tomb of Lord Red Mask","floor":39,"gold_loss":0}],"is_beta":false,"boss_relics":[{"not_picked":["Black Star","Sozu"],"picked":"Snecko Eye"},{"not_picked":["Lizard Tail","Runic Dome"],"picked":"Orrery"}],"items_purged_floors":[4,48],"is_endless":false,"potions_floor_spawned":[6,7,8,10,16,21,22,23,27,31,33,35,46,47],"ascension_level":1}