{"path_per_floor":["M","?","?","M","M","R","?","E","T","M","R","M","T","M","R","B",null,"M","?","M","M","M","E","R","M","T","M","R","$","E","?","R","B",null,"M","?","?","$","M","R","E","R","T","E","R","E","M","?","R","B"],"character_chosen":"DEFECT","items_purchased":["Capacitor","Storm","Centennial Puzzle","Barrage","Thunder Strike","FTL","Thunder Strike"],"gold_per_floor":[111,111,111,125,144,144,144,183,183,208,208,228,253,276,276,396,396,420,420,439,463,476,509,509,529,529,542,542,28,69,69,69,199,199,223,223,283,56,74,74,109,109,109,150,150,183,208,208,208,208],"floor_reached":51,"campfire_rested":3,"playtime":6557,"current_hp_per_floor":[60,60,43,43,43,43,31,28,28,20,20,17,17,17,17,9,68,46,46,46,42,38,34,34,24,24,16,16,16,16,16,51,30,68,68,68,50,50,46,46,32,67,67,67,67,68,54,45,68,56],"items_purged":["Strike_B","Strike_B"],"gold":208,"score":839,"play_id":"0a27a368-83e1-46f6-ba5c-4cf2d983580f","local_time":"20180427224813","is_prod":false,"is_daily":false,"chose_seed":false,"is_ascension_mode":true,"campfire_upgraded":7,"timestamp":1524894493,"path_taken":["M","?","?","?","M","R","?","E","T","M","R","M","?","?","R","BOSS","M","?","M","M","M","E","R","M","T","M","R","$","E","?","R","BOSS","M","?","?","$","M","R","E","R","T","E","R","E","M","?","R","BOSS"],"build_version":"2018-04-26v2","seed_source_timestamp":0,"purchased_purges":2,"victory":true,"master_deck":["Defend_B","Defend_B","Defend_B","Zap+1","Dualcast+1","Glacier+1","Loop","Redo+1","Impulse+1","Leap+1","Streamline","Auto Shields","Reboot","Capacitor+1","Defragment+1","Chill+1","Static Discharge","Leap+1","Chaos+1","Fission+1","Buffer+1","Capacitor+1","Storm+1","Barrage+1","Thunder Strike+1","Seek","Skim+1","Bandage Up","Barrage+1","FTL+1","Thunder Strike+1","Flux Capacitor","White Noise+1","Madness","Madness"],"max_hp_per_floor":[68,68,68,68,68,68,68,68,68,68,68,68,68,68,68,68,68,68,68,68,68,68,68,68,68,68,68,68,68,68,68,68,68,68,68,68,68,68,68,68,68,68,68,68,68,68,68,68,68,68],"relics":["Cracked Core","Golden Idol","Mercury Hourglass","The Courier","Dodecahedron","Ancient Tea Set","Sozu","Molten Egg 2","Frozen Egg 2","Centennial Puzzle","Regal Pillow","Lizard Tail","Ice Cream","War Paint","Bottled Lightning","Pantograph","Bag of Preparation"],"card_choices":[{"not_picked":["Storm","Hologram"],"picked":"Glacier","floor":1.0},{"not_picked":["Buffer","Chaos"],"picked":"Loop","floor":4.0},{"not_picked":["Rebound","Skim"],"picked":"Redo","floor":5.0},{"not_picked":["Cold Snap","Reinforced Body"],"picked":"Impulse","floor":8.0},{"not_picked":["White Noise","Rebound"],"picked":"Leap","floor":10.0},{"not_picked":["Buffer","Skim"],"picked":"Streamline","floor":12.0},{"not_picked":["Static Discharge","Coolheaded"],"picked":"Auto Shields","floor":14.0},{"not_picked":["Rainbow","Biased Cognition"],"picked":"Reboot","floor":16.0},{"not_picked":["Double Energy","Ball Lightning"],"picked":"Capacitor","floor":18.0},{"not_picked":["Streamline","Force Field"],"picked":"Chill","floor":20.0},{"not_picked":["Reprogram","Steam Power"],"picked":"Static Discharge","floor":21.0},{"not_picked":["Gash","Hello World"],"picked":"Leap","floor":22.0},{"not_picked":["Steam Power","White Noise"],"picked":"Chaos","floor":23.0},{"not_picked":["Genetic Algorithm","Go for the Eyes"],"picked":"Fission","floor":25.0},{"not_picked":["Beam Cell","Reinforced Body"],"picked":"Buffer","floor":27.0},{"not_picked":["Biased Cognition","Fusion"],"picked":"Seek","floor":33.0},{"not_picked":["Go for the Eyes","Stack"],"picked":"Skim","floor":35.0},{"not_picked":["Finesse","Dramatic Entrance"],"picked":"Bandage Up","floor":36.0},{"not_picked":["Hello World","Axe Kick"],"picked":"Barrage","floor":37.0},{"not_picked":["Redo","Hologram"],"picked":"Flux Capacitor","floor":44.0},{"not_picked":["Stack","Rebound"],"picked":"White Noise","floor":46.0}],"player_experience":431655,"potions_floor_usage":[],"damage_taken":[{"damage":8.0,"enemies":"Small Slimes","floor":1.0,"turns":3.0},{"damage":0.0,"enemies":"2 Louse","floor":4.0,"turns":3.0},{"damage":0.0,"enemies":"Cultist","floor":5.0,"turns":5.0},{"damage":3.0,"enemies":"3 Sentries","floor":8.0,"turns":6.0},{"damage":8.0,"enemies":"Lots of Slimes","floor":10.0,"turns":3.0},{"damage":3.0,"enemies":"3 Louse","floor":12.0,"turns":3.0},{"damage":0.0,"enemies":"Large Slime","floor":14.0,"turns":4.0},{"damage":8.0,"enemies":"The Guardian","floor":16.0,"turns":11.0},{"damage":22.0,"enemies":"Chosen","floor":18.0,"turns":6.0},{"damage":0.0,"enemies":"Spheric Guardian","floor":20.0,"turns":6.0},{"damage":4.0,"enemies":"3 Cultists","floor":21.0,"turns":6.0},{"damage":4.0,"enemies":"Snake Plant","floor":22.0,"turns":6.0},{"damage":4.0,"enemies":"Book of Stabbing","floor":23.0,"turns":8.0},{"damage":10.0,"enemies":"Chosen and Byrds","floor":25.0,"turns":6.0},{"damage":8.0,"enemies":"Cultist and Chosen","floor":27.0,"turns":5.0},{"damage":0.0,"enemies":"Gremlin Leader","floor":30.0,"turns":5.0},{"damage":21.0,"enemies":"Collector","floor":33.0,"turns":8.0},{"damage":0.0,"enemies":"3 Shapes","floor":35.0,"turns":4.0},{"damage":18.0,"enemies":"Mysterious Sphere","floor":37.0,"turns":5.0},{"damage":8.0,"enemies":"Orb Walker","floor":39.0,"turns":3.0},{"damage":18.0,"enemies":"2 Orb Walkers","floor":41.0,"turns":3.0},{"damage":4.0,"enemies":"Giant Head","floor":44.0,"turns":8.0},{"damage":0.0,"enemies":"2 Orb Walkers","floor":46.0,"turns":4.0},{"damage":21.0,"enemies":"Spire Growth","floor":47.0,"turns":4.0},{"damage":16,"enemies":"Awakened One","floor":50,"turns":8}],"event_choices":[{"event_name":"Living Wall","player_choice":"Forget","floor":2.0,"damage_taken":0.0},{"event_name":"Golden Idol","player_choice":"Take Damage","floor":3.0,"damage_taken":0.0},{"event_name":"Scrap Ooze","player_choice":"success","floor":7.0,"damage_taken":12.0},{"event_name":"The Library","player_choice":"Read","floor":19.0,"damage_taken":0.0},{"event_name":"Addict","player_choice":"Ignored","floor":31.0,"damage_taken":0.0},{"event_name":"SensoryStone","player_choice":"Memory 1","floor":36.0,"damage_taken":0.0},{"event_name":"Mysterious Sphere","player_choice":"Fight","floor":37.0,"damage_taken":0.0},{"event_name":"Winding Halls","player_choice":"Embrace Madness","floor":48,"damage_taken":0}],"boss_relics":[],"potions_floor_spawned":[1,4,14,18,20,27,30,39,41,44],"seed_played":"1603597877047224652","ascension_level":1,"is_trial":false}