{"gold_per_floor":[118,118,7,18,18,46,62,87,87,119,19,19,19,37,37,142,142,155,155,255,267,278,278,319,319,319,339,365,365,365,372,372,482,482,509,534,548,109,109,109,143,159,159,191,201,236,256,289,289,289],"floor_reached":50,"playtime":6475,"items_purged":["Defend_P","Defend_P"],"score":804,"play_id":"5b9f15ab-4a99-460d-a565-cea668f00724","local_time":"20190911001949","is_ascension_mode":true,"campfire_choices":[{"data":"WindmillStrike","floor":12.0,"key":"SMITH"},{"data":"BowlingBash","floor":15.0,"key":"SMITH"},{"data":"DevaForm","floor":23.0,"key":"SMITH"},{"data":"Protect","floor":25.0,"key":"SMITH"},{"data":"Devotion","floor":29.0,"key":"SMITH"},{"data":"Eruption","floor":32.0,"key":"SMITH"},{"data":"Madness","floor":40.0,"key":"SMITH"},{"floor":49,"key":"RECALL"}],"neow_cost":"NONE","seed_source_timestamp":0,"circlet_count":0,"master_deck":["Strike_P+1","Strike_P+1","Strike_P+1","Strike_P+1","Defend_P+1","Defend_P+1","Eruption+1","Vigilance+1","Protect+1","Adaptation","BowlingBash+1","WindmillStrike+1","ClearTheMind+1","Prostrate+1","Swivel+1","DevaForm+1","Protect+1","SpiritShield+1","FlyingSleeves+1","Devotion+1","LessonLearned","Necronomicurse","Alpha+1","Scrawl+1","FlurryOfBlows+1","Madness+1","Madness+1","Sanctity+1","EmptyMind+1","CrushJoints+1","Parasite","DeceiveReality+1"],"special_seed":0,"relics":["PureWater","NeowsBlessing","Ancient Tea Set","Pocketwatch","Mercury Hourglass","Gremlin Horn","Philosopher\u0027s Stone","CeramicFish","Meat on the Bone","Necronomicon","Coffee Dripper","Toolbox","Bag of Marbles","Melange","FossilizedHelix","Boot","Blood Vial"],"potions_floor_usage":[],"damage_taken":[{"damage":0.0,"enemies":"2 Louse","floor":1.0,"turns":1.0},{"damage":0.0,"enemies":"Cultist","floor":4.0,"turns":1.0},{"damage":0.0,"enemies":"Gremlin Nob","floor":6.0,"turns":1.0},{"damage":0.0,"enemies":"Small Slimes","floor":7.0,"turns":1.0},{"damage":7.0,"enemies":"Lagavulin","floor":8.0,"turns":5.0},{"damage":16.0,"enemies":"Gremlin Nob","floor":10.0,"turns":3.0},{"damage":0.0,"enemies":"2 Fungi Beasts","floor":14.0,"turns":2.0},{"damage":31.0,"enemies":"Slime Boss","floor":16.0,"turns":5.0},{"damage":6.0,"enemies":"Chosen","floor":18.0,"turns":6.0},{"damage":5.0,"enemies":"3 Byrds","floor":21.0,"turns":4.0},{"damage":0.0,"enemies":"Snecko","floor":22.0,"turns":4.0},{"damage":0.0,"enemies":"Gremlin Leader","floor":24.0,"turns":6.0},{"damage":2.0,"enemies":"Centurion and Healer","floor":27.0,"turns":3.0},{"damage":0.0,"enemies":"3 Cultists","floor":28.0,"turns":2.0},{"damage":9.0,"enemies":"Collector","floor":33.0,"turns":7.0},{"damage":9.0,"enemies":"3 Darklings","floor":35.0,"turns":5.0},{"damage":14.0,"enemies":"3 Shapes","floor":36.0,"turns":7.0},{"damage":2.0,"enemies":"Reptomancer","floor":41.0,"turns":5.0},{"damage":0.0,"enemies":"Transient","floor":42.0,"turns":5.0},{"damage":12.0,"enemies":"Nemesis","floor":44.0,"turns":5.0},{"damage":16.0,"enemies":"Spire Growth","floor":45.0,"turns":8.0},{"damage":0.0,"enemies":"Giant Head","floor":46.0,"turns":6.0},{"damage":0.0,"enemies":"Maw","floor":47.0,"turns":5.0},{"damage":0,"enemies":"Writhing Mass","floor":48,"turns":7},{"damage":56,"enemies":"Donu and Deca","floor":50,"turns":5}],"seed_played":"4673387378397678065","potions_obtained":[{"floor":2.0,"key":"Ancient Potion"},{"floor":2.0,"key":"DuplicationPotion"},{"floor":2.0,"key":"StancePotion"},{"floor":4.0,"key":"SpeedPotion"},{"floor":8.0,"key":"Weak Potion"},{"floor":10.0,"key":"Weak Potion"},{"floor":16.0,"key":"Block Potion"},{"floor":18.0,"key":"FearPotion"},{"floor":21.0,"key":"Poison Potion"},{"floor":28.0,"key":"StancePotion"},{"floor":36.0,"key":"Poison Potion"},{"floor":44.0,"key":"StancePotion"},{"floor":45.0,"key":"Energy Potion"},{"floor":48,"key":"StancePotion"}],"is_trial":false,"path_per_floor":["M","?","$","M","$","E","M","E","T","E","$","R","?","M","R","B",null,"M","?","?","M","M","R","E","R","T","M","M","R","?","?","R","B",null,"M","M","?","$","?","R","E","M","T","E","M","E","M","M","R","B"],"character_chosen":"WATCHER","items_purchased":["Adaptation","Toolbox","Bag of Marbles","Melange"],"campfire_rested":0,"item_purchase_floors":[3,38,38,38],"current_hp_per_floor":[65,65,65,65,65,65,65,58,58,42,42,42,42,42,42,11,65,59,59,59,54,54,54,54,54,54,52,52,52,52,36,36,39,65,56,42,34,34,34,34,44,44,44,44,40,40,42,44,44,0],"gold":289,"neow_bonus":"THREE_ENEMY_KILL","is_prod":false,"is_daily":false,"chose_seed":false,"campfire_upgraded":7,"win_rate":0,"timestamp":1568186389,"path_taken":["M","?","$","M","?","E","M","E","T","E","$","R","?","M","R","BOSS","M","?","?","?","M","R","E","R","T","M","M","R","?","?","R","BOSS","M","M","?","$","?","R","E","?","T","E","M","E","M","M","R","BOSS"],"build_version":"2019-09-10","purchased_purges":2,"victory":false,"max_hp_per_floor":[65,65,65,65,65,65,65,65,65,65,65,65,65,65,65,65,65,65,65,65,65,65,65,65,65,65,65,65,65,65,65,65,65,65,65,65,65,65,65,65,65,65,65,65,65,65,65,65,65,65],"card_choices":[{"not_picked":["Consecrate","WaveOfTheHand"],"picked":"Protect","floor":1.0},{"not_picked":["InnerPeace","Clarity"],"picked":"BowlingBash","floor":4.0},{"not_picked":["FlyingSleeves","Sanctity"],"picked":"WindmillStrike","floor":6.0},{"not_picked":["ThirdEye","Clarity"],"picked":"ClearTheMind","floor":7.0},{"not_picked":["Sanctity","Wireheading"],"picked":"Prostrate","floor":8.0},{"not_picked":["JustLucky","Scrawl"],"picked":"Swivel","floor":10.0},{"not_picked":["BowlingBash","ThirdEye","WaveOfTheHand"],"picked":"SKIP","floor":14.0},{"not_picked":["Unraveling","Omniscience"],"picked":"DevaForm","floor":16.0},{"not_picked":["CarveReality","FollowUp"],"picked":"Protect","floor":18.0},{"not_picked":["WindmillStrike","EmptyFist","WreathOfFlame"],"picked":"SKIP","floor":21.0},{"not_picked":["FollowUp+1","BowlingBash"],"picked":"SpiritShield+1","floor":22.0},{"not_picked":["Consecrate+1","EmptyMind"],"picked":"FlyingSleeves+1","floor":24.0},{"not_picked":["WindmillStrike","Scrawl"],"picked":"Devotion","floor":27.0},{"not_picked":["PathToVictory","CutThroughFate"],"picked":"LessonLearned","floor":28.0},{"not_picked":["Ragnarok","MasterReality"],"picked":"Alpha","floor":33.0},{"not_picked":["Worship+1","EmptyMind+1"],"picked":"Scrawl+1","floor":35.0},{"not_picked":["Weave","Halt"],"picked":"FlurryOfBlows+1","floor":36.0},{"not_picked":["FlyingSleeves+1","Scrawl+1"],"picked":"Sanctity+1","floor":41.0},{"not_picked":["Consecrate","Protect","BowlingBash+1"],"picked":"SKIP","floor":42.0},{"not_picked":["SandsOfTime","Pray"],"picked":"EmptyMind+1","floor":44.0},{"not_picked":["Consecrate","CutThroughFate","EmptyBody"],"picked":"SKIP","floor":45.0},{"not_picked":["InnerPeace+1","EmptyBody+1"],"picked":"CrushJoints+1","floor":46.0},{"not_picked":["EmptyBody","CrushJoints+1","EmptyFist+1"],"picked":"SKIP","floor":47.0},{"not_picked":["BattleHymn","BowlingBash"],"picked":"DeceiveReality+1","floor":48}],"player_experience":77365,"relics_obtained":[{"floor":6.0,"key":"Ancient Tea Set"},{"floor":8.0,"key":"Pocketwatch"},{"floor":9.0,"key":"Mercury Hourglass"},{"floor":10.0,"key":"Gremlin Horn"},{"floor":24.0,"key":"CeramicFish"},{"floor":26.0,"key":"Meat on the Bone"},{"floor":31.0,"key":"Necronomicon"},{"floor":41.0,"key":"FossilizedHelix"},{"floor":44.0,"key":"Boot"},{"floor":46.0,"key":"Blood Vial"}],"event_choices":[{"damage_healed":0.0,"max_hp_gain":0.0,"max_hp_loss":0.0,"gold_gain":0.0,"event_name":"Lab","player_choice":"Got Potions","floor":2.0,"gold_loss":0.0,"damage_taken":0.0},{"damage_healed":0.0,"max_hp_gain":0.0,"max_hp_loss":0.0,"gold_gain":0.0,"event_name":"Liars Game","player_choice":"Ignored","floor":13.0,"gold_loss":0.0,"damage_taken":0.0},{"damage_healed":0.0,"max_hp_gain":0.0,"max_hp_loss":0.0,"gold_gain":0.0,"event_name":"Back to Basics","player_choice":"Simplicity","floor":19.0,"gold_loss":0.0,"damage_taken":0.0,"cards_upgraded":["Strike_P","Strike_P","Strike_P","Strike_P","Defend_P","Defend_P"]},{"damage_healed":0.0,"max_hp_gain":0.0,"max_hp_loss":0.0,"gold_gain":100.0,"event_name":"Golden Shrine","player_choice":"Pray","floor":20.0,"gold_loss":0.0,"damage_taken":0.0},{"damage_healed":0.0,"max_hp_gain":0.0,"max_hp_loss":0.0,"gold_gain":0.0,"event_name":"Vampires","player_choice":"Ignored","floor":30.0,"gold_loss":0.0,"damage_taken":0.0},{"damage_healed":0.0,"max_hp_gain":0.0,"max_hp_loss":0.0,"gold_gain":0.0,"event_name":"Cursed Tome","player_choice":"Obtained Book","floor":31.0,"gold_loss":0.0,"damage_taken":16.0},{"damage_healed":0.0,"max_hp_gain":0.0,"max_hp_loss":0.0,"gold_gain":0.0,"event_name":"Winding Halls","player_choice":"Embrace Madness","floor":37.0,"gold_loss":0.0,"damage_taken":8.0,"cards_obtained":["Madness","Madness"]},{"damage_healed":0.0,"max_hp_gain":0.0,"max_hp_loss":0.0,"gold_gain":0.0,"event_name":"Upgrade Shrine","player_choice":"Upgraded","floor":39.0,"gold_loss":0.0,"damage_taken":0.0,"cards_upgraded":["Madness"]}],"is_beta":true,"boss_relics":[{"not_picked":["Snecko Eye","VioletLotus"],"picked":"Philosopher\u0027s Stone"},{"not_picked":["Astrolabe","Sozu"],"picked":"Coffee Dripper"}],"items_purged_floors":[3,11],"is_endless":false,"potions_floor_spawned":[4,8,10,16,18,21,28,36,44,45,48],"killed_by":"Donu and Deca","ascension_level":4}