{"gold_per_floor":[16,16,16,30,43,43,87],"floor_reached":7,"playtime":130,"items_purged":[],"score":82,"play_id":"99cdef25-ef13-407f-aa62-3537a28acac0","local_time":"20190910235910","is_ascension_mode":true,"campfire_choices":[{"floor":6,"key":"REST"}],"neow_cost":"NO_GOLD","seed_source_timestamp":682398673406300,"circlet_count":0,"master_deck":["AscendersBane","Strike_B+1","Strike_B","Strike_B+1","Strike_B","Defend_B","Defend_B","Defend_B","Defend_B","Zap","Dualcast","Thunder Strike","Storm"],"relics":["Cracked Core","Golden Idol","Oddly Smooth Stone","Whetstone"],"potions_floor_usage":[],"damage_taken":[{"damage":11,"enemies":"2 Louse","floor":1,"turns":2},{"damage":0,"enemies":"Small Slimes","floor":4,"turns":3},{"damage":0,"enemies":"Cultist","floor":5,"turns":3},{"damage":46,"enemies":"Gremlin Nob","floor":7,"turns":5}],"seed_played":"-8814528703079096790","potions_obtained":[{"floor":1,"key":"PowerPotion"},{"floor":7,"key":"SteroidPotion"}],"is_trial":false,"path_per_floor":["M","?","?","M","M","R","E"],"character_chosen":"DEFECT","items_purchased":[],"campfire_rested":1,"item_purchase_floors":[],"current_hp_per_floor":[57,39,39,39,39,61,15],"gold":87,"neow_bonus":"THREE_RARE_CARDS","is_prod":false,"is_daily":false,"chose_seed":false,"campfire_upgraded":0,"win_rate":0,"timestamp":1568177950,"path_taken":["M","?","?","M","?","R","E"],"build_version":"2019-09-09","purchased_purges":0,"victory":false,"max_hp_per_floor":[75,75,75,75,75,75,75],"card_choices":[{"not_picked":["Seek","Amplify"],"picked":"Thunder Strike","floor":0},{"not_picked":["Double Energy","Beam Cell","Turbo"],"picked":"SKIP","floor":1},{"not_picked":["Streamline","Beam Cell"],"picked":"Storm","floor":4},{"not_picked":["Hologram","Streamline","Beam Cell"],"picked":"SKIP","floor":5},{"not_picked":["Go for the Eyes","Aggregate","Turbo"],"picked":"SKIP","floor":7}],"player_experience":1279868,"relics_obtained":[{"floor":7,"key":"Whetstone"}],"event_choices":[{"damage_healed":0,"gold_gain":0,"player_choice":"Take Damage","damage_taken":18,"relics_obtained":["Golden Idol"],"max_hp_gain":0,"max_hp_loss":0,"event_name":"Golden Idol","floor":2,"gold_loss":0},{"damage_healed":0,"gold_gain":0,"player_choice":"Gave Potion","damage_taken":0,"relics_obtained":["Oddly Smooth Stone"],"max_hp_gain":0,"max_hp_loss":0,"event_name":"WeMeetAgain","floor":3,"gold_loss":0}],"is_beta":true,"boss_relics":[],"items_purged_floors":[],"is_endless":false,"potions_floor_spawned":[1,7],"killed_by":"Gremlin Nob","ascension_level":12}