{"gold_per_floor":[211,229,242,254,204,204,220,220,220,232,232,157,157,168,168,271,271,283,144,144,144,62,62,62,93,93,93,93,58,58,76,76,76],"floor_reached":33,"playtime":772,"items_purged":["Strike_B","Strike_B"],"score":278,"play_id":"2f3c583b-fab8-4024-a9b4-3d12f453de9a","local_time":"20180815110727","is_ascension_mode":true,"campfire_choices":[{"data":"Zap","floor":6,"key":"SMITH"},{"data":"Sunder","floor":8,"key":"SMITH"},{"data":"Dualcast","floor":15,"key":"SMITH"},{"data":"Defragment","floor":23,"key":"SMITH"},{"data":"Defragment","floor":27,"key":"SMITH"},{"data":"Blizzard","floor":30,"key":"SMITH"},{"floor":32,"key":"REST"}],"neow_cost":"NONE","seed_source_timestamp":848326918144919,"circlet_count":0,"master_deck":["Defend_B","Defend_B","Defend_B","Zap+1","Dualcast+1","Coolheaded","Sunder+1","Coolheaded","Ball Lightning","Ball Lightning","Core Surge","Defragment+1","Writhe","RitualDagger","Defragment+1","Machine Learning","Blizzard+1","Cold Snap"],"relics":["Cracked Core","Happy Flower","Dream Catcher","Cursed Key","Juzu Bracelet","Gremlin Horn"],"potions_floor_usage":[16,16,25],"damage_taken":[{"damage":5,"enemies":"Small Slimes","floor":1,"turns":3},{"damage":4,"enemies":"2 Louse","floor":2,"turns":2},{"damage":0,"enemies":"Jaw Worm","floor":3,"turns":5},{"damage":7,"enemies":"Blue Slaver","floor":4,"turns":4},{"damage":17,"enemies":"Exordium Thugs","floor":7,"turns":3},{"damage":11,"enemies":"Gremlin Gang","floor":10,"turns":4},{"damage":0,"enemies":"Exordium Wildlife","floor":14,"turns":2},{"damage":10,"enemies":"The Guardian","floor":16,"turns":9},{"damage":5,"enemies":"Chosen","floor":18,"turns":3},{"damage":48,"enemies":"Slavers","floor":25,"turns":5},{"damage":20,"enemies":"2 Thieves","floor":31,"turns":3},{"damage":25,"enemies":"Collector","floor":33,"turns":3}],"seed_played":"-1990303507981685857","potions_obtained":[{"floor":2,"key":"FairyPotion"},{"floor":4,"key":"Regen Potion"},{"floor":7,"key":"Regen Potion"},{"floor":14,"key":"PowerPotion"}],"is_trial":false,"path_per_floor":["M","M","M","M","?","R","M","R","T","M","?","$","T","M","R","B",null,"M","$","?","?","$","R","?","E","T","R","?","$","R","M","R"],"character_chosen":"DEFECT","items_purchased":["Defragment","Defragment","Blizzard"],"campfire_rested":1,"item_purchase_floors":[19,22,29],"current_hp_per_floor":[70,66,66,59,59,59,42,42,42,31,31,31,31,31,31,68,75,70,70,70,64,64,64,64,23,23,23,23,23,23,3,25,0],"gold":76,"neow_bonus":"HUNDRED_GOLD","is_prod":false,"is_daily":false,"chose_seed":false,"campfire_upgraded":6,"win_rate":0,"timestamp":1534345647,"path_taken":["M","M","M","M","?","R","M","R","T","M","?","$","?","M","R","BOSS","M","$","?","?","?","R","?","E","T","R","?","$","R","M","R","BOSS"],"build_version":"2018-08-13v2","purchased_purges":2,"victory":false,"max_hp_per_floor":[75,75,75,75,75,75,75,75,75,75,75,75,75,75,75,75,75,75,75,75,75,75,75,75,75,75,75,75,75,75,75,75,75],"card_choices":[{"not_picked":["Rebound","Streamline"],"picked":"Coolheaded","floor":1},{"not_picked":["Compile Driver","Fusion"],"picked":"Sunder","floor":2},{"not_picked":["Scrape","Stack"],"picked":"Coolheaded","floor":3},{"not_picked":["Hologram","Steam"],"picked":"Ball Lightning","floor":4},{"not_picked":["Stack","Conserve Battery","Gash"],"picked":"SKIP","floor":7},{"not_picked":["Leap","Force Field"],"picked":"Ball Lightning","floor":10},{"not_picked":["Streamline","Gash","Lockon"],"picked":"SKIP","floor":14},{"not_picked":["Seek","Buffer"],"picked":"Core Surge","floor":16},{"not_picked":["Double Energy","Compile Driver","Stack"],"picked":"SKIP","floor":18},{"not_picked":["Chill","BootSequence+1","Reprogram"],"picked":"SKIP","floor":25},{"not_picked":["Chaos+1","Gash","Darkness"],"picked":"SKIP","floor":31},{"not_picked":["Steam","Compile Driver"],"picked":"Cold Snap","floor":32}],"player_experience":867880,"relics_obtained":[{"floor":9,"key":"Happy Flower"},{"floor":13,"key":"Dream Catcher"},{"floor":25,"key":"Gremlin Horn"}],"event_choices":[{"event_name":"The Cleric","player_choice":"Card Removal","floor":5,"damage_taken":0},{"event_name":"Bonfire Elementals","player_choice":"BASIC","floor":11,"damage_taken":0},{"event_name":"The Mausoleum","player_choice":"Yes","floor":20,"damage_taken":0},{"event_name":"Nest","player_choice":"Joined the Cult","floor":21,"damage_taken":0},{"event_name":"Transmorgrifier","player_choice":"Transform","floor":24,"damage_taken":0},{"event_name":"Cursed Tome","player_choice":"Ignored","floor":28,"damage_taken":0}],"is_beta":true,"boss_relics":[{"not_picked":["Runic Dome","Lizard Tail"],"picked":"Cursed Key"}],"items_purged_floors":[12,19],"is_endless":false,"potions_floor_spawned":[2,4,7,10,14],"killed_by":"Collector","ascension_level":2}