{"gold_per_floor":[119,119,134,146,296,296,323,323,346,419,457,52,120,120,120,192,192,192],"floor_reached":18,"playtime":840,"items_purged":[],"score":344,"play_id":"2c4824d5-fc35-425b-a99a-b9810e3f961d","local_time":"20190428114358","is_ascension_mode":true,"campfire_choices":[{"data":"Bash","floor":6,"key":"SMITH"},{"data":"Corruption","floor":15,"key":"SMITH"}],"neow_cost":"NONE","seed_source_timestamp":7874053962443,"circlet_count":0,"master_deck":["AscendersBane","Strike_R","Strike_R","Strike_R","Strike_R","Strike_R","Defend_R+1","Defend_R+1","Defend_R","Bash+1","Clothesline","Inflame","Wild Strike","Doubt","Perfected Strike","Inflame","Corruption+1","Feel No Pain","Fiend Fire","Pommel Strike","Reaper"],"relics":["Black Blood","NeowsBlessing","Boot","SsserpentHead","MawBank","War Paint","Toolbox"],"potions_floor_usage":[7,11,13,14],"damage_taken":[{"damage":0,"enemies":"2 Louse","floor":1,"turns":1},{"damage":0,"enemies":"Cultist","floor":3,"turns":1},{"damage":0,"enemies":"Jaw Worm","floor":4,"turns":1},{"damage":30,"enemies":"Lagavulin","floor":7,"turns":7},{"damage":19,"enemies":"Red Slaver","floor":10,"turns":5},{"damage":8,"enemies":"Gremlin Nob","floor":11,"turns":3},{"damage":10,"enemies":"Large Slime","floor":13,"turns":5},{"damage":0,"enemies":"3 Louse","floor":14,"turns":1},{"damage":30,"enemies":"The Guardian","floor":16,"turns":12},{"damage":36,"enemies":"3 Byrds","floor":18,"turns":3}],"seed_played":"-1242041334884488484","potions_obtained":[{"floor":4,"key":"AttackPotion"},{"floor":7,"key":"Explosive Potion"},{"floor":10,"key":"FearPotion"},{"floor":13,"key":"SmokeBomb"},{"floor":16,"key":"EssenceOfSteel"}],"is_trial":false,"path_per_floor":["M","?","M","M","?","R","E","?","T","M","E","$","M","M","R","B",null,"M"],"character_chosen":"IRONCLAD","items_purchased":["Feel No Pain","Fiend Fire","Toolbox"],"campfire_rested":0,"item_purchase_floors":[12,12,12],"current_hp_per_floor":[74,74,75,75,75,75,51,51,51,38,36,36,32,38,38,14,60,39],"gold":192,"neow_bonus":"THREE_ENEMY_KILL","is_prod":false,"is_daily":false,"chose_seed":false,"campfire_upgraded":2,"win_rate":0,"timestamp":1556444638,"path_taken":["M","?","M","?","?","R","E","?","T","?","E","?","?","M","R","BOSS","M"],"build_version":"2019-01-23","purchased_purges":0,"victory":false,"max_hp_per_floor":[75,75,75,75,75,75,75,75,75,75,75,75,75,75,75,75,75,75],"card_choices":[{"not_picked":["True Grit","Disarm"],"picked":"Clothesline","floor":1},{"not_picked":["Burning Pact","Flex"],"picked":"Inflame","floor":3},{"not_picked":["Power Through","Clash"],"picked":"Wild Strike","floor":4},{"not_picked":["Havoc","True Grit"],"picked":"Perfected Strike","floor":7},{"not_picked":["Intimidate","True Grit"],"picked":"Inflame","floor":10},{"not_picked":["Cleave","Warcry"],"picked":"Corruption","floor":11},{"not_picked":["Rampage","Combust"],"picked":"Pommel Strike","floor":13},{"not_picked":["Double Tap","Impervious"],"picked":"Reaper","floor":16}],"player_experience":616045,"relics_obtained":[{"floor":7,"key":"Boot"},{"floor":9,"key":"MawBank"},{"floor":11,"key":"War Paint"}],"event_choices":[{"cards_removed":["Defend_R"],"damage_healed":0,"gold_gain":0,"player_choice":"Purged","damage_taken":0,"max_hp_gain":0,"max_hp_loss":0,"event_name":"Purifier","floor":2,"gold_loss":0},{"damage_healed":0,"gold_gain":150,"player_choice":"AGREE","damage_taken":0,"max_hp_gain":0,"max_hp_loss":0,"event_name":"Liars Game","floor":5,"gold_loss":0,"cards_obtained":["Doubt"]},{"damage_healed":0,"gold_gain":0,"player_choice":"Trade","damage_taken":0,"relics_obtained":["SsserpentHead"],"max_hp_gain":0,"max_hp_loss":0,"event_name":"FaceTrader","floor":8,"gold_loss":0}],"is_beta":false,"boss_relics":[{"not_picked":["White Beast Statue","Runic Pyramid"],"picked":"Black Blood"}],"items_purged_floors":[],"is_endless":false,"potions_floor_spawned":[4,7,10,13,16],"killed_by":"3 Byrds","ascension_level":20}