{"gold_per_floor":[115,132,132,14,33,68,68,96,96,96],"floor_reached":10,"playtime":788,"items_purged":["Strike_B"],"score":152,"play_id":"f1094ac8-aaa0-4759-87e9-3ace63545773","local_time":"20190831180148","is_ascension_mode":true,"campfire_choices":[{"floor":7.0,"key":"REST"}],"neow_cost":"NONE","seed_source_timestamp":0,"circlet_count":0,"master_deck":["AscendersBane","Strike_B","Strike_B","Strike_B","Defend_B","Defend_B","Defend_B","Defend_B","Zap+1","Dualcast","Coolheaded","Loop","Leap","Capacitor"],"special_seed":0,"relics":["Cracked Core","Singing Bowl","Omamori","Pear","Matryoshka"],"potions_floor_usage":[],"damage_taken":[{"damage":7.0,"enemies":"Jaw Worm","floor":1.0,"turns":3.0},{"damage":2.0,"enemies":"Cultist","floor":2.0,"turns":4.0},{"damage":1.0,"enemies":"2 Louse","floor":5.0,"turns":3.0},{"damage":57.0,"enemies":"Gremlin Nob","floor":6.0,"turns":6.0},{"damage":15,"enemies":"Lagavulin","floor":8,"turns":9},{"damage":28,"enemies":"Exordium Thugs","floor":10,"turns":5}],"seed_played":"-5275824156254010868","potions_obtained":[{"floor":1.0,"key":"Fruit Juice"},{"floor":5.0,"key":"Block Potion"},{"floor":8,"key":"SteroidPotion"}],"is_trial":false,"path_per_floor":["M","M","?","$","M","E","R","E","T","M"],"character_chosen":"DEFECT","items_purchased":["Loop"],"campfire_rested":1,"item_purchase_floors":[4],"current_hp_per_floor":[62,60,60,60,59,2,24,21,21,0],"gold":96,"neow_bonus":"UPGRADE_CARD","is_prod":false,"is_daily":false,"chose_seed":false,"campfire_upgraded":0,"win_rate":0,"timestamp":1567299708,"path_taken":["M","M","?","$","M","E","R","E","T","M"],"build_version":"2019-07-17","purchased_purges":1,"victory":false,"max_hp_per_floor":[76,76,76,76,76,76,76,88,88,88],"card_choices":[{"not_picked":["Recycle","Stack"],"picked":"Gash","floor":1.0},{"not_picked":["Storm","Steam"],"picked":"Coolheaded","floor":2.0},{"not_picked":["Barrage","Streamline"],"picked":"Leap","floor":5.0},{"not_picked":["Turbo","Redo"],"picked":"Capacitor","floor":6.0},{"not_picked":["Redo","Stack","Rebound"],"picked":"Singing Bowl","floor":8}],"player_experience":843842,"relics_obtained":[{"floor":6.0,"key":"Omamori"},{"floor":8,"key":"Pear"},{"floor":9,"key":"Matryoshka"}],"event_choices":[{"cards_removed":["Gash"],"damage_healed":0.0,"max_hp_gain":0.0,"max_hp_loss":0.0,"gold_gain":0.0,"event_name":"WeMeetAgain","player_choice":"Gave Card","floor":3.0,"gold_loss":0.0,"damage_taken":0.0,"relics_obtained":["Singing Bowl"]}],"is_beta":false,"boss_relics":[],"items_purged_floors":[4],"is_endless":false,"potions_floor_spawned":[1,5,8],"killed_by":"Exordium Thugs","ascension_level":20}