{"gold_per_floor":[111,36,36,52,52,85,85,85,85,85,120,130,148,163,163,262,262,277,177,177,177,177,208,226,226,226,141,173,173,202,202,202,304,304,304,304,317,143,159,159,159,178,178,178,198,40,94,113,113,113],"floor_reached":51,"playtime":2186,"items_purged":["Strike_B","Pain","Defend_B","Injury"],"score":896,"play_id":"d0e83006-c656-42dd-b7cd-6f88ee3cd5eb","local_time":"20180924162439","is_ascension_mode":true,"campfire_choices":[{"data":"Defragment","floor":8,"key":"SMITH"},{"data":"Seek","floor":10,"key":"SMITH"},{"floor":15,"key":"REST"},{"floor":25,"key":"REST"},{"data":"Self Repair","floor":29,"key":"SMITH"},{"floor":32,"key":"REST"},{"data":"1","floor":40,"key":"LIFT"},{"data":"2","floor":44,"key":"LIFT"},{"floor":49,"key":"REST"}],"neow_cost":"NONE","seed_source_timestamp":1009993507971615,"circlet_count":0,"master_deck":["Strike_B","Strike_B","Defend_B","Defend_B","Defend_B+1","Zap+1","Dualcast","Coolheaded","Beam Cell","Seek+1","Defragment+1","Machine Learning+1","Glacier+1","Coolheaded","Self Repair+1","Core Surge","Sweeping Beam+1","Sweeping Beam","Ball Lightning","Redo","Jack Of All Trades","Capacitor+1","Barrage","Steam+1"],"relics":["FrozenCore","NeowsBlessing","Oddly Smooth Stone","WarpedTongs","Centennial Puzzle","Letter Opener","Cursed Key","Bottled Flame","PreservedInsect","Regal Pillow","Blue Candle","Girya","The Courier","StoneCalendar"],"potions_floor_usage":[11,18,30,33,33,35,45,50,50],"damage_taken":[{"damage":0,"enemies":"Small Slimes","floor":1,"turns":1},{"damage":0,"enemies":"2 Louse","floor":4,"turns":1},{"damage":0,"enemies":"3 Sentries","floor":6,"turns":1},{"damage":26,"enemies":"Lagavulin","floor":11,"turns":6},{"damage":3,"enemies":"Cultist","floor":12,"turns":2},{"damage":6,"enemies":"3 Louse","floor":13,"turns":2},{"damage":7,"enemies":"Gremlin Gang","floor":14,"turns":3},{"damage":17,"enemies":"The Guardian","floor":16,"turns":11},{"damage":8,"enemies":"3 Byrds","floor":18,"turns":4},{"damage":25,"enemies":"Gremlin Leader","floor":23,"turns":8},{"damage":0,"enemies":"Shell Parasite","floor":24,"turns":7},{"damage":21,"enemies":"Slavers","floor":28,"turns":5},{"damage":33,"enemies":"Gremlin Leader","floor":30,"turns":9},{"damage":24,"enemies":"Automaton","floor":33,"turns":16},{"damage":17,"enemies":"3 Darklings","floor":35,"turns":3},{"damage":0,"enemies":"Mind Bloom Boss Battle","floor":36,"turns":9},{"damage":8,"enemies":"3 Shapes","floor":37,"turns":5},{"damage":35,"enemies":"Jaw Worm Horde","floor":39,"turns":5},{"damage":15,"enemies":"Maw","floor":42,"turns":10},{"damage":11,"enemies":"Transient","floor":45,"turns":5},{"damage":24,"enemies":"Mysterious Sphere","floor":47,"turns":4},{"damage":15,"enemies":"Reptomancer","floor":48,"turns":5},{"damage":37,"enemies":"Donu and Deca","floor":50,"turns":9}],"seed_played":"7190642072078630517","potions_obtained":[{"floor":4,"key":"SkillPotion"},{"floor":12,"key":"SmokeBomb"},{"floor":13,"key":"SkillPotion"},{"floor":14,"key":"Energy Potion"},{"floor":18,"key":"Block Potion"},{"floor":30,"key":"AttackPotion"},{"floor":42,"key":"EssenceOfSteel"},{"floor":45,"key":"Weak Potion"},{"floor":47,"key":"Weak Potion"}],"is_trial":false,"path_per_floor":["M","$","?","M","?","E","?","R","T","R","E","M","M","M","R","B",null,"M","$","?","?","?","E","M","R","T","?","E","R","E","T","R","B",null,"M","?","M","$","M","R","?","M","T","R","M","$","?","M","R","B"],"character_chosen":"DEFECT","items_purchased":["Ball Lightning","Barrage"],"campfire_rested":4,"item_purchase_floors":[38,46],"current_hp_per_floor":[75,75,60,60,60,60,60,60,60,60,34,31,25,18,40,23,75,67,67,67,53,53,28,28,52,52,52,38,38,15,15,54,40,80,73,80,80,80,55,55,55,50,50,50,49,49,35,30,69,42],"gold":113,"neow_bonus":"THREE_ENEMY_KILL","is_prod":false,"is_daily":false,"chose_seed":false,"campfire_upgraded":3,"win_rate":0,"timestamp":1537820679,"path_taken":["M","$","?","?","?","E","?","R","T","R","E","?","M","M","R","BOSS","M","$","?","?","?","E","M","R","T","?","E","R","E","?","R","BOSS","M","?","M","$","M","R","?","M","T","R","M","$","?","M","R","BOSS"],"build_version":"2018-09-20","purchased_purges":4,"victory":true,"max_hp_per_floor":[75,75,75,75,75,75,75,75,75,75,75,75,75,75,75,75,75,75,75,75,80,80,80,80,80,80,80,80,80,80,80,80,80,80,80,80,80,80,80,80,80,80,80,80,80,80,80,80,80,80],"card_choices":[{"not_picked":["Rebound","Barrage"],"picked":"Coolheaded","floor":1},{"not_picked":["Conserve Battery","Loop"],"picked":"Beam Cell","floor":4},{"not_picked":["Glacier","Redo"],"picked":"Defragment","floor":6},{"not_picked":["Static Discharge","Turbo","Multi-Cast"],"picked":"SKIP","floor":11},{"not_picked":["Hello World","Stack","Force Field"],"picked":"SKIP","floor":12},{"not_picked":["Redo","Scrape","Sweeping Beam"],"picked":"SKIP","floor":13},{"not_picked":["Blizzard","Compile Driver","Steam"],"picked":"SKIP","floor":14},{"not_picked":["Reboot","Electrodynamics"],"picked":"Machine Learning","floor":16},{"not_picked":["Sweeping Beam","Cold Snap+1"],"picked":"Glacier+1","floor":18},{"not_picked":["Leap","Hyperbeam"],"picked":"Coolheaded","floor":23},{"not_picked":["Ball Lightning","Doom and Gloom"],"picked":"Self Repair","floor":24},{"not_picked":["Melter","Steam","Cold Snap"],"picked":"SKIP","floor":28},{"not_picked":["Aggregate","Steam","Reprogram"],"picked":"SKIP","floor":30},{"not_picked":["All For One","Meteor Strike"],"picked":"Core Surge","floor":33},{"not_picked":["Turbo","Hologram"],"picked":"Sweeping Beam+1","floor":36},{"not_picked":["Chill","Heatsinks+1"],"picked":"Sweeping Beam","floor":37},{"not_picked":["Chill","Stack"],"picked":"Redo","floor":39},{"not_picked":["Finesse","Thinking Ahead"],"picked":"Jack Of All Trades","floor":41},{"not_picked":["Heatsinks","Double Energy+1"],"picked":"Capacitor+1","floor":42},{"not_picked":["Coolheaded+1","Stack+1","Compile Driver+1"],"picked":"SKIP","floor":45},{"not_picked":["Glacier+1","Gash+1"],"picked":"Steam+1","floor":47},{"not_picked":["Turbo+1","Hologram","Skim"],"picked":"SKIP","floor":48}],"player_experience":900998,"relics_obtained":[{"floor":6,"key":"Oddly Smooth Stone"},{"floor":9,"key":"Centennial Puzzle"},{"floor":11,"key":"Letter Opener"},{"floor":23,"key":"Bottled Flame"},{"floor":28,"key":"Regal Pillow"},{"floor":30,"key":"Blue Candle"},{"floor":36,"key":"Girya"},{"floor":43,"key":"The Courier"},{"floor":47,"key":"StoneCalendar"}],"event_choices":[{"event_name":"Shining Light","player_choice":"Entered Light","floor":3,"damage_taken":0},{"event_name":"Transmorgrifier","player_choice":"Transform","floor":5,"damage_taken":0},{"event_name":"Accursed Blacksmith","player_choice":"Rummage","floor":7,"damage_taken":0},{"event_name":"Ghosts","player_choice":"Ignored","floor":20,"damage_taken":0},{"event_name":"Forgotten Altar","player_choice":"Shed Blood","floor":21,"damage_taken":0},{"event_name":"Upgrade Shrine","player_choice":"Upgraded","floor":22,"damage_taken":0},{"event_name":"Addict","player_choice":"Obtained Relic","floor":27,"damage_taken":0},{"event_name":"MindBloom","player_choice":"Fight","floor":36,"damage_taken":0},{"event_name":"SensoryStone","player_choice":"Memory 1","floor":41,"damage_taken":0},{"event_name":"Mysterious Sphere","player_choice":"Fight","floor":47,"damage_taken":0}],"is_beta":true,"boss_relics":[{"not_picked":["Pandora\u0027s Box","Orrery"],"picked":"Cursed Key"},{"not_picked":["Snecko Eye","Calling Bell"],"picked":"FrozenCore"}],"items_purged_floors":[2,19,38,46],"is_endless":false,"potions_floor_spawned":[4,12,13,14,18,23,30,35,42,45,47],"ascension_level":3}