{"gold_per_floor":[111,286,211,211,227,259,275,275,275,292,357,373,390,418,418,514,514,526,130,130,144,104,132,132,132,214,89,101,101,101,119,119,119],"floor_reached":33,"playtime":812,"items_purged":["Doubt","Strike_R","Normality"],"score":300,"play_id":"fe8a066f-1be4-44aa-baa7-075591e4cc4d","local_time":"20181031151153","is_ascension_mode":false,"campfire_choices":[{"data":"Shrug It Off","floor":8,"key":"SMITH"},{"data":"Body Slam","floor":15,"key":"SMITH"},{"floor":24,"key":"RECALL"},{"floor":30,"key":"REST"},{"data":"Body Slam","floor":32,"key":"SMITH"}],"neow_cost":"NONE","seed_source_timestamp":85238615799138,"circlet_count":0,"master_deck":["Strike_R+1","Strike_R+1","Strike_R+1","Strike_R+1","Defend_R+1","Defend_R+1","Defend_R+1","Defend_R+1","Bash","Reckless Charge+1","Body Slam+1","Shrug It Off+1","Twin Strike","Metallicize","Clothesline","Shrug It Off","Demon Form","Body Slam+1","Carnage+1","Inflame","Seeing Red","Feel No Pain","Warcry"],"relics":["Burning Blood","NeowsBlessing","Mercury Hourglass","Tiny Chest","Odd Mushroom","Cursed Key","Charon\u0027s Ashes","Bag of Marbles","Self Forming Clay"],"potions_floor_usage":[14,21,23],"damage_taken":[{"damage":0,"enemies":"Small Slimes","floor":1,"turns":1},{"damage":0,"enemies":"Jaw Worm","floor":5,"turns":1},{"damage":0,"enemies":"Gremlin Nob","floor":6,"turns":1},{"damage":0,"enemies":"2 Louse","floor":7,"turns":2},{"damage":0,"enemies":"Large Slime","floor":10,"turns":5},{"damage":9,"enemies":"3 Sentries","floor":11,"turns":7},{"damage":3,"enemies":"Blue Slaver","floor":12,"turns":3},{"damage":0,"enemies":"3 Louse","floor":13,"turns":3},{"damage":0,"enemies":"The Mushroom Lair","floor":14,"turns":2},{"damage":59,"enemies":"Hexaghost","floor":16,"turns":13},{"damage":17,"enemies":"2 Thieves","floor":18,"turns":4},{"damage":9,"enemies":"Spheric Guardian","floor":21,"turns":4},{"damage":28,"enemies":"Book of Stabbing","floor":23,"turns":5},{"damage":4,"enemies":"3 Cultists","floor":28,"turns":5},{"damage":7,"enemies":"Cultist and Chosen","floor":31,"turns":4},{"damage":63,"enemies":"Automaton","floor":33,"turns":6}],"seed_played":"1493247850891067972","potions_obtained":[{"floor":1,"key":"Ancient Potion"},{"floor":6,"key":"Ancient Potion"},{"floor":7,"key":"Explosive Potion"},{"floor":18,"key":"Strength Potion"},{"floor":21,"key":"SteroidPotion"}],"is_trial":false,"path_per_floor":["M","?","$","?","M","E","M","R","T","M","E","M","M","?","R","B",null,"M","$","?","M","$","E","R","?","T","$","M","T","R","M","R","B"],"character_chosen":"IRONCLAD","items_purchased":["Charon\u0027s Ashes","Inflame"],"campfire_rested":1,"item_purchase_floors":[19,22],"current_hp_per_floor":[80,80,80,80,80,80,80,80,80,80,77,80,80,80,80,27,80,69,69,54,51,51,29,29,29,29,29,31,31,56,55,55,0],"gold":119,"neow_bonus":"THREE_ENEMY_KILL","is_prod":false,"is_daily":false,"chose_seed":false,"campfire_upgraded":3,"win_rate":0,"timestamp":1541013113,"path_taken":["M","?","$","?","M","E","M","R","T","M","E","M","M","?","R","BOSS","M","$","?","M","$","E","R","?","T","$","M","?","R","M","R","BOSS"],"build_version":"2018-10-30","purchased_purges":3,"victory":false,"max_hp_per_floor":[80,80,80,80,80,80,80,80,80,80,80,80,80,80,80,80,80,80,80,85,85,85,85,85,85,85,85,85,85,85,85,85,85],"card_choices":[{"not_picked":["Dual Wield","Feel No Pain"],"picked":"Reckless Charge","floor":1},{"not_picked":["Bloodletting","Feel No Pain"],"picked":"Body Slam","floor":5},{"not_picked":["Bloodletting","Warcry","Havoc"],"picked":"SKIP","floor":6},{"not_picked":["Combust","Body Slam"],"picked":"Shrug It Off","floor":7},{"not_picked":["Headbutt","Rupture","Clash"],"picked":"SKIP","floor":10},{"not_picked":["Sever Soul","Burning Pact"],"picked":"Twin Strike","floor":11},{"not_picked":["Feel No Pain","Flex"],"picked":"Metallicize","floor":12},{"not_picked":["True Grit","Sword Boomerang"],"picked":"Clothesline","floor":13},{"not_picked":["Feel No Pain","Sword Boomerang"],"picked":"Shrug It Off","floor":14},{"not_picked":["Reaper","Feed"],"picked":"Demon Form","floor":16},{"not_picked":["True Grit","Anger"],"picked":"Body Slam","floor":18},{"not_picked":["Wild Strike","Anger"],"picked":"Carnage+1","floor":21},{"not_picked":["Shockwave","Heavy Blade"],"picked":"Seeing Red","floor":23},{"not_picked":["Heavy Blade","Brutality"],"picked":"Feel No Pain","floor":28},{"not_picked":["Pommel Strike","Metallicize"],"picked":"Warcry","floor":31}],"player_experience":960640,"relics_obtained":[{"floor":6,"key":"Mercury Hourglass"},{"floor":11,"key":"Tiny Chest"},{"floor":14,"key":"Odd Mushroom"},{"floor":23,"key":"Bag of Marbles"},{"floor":26,"key":"Self Forming Clay"}],"event_choices":[{"damage_healed":0,"gold_gain":175,"player_choice":"AGREE","damage_taken":0,"max_hp_gain":0,"max_hp_loss":0,"event_name":"Liars Game","floor":2,"gold_loss":0,"cards_obtained":["Doubt"]},{"damage_healed":0,"gold_gain":0,"player_choice":"Grow","damage_taken":0,"max_hp_gain":0,"max_hp_loss":0,"event_name":"Living Wall","floor":4,"gold_loss":0,"cards_upgraded":["Reckless Charge"]},{"damage_healed":0,"gold_gain":0,"player_choice":"Fought Mushrooms","damage_taken":0,"max_hp_gain":0,"max_hp_loss":0,"event_name":"Mushrooms","floor":14,"gold_loss":0},{"damage_healed":0,"gold_gain":0,"player_choice":"Shed Blood","damage_taken":20,"max_hp_gain":5,"max_hp_loss":0,"event_name":"Forgotten Altar","floor":20,"gold_loss":0},{"damage_healed":0,"gold_gain":0,"player_choice":"Simplicity","damage_taken":0,"max_hp_gain":0,"max_hp_loss":0,"event_name":"Back to Basics","floor":25,"gold_loss":0,"cards_upgraded":["Strike_R","Strike_R","Strike_R","Strike_R","Defend_R","Defend_R","Defend_R","Defend_R"]}],"is_beta":true,"boss_relics":[{"not_picked":["Ectoplasm","Calling Bell"],"picked":"Cursed Key"}],"items_purged_floors":[3,19,27],"is_endless":false,"potions_floor_spawned":[1,6,7,11,18,21],"killed_by":"Automaton","ascension_level":0}