{"gold_per_floor":[116,130,80,91,91,91,123,123,150,166,166,179,193,193,193,295,295,307,340,340,357,373,373,288,288,312,312,331,349,20,34,34,138,138,150,150,150,150,170,170],"floor_reached":40,"playtime":1440,"items_purged":["Strike_R"],"score":388,"play_id":"0f2bfbe8-d786-446b-becc-e04b8fed35ab","local_time":"20190109232549","is_ascension_mode":false,"campfire_choices":[{"data":"Twin Strike","floor":6,"key":"SMITH"},{"data":"Pummel","floor":8,"key":"SMITH"},{"data":"Bash","floor":11,"key":"SMITH"},{"data":"hubris:StunningStrike","floor":15,"key":"SMITH"},{"floor":23,"key":"REST"},{"data":"Flame Barrier","floor":25,"key":"SMITH"},{"floor":32,"key":"REST"}],"neow_cost":"NONE","seed_source_timestamp":1129731039560495,"circlet_count":0,"master_deck":["Defend_R","Defend_R","Defend_R","Bash+1","Twin Strike+1","Wild Strike+1","Pummel+1","hubris:StunningStrike+1","Flame Barrier+1","Havoc+1","Entrench+1","Ghostly Armor+1","hubris:CleavingFinish+1","Heavy Blade+1","Chrysalis","Shrug It Off"],"relics":["Burning Blood","Potion Belt","infinitespire:Beetle Shell","hubris:ToyBattleship","Astrolabe","Red Mask","Red Skull","Centennial Puzzle","MutagenicStrength","hubris:Metronome","hubris:ScarierMask","hubris:MysteriousPyramids"],"potions_floor_usage":[19,19,31],"damage_taken":[{"damage":1,"enemies":"2 Louse","floor":1,"turns":4},{"damage":1,"enemies":"Jaw Worm","floor":2,"turns":3},{"damage":0,"enemies":"Small Slimes","floor":4,"turns":3},{"damage":31,"enemies":"Lagavulin","floor":7,"turns":5},{"damage":13,"enemies":"3 Louse","floor":10,"turns":2},{"damage":0,"enemies":"Large Slime","floor":12,"turns":3},{"damage":21,"enemies":"Exordium Thugs","floor":13,"turns":4},{"damage":36,"enemies":"Slime Boss","floor":16,"turns":11},{"damage":24,"enemies":"Spheric Guardian","floor":18,"turns":6},{"damage":66,"enemies":"Masked Bandits","floor":19,"turns":6},{"damage":0,"enemies":"Chosen","floor":21,"turns":4},{"damage":9,"enemies":"Centurion and Healer","floor":22,"turns":8},{"damage":0,"enemies":"Snake Plant","floor":28,"turns":4},{"damage":0,"enemies":"Chosen and Byrds","floor":29,"turns":3},{"damage":18,"enemies":"Shelled Parasite and Fungi","floor":31,"turns":3},{"damage":47,"enemies":"Collector","floor":33,"turns":10},{"damage":12,"enemies":"3 Darklings","floor":35,"turns":5},{"damage":16,"enemies":"3 Shapes","floor":39,"turns":5},{"damage":92,"enemies":"Giant Head","floor":40,"turns":11}],"seed_played":"8056726714147120160","potions_obtained":[{"floor":2,"key":"SpeedPotion"},{"floor":4,"key":"Dexterity Potion"},{"floor":7,"key":"BloodPotion"},{"floor":12,"key":"BloodPotion"},{"floor":16,"key":"GamblersBrew"},{"floor":18,"key":"EssenceOfSteel"},{"floor":19,"key":"Fire Potion"},{"floor":21,"key":"Swift Potion"},{"floor":35,"key":"GamblersBrew"}],"is_trial":false,"path_per_floor":["M","M","?","M","?","R","E","R","T","M","R","M","M","?","R","B",null,"M","?","?","M","M","R","?","R","T","?","M","M","$","M","R","B",null,"M","?","T","?","M","E"],"character_chosen":"IRONCLAD","items_purchased":["hubris:Metronome"],"campfire_rested":2,"item_purchase_floors":[30],"current_hp_per_floor":[80,80,80,80,80,80,55,55,55,48,48,54,39,39,39,9,80,62,18,18,24,21,45,45,45,45,45,51,57,57,45,69,28,80,74,74,74,74,64,0],"gold":170,"neow_bonus":"REMOVE_CARD","is_prod":false,"is_daily":false,"chose_seed":false,"campfire_upgraded":5,"win_rate":0,"timestamp":1547094349,"path_taken":["M","M","?","M","?","R","E","R","T","M","R","M","M","?","R","BOSS","M","?","?","M","M","R","?","R","T","?","M","M","$","M","R","BOSS","M","?","?","?","?","E"],"build_version":"2019-01-03v4","purchased_purges":1,"victory":false,"max_hp_per_floor":[80,80,80,80,80,80,80,80,80,80,80,80,80,80,80,80,80,80,80,80,80,80,80,80,80,80,80,80,80,80,80,80,80,80,80,80,80,80,80,80],"card_choices":[{"not_picked":["Iron Wave","Pommel Strike"],"picked":"Twin Strike","floor":1},{"not_picked":["Thunderclap","Warcry","Wild Strike"],"picked":"SKIP","floor":2},{"not_picked":["Thunderclap","Warcry"],"picked":"Wild Strike","floor":2},{"not_picked":["Flex","Combust","Dual Wield"],"picked":"SKIP","floor":4},{"not_picked":["Seeing Red","Sever Soul"],"picked":"Pummel","floor":7},{"not_picked":["Burning Pact","Blood for Blood","Rupture"],"picked":"SKIP","floor":10},{"not_picked":["Uppercut","Searing Blow"],"picked":"hubris:StunningStrike","floor":12},{"not_picked":["Shrug It Off","Thunderclap"],"picked":"Flame Barrier","floor":13},{"not_picked":["Dropkick","Armaments+1","Uppercut"],"picked":"SKIP","floor":18},{"not_picked":["Corruption","Clothesline"],"picked":"Ghostly Armor+1","floor":19},{"not_picked":["Body Slam","Sever Soul"],"picked":"hubris:CleavingFinish+1","floor":21},{"not_picked":["Clash","hubris:SharpeningStone","Pommel Strike"],"picked":"SKIP","floor":22},{"not_picked":["Armaments","Clothesline+1","Bloodletting"],"picked":"SKIP","floor":28},{"not_picked":["Iron Wave","Flame Barrier","Sword Boomerang"],"picked":"SKIP","floor":29},{"not_picked":["Havoc","Rage","Cleave"],"picked":"SKIP","floor":31},{"not_picked":["Perfected Strike","Clothesline+1"],"picked":"Heavy Blade+1","floor":35},{"not_picked":["Dark Shackles","Deep Breath"],"picked":"Chrysalis","floor":36},{"not_picked":["True Grit","Pommel Strike"],"picked":"Shrug It Off","floor":39}],"player_experience":561613,"relics_obtained":[{"floor":7,"key":"Potion Belt"},{"floor":9,"key":"infinitespire:Beetle Shell"},{"floor":19,"key":"Red Mask"},{"floor":26,"key":"Centennial Puzzle"},{"floor":37,"key":"hubris:MysteriousPyramids"}],"event_choices":[{"cards_removed":["Strike_R"],"damage_healed":0,"gold_gain":0,"player_choice":"Card Removal","damage_taken":0,"max_hp_gain":0,"max_hp_loss":0,"event_name":"The Cleric","floor":3,"gold_loss":50},{"damage_healed":0,"gold_gain":0,"player_choice":"Grow","damage_taken":0,"max_hp_gain":0,"max_hp_loss":0,"event_name":"Living Wall","floor":5,"gold_loss":0,"cards_upgraded":["Wild Strike"]},{"damage_healed":0,"gold_gain":0,"player_choice":"Searched \u00270\u0027 times","damage_taken":0,"max_hp_gain":0,"max_hp_loss":0,"event_name":"Dead Adventurer","floor":14,"gold_loss":0},{"damage_healed":0,"gold_gain":0,"player_choice":"Fought Bandits","damage_taken":0,"max_hp_gain":0,"max_hp_loss":0,"event_name":"Masked Bandits","floor":19,"gold_loss":0},{"damage_healed":0,"gold_gain":0,"player_choice":"Ignored","damage_taken":0,"max_hp_gain":0,"max_hp_loss":0,"event_name":"Cursed Tome","floor":20,"gold_loss":0},{"damage_healed":0,"gold_gain":0,"player_choice":"Obtained Relic","damage_taken":0,"relics_obtained":["Red Skull"],"max_hp_gain":0,"max_hp_loss":0,"event_name":"Addict","floor":24,"gold_loss":85},{"damage_healed":0,"gold_gain":0,"player_choice":"Inject Mutagens","damage_taken":0,"relics_obtained":["MutagenicStrength"],"max_hp_gain":0,"max_hp_loss":0,"event_name":"Drug Dealer","floor":27,"gold_loss":0},{"damage_healed":0,"gold_gain":0,"player_choice":"Memory 1","damage_taken":0,"max_hp_gain":0,"max_hp_loss":0,"event_name":"SensoryStone","floor":36,"gold_loss":0},{"cards_removed":["Warcry"],"damage_healed":0,"gold_gain":0,"player_choice":"Removed Skill","damage_taken":0,"max_hp_gain":0,"max_hp_loss":0,"event_name":"Falling","floor":38,"gold_loss":0}],"is_beta":false,"boss_relics":[{"not_picked":["Black Blood","Eternal Feather"],"picked":"Astrolabe"},{"not_picked":["hubris:TerracottaHorce","hubris:HollowSoul"],"picked":"hubris:ScarierMask"}],"items_purged_floors":[30],"is_endless":false,"potions_floor_spawned":[2,4,7,12,16,18,19,21,29,35],"killed_by":"Giant Head","ascension_level":0}