{"gold_per_floor":[214,20,38,38,3,35,55,82,82,82,95,95,20,53,53,156,156,170,170,2,21,35,100,100,129,129,129],"floor_reached":27,"playtime":3227,"items_purged":["Strike_B"],"score":377,"play_id":"dbcaf49e-7c43-4d68-afb2-af1fd5f72425","local_time":"20190730201503","is_ascension_mode":true,"campfire_choices":[{"data":"Genetic Algorithm","floor":10,"key":"SMITH"},{"data":"Zap","floor":12,"key":"SMITH"},{"floor":15,"key":"REST"},{"data":"Hyperbeam","floor":24,"key":"SMITH"}],"neow_cost":"NONE","seed_source_timestamp":1180456770935270,"circlet_count":0,"master_deck":["Strike_B+1","Strike_B","Strike_B+1","Defend_B","Defend_B","Defend_B","Defend_B","Zap+1","Dualcast","Ball Lightning","Sweeping Beam","Genetic Algorithm+1","Barrage","Steam","Doom and Gloom","Ball Lightning","Hyperbeam+1","Compile Driver+1","Capacitor","PanicButton","Undo","Steam+1","Double Energy","Defragment"],"relics":["FrozenCore","Anchor","Thread and Needle","Letter Opener","StoneCalendar","Mummified Hand","Tiny Chest","Kunai","Orichalcum"],"potions_floor_usage":[8,16,22,22,23,25,27],"damage_taken":[{"damage":0,"enemies":"2 Louse","floor":1,"turns":4},{"damage":0,"enemies":"Jaw Worm","floor":3,"turns":2},{"damage":10,"enemies":"3 Sentries","floor":6,"turns":6},{"damage":0,"enemies":"Cultist","floor":7,"turns":3},{"damage":20,"enemies":"Lagavulin","floor":8,"turns":5},{"damage":5,"enemies":"Gremlin Gang","floor":11,"turns":4},{"damage":6,"enemies":"Gremlin Nob","floor":14,"turns":3},{"damage":27,"enemies":"The Guardian","floor":16,"turns":7},{"damage":11,"enemies":"3 Byrds","floor":18,"turns":5},{"damage":0,"enemies":"Shell Parasite","floor":21,"turns":4},{"damage":7,"enemies":"Snecko","floor":22,"turns":7},{"damage":1,"enemies":"Slavers","floor":23,"turns":4},{"damage":21,"enemies":"Gremlin Leader","floor":25,"turns":6},{"damage":24,"enemies":"Slavers","floor":27,"turns":3}],"seed_played":"-8500135499450500188","potions_obtained":[{"floor":1,"key":"FearPotion"},{"floor":8,"key":"FocusPotion"},{"floor":16,"key":"EntropicBrew"},{"floor":22,"key":"Explosive Potion"}],"is_trial":false,"path_per_floor":["M","$","M","?","?","E","M","E","T","R","M","R","$","E","R","B",null,"M","?","$","M","M","E","R","E","T","E"],"character_chosen":"DEFECT","items_purchased":["Anchor","Ball Lightning","Capacitor","PanicButton"],"campfire_rested":1,"item_purchase_floors":[2,2,20,20],"current_hp_per_floor":[68,68,68,53,71,61,61,41,41,41,36,36,36,30,52,25,63,52,52,52,52,45,44,44,23,23,0],"gold":129,"neow_bonus":"HUNDRED_GOLD","is_prod":false,"is_daily":false,"chose_seed":false,"campfire_upgraded":3,"win_rate":0,"timestamp":1564542903,"path_taken":["M","$","M","?","?","E","M","E","T","R","M","R","$","E","R","BOSS","M","?","$","M","M","E","R","E","T","E"],"build_version":"2019-07-17","purchased_purges":1,"victory":false,"max_hp_per_floor":[75,75,75,75,75,75,75,75,75,75,75,75,75,75,75,75,75,75,75,75,75,75,75,75,75,75,75],"card_choices":[{"not_picked":["Melter","Rebound","Aggregate"],"picked":"SKIP","floor":1},{"not_picked":["Stack","Conserve Battery"],"picked":"Sweeping Beam","floor":3},{"not_picked":["Fusion","Reprogram"],"picked":"Genetic Algorithm","floor":6},{"not_picked":["BootSequence","Conserve Battery"],"picked":"Barrage","floor":7},{"not_picked":["Rebound","Streamline"],"picked":"Steam","floor":8},{"not_picked":["Conserve Battery","Gash"],"picked":"Doom and Gloom","floor":11},{"not_picked":["Beam Cell","Thunder Strike"],"picked":"Ball Lightning","floor":14},{"not_picked":["Thunder Strike","Machine Learning"],"picked":"Hyperbeam","floor":16},{"not_picked":["Beam Cell","Streamline+1"],"picked":"Compile Driver+1","floor":18},{"not_picked":["Rip and Tear","Leap"],"picked":"Undo","floor":21},{"not_picked":["Undo","Streamline+1"],"picked":"Steam+1","floor":22},{"not_picked":["Sweeping Beam","Aggregate"],"picked":"Double Energy","floor":23},{"not_picked":["Rebound","Stack"],"picked":"Defragment","floor":25}],"player_experience":531666,"relics_obtained":[{"floor":6,"key":"Thread and Needle"},{"floor":8,"key":"Letter Opener"},{"floor":9,"key":"StoneCalendar"},{"floor":14,"key":"Mummified Hand"},{"floor":23,"key":"Tiny Chest"},{"floor":25,"key":"Kunai"},{"floor":26,"key":"Orichalcum"}],"event_choices":[{"damage_healed":0,"gold_gain":0,"player_choice":"Entered Light","damage_taken":15,"max_hp_gain":0,"max_hp_loss":0,"event_name":"Shining Light","floor":4,"gold_loss":0,"cards_upgraded":["Strike_B","Strike_B"]},{"damage_healed":18,"gold_gain":0,"player_choice":"Healed","damage_taken":0,"max_hp_gain":0,"max_hp_loss":0,"event_name":"The Cleric","floor":5,"gold_loss":35},{"damage_healed":0,"gold_gain":0,"player_choice":"Ignored","damage_taken":0,"max_hp_gain":0,"max_hp_loss":0,"event_name":"Vampires","floor":19,"gold_loss":0}],"is_beta":false,"boss_relics":[{"not_picked":["Velvet Choker","Nuclear Battery"],"picked":"FrozenCore"}],"items_purged_floors":[13],"is_endless":false,"potions_floor_spawned":[1,8,16,22],"killed_by":"Slavers","ascension_level":8}