{"path_per_floor":["M","?","M","?","M","R","M","E","T","$","?","R","M","E","R"],"character_chosen":"THE_SILENT","items_purchased":["Unceasing Top","Outmaneuver"],"gold_per_floor":[112,287,298,298,308,308,328,356,356,0,0,0,10,42,42,42],"floor_reached":16,"campfire_rested":2,"playtime":1286,"current_hp_per_floor":[69,69,69,62,62,62,44,5,15,15,15,39,33,23,62,0],"items_purged":[],"gold":42,"score":138,"play_id":"40cd5168-952d-477f-a46e-e6cbe743cc7d","local_time":"20180414165003","is_prod":false,"is_daily":false,"chose_seed":false,"is_ascension_mode":true,"campfire_upgraded":1,"timestamp":1523749803,"path_taken":["M","?","M","?","?","R","M","E","T","$","?","R","M","E","R","BOSS"],"build_version":"2018-04-12","seed_source_timestamp":949055036342570,"purchased_purges":0,"victory":false,"master_deck":["Defend_G","Defend_G","Defend_G","Defend_G","Defend_G","Strike_G","Strike_G","Strike_G","Strike_G","Strike_G","Survivor","Neutralize","Deflect","Noxious Fumes+1","Cloak And Dagger","Deflect","Malaise","Outmaneuver+1","Deflect","Bane"],"max_hp_per_floor":[70,70,70,70,70,70,70,70,80,80,80,80,80,80,80,80],"relics":["Ring of the Snake","Ginger","Pear","Unceasing Top","Regal Pillow"],"card_choices":[{"not_picked":["Acrobatics","Well Laid Plans"],"picked":"Deflect","floor":1},{"not_picked":["Endless Agony","Catalyst"],"picked":"Noxious Fumes","floor":3},{"not_picked":["Outmaneuver","Dash"],"picked":"Cloak And Dagger","floor":5},{"not_picked":["Prepared","Deadly Poison"],"picked":"Deflect","floor":7},{"not_picked":["Finisher","Dodge and Roll"],"picked":"Malaise","floor":8},{"not_picked":["Caltrops","Cloak And Dagger"],"picked":"Deflect","floor":13},{"not_picked":["Dagger Spray","Blade Dance"],"picked":"Bane","floor":14}],"player_experience":284871,"potions_floor_usage":[7,8,14,16],"damage_taken":[{"damage":1,"enemies":"Jaw Worm","floor":1,"turns":3},{"damage":0,"enemies":"Small Slimes","floor":3,"turns":5},{"damage":0,"enemies":"Cultist","floor":5,"turns":4},{"damage":18,"enemies":"Exordium Thugs","floor":7,"turns":6},{"damage":39,"enemies":"Gremlin Nob","floor":8,"turns":5},{"damage":6,"enemies":"Looter","floor":13,"turns":4},{"damage":10,"enemies":"3 Sentries","floor":14,"turns":7},{"damage":63,"enemies":"Slime Boss","floor":16,"turns":10}],"event_choices":[{"event_name":"Liars Game","player_choice":"agreed","floor":2,"damage_taken":0},{"event_name":"Golden Wing","player_choice":"Card Removal","floor":4,"damage_taken":0},{"event_name":"Upgrade Shrine","player_choice":"Upgraded","floor":11,"damage_taken":0}],"boss_relics":[],"potions_floor_spawned":[5,7,8,13],"seed_played":"-3171972227010782025","killed_by":"Slime Boss","ascension_level":5,"is_trial":false}