{"path_per_floor":["M","?","M","$","M","R","M","R","T","E","R","?","E","M","R"],"character_chosen":"DEFECT","items_purchased":["Ice Cream","Skim","Streamline"],"gold_per_floor":[362,362,378,1,18,18,36,36,59,120,120,195,223,238,238,238],"floor_reached":16,"campfire_rested":0,"playtime":947,"current_hp_per_floor":[64,64,64,64,63,63,48,48,48,37,37,26,15,14,14,0],"items_purged":[],"gold":238,"score":121,"play_id":"d53e8835-57a1-40a5-a999-fa1168b823c0","local_time":"20180427230506","is_prod":false,"is_daily":false,"chose_seed":false,"is_ascension_mode":true,"campfire_upgraded":4,"timestamp":1524895506,"path_taken":["M","?","M","$","M","R","M","R","T","E","R","?","E","M","R","BOSS"],"build_version":"2018-04-26v2","seed_source_timestamp":180562734281630,"purchased_purges":0,"victory":false,"master_deck":["Strike_B","Strike_B","Strike_B","Defend_B","Defend_B","Defend_B","Defend_B","Zap+1","Dualcast+1","Turbo+1","Ball Lightning","Skim","Streamline","FTL","Skim","Rebound","Chaos+1","Glacier"],"max_hp_per_floor":[68,68,68,68,68,68,68,68,68,68,68,68,68,68,68,68],"relics":["Cracked Core","Ice Cream","Happy Flower","Tiny Chest","Bag of Marbles"],"card_choices":[{"not_picked":["Sweeping Beam","Buffer"],"picked":"Turbo","floor":1},{"not_picked":["Go for the Eyes","Barrage"],"picked":"Ball Lightning","floor":3},{"not_picked":["Streamline","Axe Kick"],"picked":"FTL","floor":5},{"not_picked":["Hello World","Heatsinks"],"picked":"Skim","floor":7},{"not_picked":["Reinforced Body","Blizzard"],"picked":"Rebound","floor":10},{"not_picked":["Skim","Streamline"],"picked":"Chaos","floor":13},{"not_picked":["Meteor Strike","Coolheaded"],"picked":"Glacier","floor":14}],"player_experience":438212,"potions_floor_usage":[10,16],"damage_taken":[{"damage":4,"enemies":"Small Slimes","floor":1,"turns":4},{"damage":0,"enemies":"2 Louse","floor":3,"turns":3},{"damage":1,"enemies":"Cultist","floor":5,"turns":3},{"damage":15,"enemies":"Gremlin Gang","floor":7,"turns":3},{"damage":11,"enemies":"Lagavulin","floor":10,"turns":5},{"damage":11,"enemies":"3 Sentries","floor":13,"turns":5},{"damage":1,"enemies":"Looter","floor":14,"turns":2},{"damage":16,"enemies":"The Guardian","floor":16,"turns":4}],"event_choices":[{"event_name":"Living Wall","player_choice":"Forget","floor":2,"damage_taken":0},{"event_name":"World of Goop","player_choice":"Gather Gold","floor":12,"damage_taken":0}],"boss_relics":[],"potions_floor_spawned":[5,7,14],"seed_played":"-6101733204242626768","killed_by":"The Guardian","ascension_level":2,"is_trial":false}