{"gold_per_floor":[115,131,131,131,147,179,179,207,207,207,207,226,236,14,14,111,111,129,129,139,152,112,112,123,136,136,152,7,7],"floor_reached":29,"playtime":2247,"items_purged":[],"score":237,"play_id":"de3eb052-ee21-4252-aad3-87d29670864b","local_time":"20190911180434","is_ascension_mode":false,"campfire_choices":[{"data":"Rainbow","floor":7,"key":"SMITH"},{"floor":11,"key":"REST"},{"floor":15,"key":"REST"},{"floor":23,"key":"REST"}],"neow_cost":"NONE","seed_source_timestamp":50529848318400,"circlet_count":0,"master_deck":["Strike_B","Strike_B","Strike_B","Strike_B","Defend_B","Defend_B","Defend_B","Defend_B","Zap","Dualcast","Electrodynamics+1","Cold Snap","Coolheaded","Regret","FTL","Rainbow+1","Static Discharge+1","Barrage","Barrage","Self Repair","The Bomb","Creative AI","Sweeping Beam","White Noise","Loop","Hello World+1","Barrage+1","Ball Lightning","Thunder Strike"],"relics":["Cracked Core","Meat on the Bone","StoneCalendar","Anchor","Gremlin Horn","Mango","Lizard Tail","Toxic Egg 2"],"potions_floor_usage":[29,29,29],"damage_taken":[{"damage":1,"enemies":"Cultist","floor":1,"turns":3},{"damage":0,"enemies":"Small Slimes","floor":2,"turns":2},{"damage":6,"enemies":"Jaw Worm","floor":5,"turns":3},{"damage":28,"enemies":"Lagavulin","floor":6,"turns":7},{"damage":18,"enemies":"Gremlin Nob","floor":8,"turns":4},{"damage":3,"enemies":"Looter","floor":12,"turns":2},{"damage":13,"enemies":"Gremlin Gang","floor":13,"turns":3},{"damage":12,"enemies":"Slime Boss","floor":16,"turns":6},{"damage":52,"enemies":"Shell Parasite","floor":18,"turns":7},{"damage":11,"enemies":"Chosen","floor":20,"turns":6},{"damage":14,"enemies":"Snecko","floor":21,"turns":6},{"damage":67,"enemies":"Sentry and Sphere","floor":24,"turns":6},{"damage":39,"enemies":"Centurion and Healer","floor":25,"turns":5},{"damage":31,"enemies":"3 Cultists","floor":27,"turns":4},{"damage":48,"enemies":"Slavers","floor":29,"turns":3}],"seed_played":"3788565368255658570","potions_obtained":[{"floor":1,"key":"Explosive Potion"},{"floor":2,"key":"Energy Potion"},{"floor":12,"key":"SteroidPotion"},{"floor":13,"key":"Regen Potion"},{"floor":19,"key":"SneckoOil"},{"floor":19,"key":"SneckoOil"},{"floor":27,"key":"Block Potion"}],"is_trial":false,"path_per_floor":["M","M","?","?","M","E","R","E","T","?","R","M","M","$","R","B",null,"M","?","M","M","?","R","M","M","T","M","$","E"],"character_chosen":"DEFECT","items_purchased":["Self Repair","The Bomb","Thunder Strike"],"campfire_rested":3,"item_purchase_floors":[14,14,28],"current_hp_per_floor":[74,74,74,62,56,40,40,34,48,48,74,71,58,58,84,72,89,56,56,52,57,57,83,28,47,47,35,35,0],"gold":7,"neow_bonus":"ONE_RANDOM_RARE_CARD","is_prod":false,"is_daily":false,"chose_seed":false,"campfire_upgraded":1,"win_rate":0.0,"timestamp":1568217874,"path_taken":["M","M","?","?","M","E","R","E","T","?","R","?","M","$","R","BOSS","M","?","?","M","?","R","M","?","T","M","$","E"],"build_version":"2019-07-17","purchased_purges":0,"victory":false,"max_hp_per_floor":[75,75,75,75,75,75,75,75,89,89,89,89,89,89,89,89,89,89,89,89,89,89,89,89,89,89,89,89,89],"card_choices":[{"not_picked":["Hologram","Blizzard"],"picked":"Cold Snap","floor":1},{"not_picked":["Steam","Sweeping Beam"],"picked":"Coolheaded","floor":2},{"not_picked":["Streamline","Hologram"],"picked":"FTL","floor":5},{"not_picked":["Sweeping Beam","Barrage"],"picked":"Rainbow","floor":6},{"not_picked":["Streamline","Go for the Eyes"],"picked":"Static Discharge","floor":8},{"not_picked":["Skim","Redo"],"picked":"Barrage","floor":12},{"not_picked":["Redo","Hologram"],"picked":"Barrage","floor":13},{"not_picked":["Buffer","All For One"],"picked":"Creative AI","floor":16},{"not_picked":["Beam Cell","Conserve Battery+1"],"picked":"Sweeping Beam","floor":18},{"not_picked":["Scrape","Leap"],"picked":"White Noise","floor":20},{"not_picked":["Barrage","Blizzard"],"picked":"Loop","floor":21},{"not_picked":["Go for the Eyes+1","Coolheaded+1"],"picked":"Hello World+1","floor":24},{"not_picked":["Genetic Algorithm","Streamline"],"picked":"Barrage+1","floor":25},{"not_picked":["Beam Cell","Steam+1"],"picked":"Ball Lightning","floor":27}],"player_experience":5411,"relics_obtained":[{"floor":6,"key":"Anchor"},{"floor":8,"key":"Gremlin Horn"},{"floor":9,"key":"Mango"},{"floor":26,"key":"Toxic Egg 2"}],"event_choices":[{"damage_healed":0,"gold_gain":0,"player_choice":"Box","damage_taken":0,"relics_obtained":["Meat on the Bone"],"max_hp_gain":0,"max_hp_loss":0,"event_name":"Big Fish","floor":3,"gold_loss":0,"cards_obtained":["Regret"]},{"damage_healed":0,"gold_gain":0,"player_choice":"Success","damage_taken":12,"relics_obtained":["StoneCalendar"],"max_hp_gain":0,"max_hp_loss":0,"event_name":"Scrap Ooze","floor":4,"gold_loss":0},{"damage_healed":0,"gold_gain":0,"player_choice":"Grow","damage_taken":0,"max_hp_gain":0,"max_hp_loss":0,"event_name":"Living Wall","floor":10,"gold_loss":0,"cards_upgraded":["Electrodynamics"]},{"damage_healed":0,"gold_gain":0,"player_choice":"Got Potions","damage_taken":0,"max_hp_gain":0,"max_hp_loss":0,"event_name":"Lab","floor":19,"gold_loss":0},{"damage_healed":0,"gold_gain":0,"player_choice":"Upgrade","damage_taken":0,"max_hp_gain":0,"max_hp_loss":0,"event_name":"Designer","floor":22,"gold_loss":40,"cards_upgraded":["Static Discharge"]}],"is_beta":false,"boss_relics":[{"not_picked":["Calling Bell","Fusion Hammer"],"picked":"Lizard Tail"}],"items_purged_floors":[],"is_endless":false,"potions_floor_spawned":[1,2,12,13,21,24,27],"killed_by":"Slavers","ascension_level":0}