{"path_per_floor":["M","M","M","?","?","R","$","R","T","M","T","R","E","M","R","B",null,"M","$","M","M","M","R","?","R","T","?","?","$"],"character_chosen":"THE_SILENT","items_purchased":["Envenom","Catalyst"],"gold_per_floor":[112,132,148,148,148,148,4,4,30,48,48,48,79,97,97,199,199,212,102,116,127,143,143,143,143,167,167,167,67,67],"floor_reached":30,"campfire_rested":3,"playtime":794,"current_hp_per_floor":[66,66,66,66,54,54,54,54,54,50,50,50,31,31,52,47,70,46,46,37,25,7,28,28,49,49,49,33,33,0],"items_purged":["Strike_G","Decay"],"gold":67,"score":262,"play_id":"9e3cc2b8-7746-4122-a3c1-a05507ae162e","local_time":"20180326182809","is_prod":false,"is_daily":false,"is_ascension_mode":true,"campfire_upgraded":3,"timestamp":1522103289,"path_taken":["M","M","M","?","?","R","$","R","T","M","?","R","E","M","R","BOSS","M","$","M","M","M","R","?","R","T","?","?","$","M"],"build_version":"2018-03-22v2","purchased_purges":2,"victory":false,"master_deck":["Defend_G","Defend_G","Defend_G+1","Strike_G","Strike_G","Survivor+1","Neutralize+1","Reflex+1","Heel Hook+1","Dash+1","Terror+1","Envenom+1","Bane","Cloak And Dagger","Noxious Fumes","Corpse Explosion","Slice","Catalyst","Backstab","Cloak And Dagger","Acrobatics"],"max_hp_per_floor":[70,70,70,70,70,70,70,70,70,70,70,70,70,70,70,70,70,70,70,70,70,70,70,70,70,70,70,70,70,70],"relics":["Astrolabe","Juzu Bracelet","Happy Flower","Calipers","War Paint","The Specimen","Vajra","Enchiridion"],"card_choices":[{"not_picked":["Choke","Flying Knee"],"picked":"Terror","floor":2},{"not_picked":["Acrobatics","Storm of Steel"],"picked":"Bane","floor":10},{"not_picked":["Acrobatics","Deflect"],"picked":"Cloak And Dagger","floor":13},{"not_picked":["Predator","Finisher"],"picked":"Noxious Fumes","floor":14},{"not_picked":["Tactician","Grand Finale"],"picked":"Corpse Explosion","floor":16},{"not_picked":["Deadly Poison","Riddle With Holes"],"picked":"Slice","floor":18},{"not_picked":["Predator","Escape Plan"],"picked":"Backstab","floor":20},{"not_picked":["Poisoned Stab","Skewer"],"picked":"Cloak And Dagger","floor":21},{"not_picked":["Backflip","Poisoned Stab"],"picked":"Acrobatics","floor":22}],"player_experience":275672,"potions_floor_usage":[],"damage_taken":[{"damage":4,"enemies":"Small Slimes","floor":1,"turns":4},{"damage":0,"enemies":"Cultist","floor":2,"turns":3},{"damage":0,"enemies":"2 Louse","floor":3,"turns":2},{"damage":4,"enemies":"Blue Slaver","floor":10,"turns":3},{"damage":19,"enemies":"3 Sentries","floor":13,"turns":7},{"damage":0,"enemies":"Exordium Wildlife","floor":14,"turns":4},{"damage":5,"enemies":"The Guardian","floor":16,"turns":7},{"damage":24,"enemies":"3 Byrds","floor":18,"turns":5},{"damage":9,"enemies":"Chosen","floor":20,"turns":5},{"damage":12,"enemies":"Centurion and Healer","floor":21,"turns":5},{"damage":18,"enemies":"3 Cultists","floor":22,"turns":5},{"damage":34,"enemies":"Slaver and Parasite","floor":30,"turns":3}],"event_choices":[{"event_name":"The Lab","player_choice":"Got Potions","floor":4,"damage_taken":0},{"event_name":"Scrap Ooze","player_choice":"success","floor":5,"damage_taken":12},{"event_name":"Forgotten Altar","player_choice":"Smashed Altar","floor":24,"damage_taken":0},{"event_name":"Back to Basics","player_choice":"Elegance","floor":27,"damage_taken":0},{"event_name":"Cursed Tome","player_choice":"Obtained Book","floor":28,"damage_taken":0}],"boss_relics":[{"not_picked":["Calling Bell","Question Card"],"picked":"The Specimen"}],"potions_floor_spawned":[2,10,18],"seed_played":"4165106124021142630","killed_by":"Slaver and Parasite","ascension_level":3,"is_trial":false}