{"gold_per_floor":[118,118,129,42,42,70,70,110,110,127,142,142,74,74,74,158,158,177,98,98,17,34,34,34,64,76,88,137,172,184,206,218,314,326,356,368,380,415,438,491,503,556,568,148,197,197,204,217,217,217],"floor_reached":50,"playtime":1796,"items_purged":["Strike_G"],"score":1090,"play_id":"314d6006-9adb-4502-8bc7-07831ec30159","local_time":"20190916015141","is_ascension_mode":true,"campfire_choices":[{"data":"Footwork","floor":12.0,"key":"SMITH"},{"floor":15.0,"key":"REST"},{"data":"Phantasmal Killer","floor":23.0,"key":"SMITH"},{"floor":27.0,"key":"REST"},{"floor":32.0,"key":"REST"},{"floor":41.0,"key":"REST"},{"floor":46.0,"key":"REST"},{"data":"Footwork","floor":49.0,"key":"SMITH"}],"neow_cost":"NONE","seed_source_timestamp":128640412774900,"circlet_count":0,"master_deck":["AscendersBane","Strike_G","Strike_G","Strike_G","Strike_G","Defend_G","Defend_G","Defend_G","Defend_G","Survivor","Neutralize+1","Backflip","Terror","Caltrops+1","Dagger Spray","Footwork+1","Phantasmal Killer+1","Sucker Punch","Unload+1","Die Die Die","Blur+1","Dash","Footwork+1","Glass Knife","Calculated Gamble","Adrenaline","PiercingWail","Dodge and Roll+1","Dodge and Roll","Riddle With Holes","Noxious Fumes+1","Burst","Glass Knife","Impatience"],"special_seed":0,"relics":["Ring of the Snake","NeowsBlessing","Gambling Chip","CeramicFish","Tough Bandages","Velvet Choker","MutagenicStrength","MawBank","Gremlin Horn","Frozen Egg 2","SlaversCollar","Akabeko","Juzu Bracelet","Pear","Ginger"],"potions_floor_usage":[],"damage_taken":[{"damage":0.0,"enemies":"Cultist","floor":1.0,"turns":1.0},{"damage":0.0,"enemies":"Small Slimes","floor":3.0,"turns":1.0},{"damage":0.0,"enemies":"3 Sentries","floor":6.0,"turns":1.0},{"damage":18.0,"enemies":"Gremlin Nob","floor":8.0,"turns":4.0},{"damage":2.0,"enemies":"2 Louse","floor":10.0,"turns":3.0},{"damage":1.0,"enemies":"Red Slaver","floor":11.0,"turns":3.0},{"damage":16.0,"enemies":"Hexaghost","floor":16.0,"turns":9.0},{"damage":5.0,"enemies":"Spheric Guardian","floor":18.0,"turns":3.0},{"damage":0.0,"enemies":"3 Byrds","floor":22.0,"turns":4.0},{"damage":19.0,"enemies":"Slavers","floor":25.0,"turns":5.0},{"damage":8.0,"enemies":"Book of Stabbing","floor":28.0,"turns":6.0},{"damage":18.0,"enemies":"Cultist and Chosen","floor":29.0,"turns":7.0},{"damage":0.0,"enemies":"Slavers","floor":30.0,"turns":1.0},{"damage":4.0,"enemies":"Shelled Parasite and Fungi","floor":31.0,"turns":4.0},{"damage":23.0,"enemies":"Automaton","floor":33.0,"turns":9.0},{"damage":14.0,"enemies":"3 Darklings","floor":35.0,"turns":4.0},{"damage":0.0,"enemies":"3 Shapes","floor":38.0,"turns":3.0},{"damage":10.0,"enemies":"Spire Growth","floor":39.0,"turns":5.0},{"damage":16.0,"enemies":"Nemesis","floor":40.0,"turns":7.0},{"damage":1.0,"enemies":"Reptomancer","floor":42.0,"turns":4.0},{"damage":0.0,"enemies":"2 Orb Walkers","floor":45.0,"turns":5.0},{"damage":1.0,"enemies":"Sphere and 2 Shapes","floor":48.0,"turns":4.0},{"damage":76,"enemies":"Time Eater","floor":50,"turns":11}],"seed_played":"-7618874835880481055","potions_obtained":[{"floor":2.0,"key":"Strength Potion"},{"floor":2.0,"key":"AttackPotion"},{"floor":10.0,"key":"Explosive Potion"},{"floor":18.0,"key":"SmokeBomb"},{"floor":31.0,"key":"PowerPotion"},{"floor":35.0,"key":"AttackPotion"},{"floor":38.0,"key":"GhostInAJar"},{"floor":40.0,"key":"Block Potion"}],"is_trial":false,"path_per_floor":["M","?","M","$","?","E","?","E","T","M","M","R","$","?","R","B",null,"M","$","?","$","M","R","?","E","T","R","E","M","E","M","R","B",null,"M","?","$","M","M","E","R","E","T","$","?","R","?","M","R","B"],"character_chosen":"THE_SILENT","items_purchased":["Caltrops","Dagger Spray","Unload","Dash","Footwork","Noxious Fumes+1","Burst","Glass Knife","Weak Potion"],"campfire_rested":5,"item_purchase_floors":[4,4,13,19,21,44,44,44,44],"current_hp_per_floor":[59,59,59,59,59,59,59,41,41,39,38,38,38,18,37,21,55,50,50,50,50,50,50,50,31,31,50,42,24,24,20,39,16,54,40,40,40,40,30,14,33,32,42,42,42,64,64,63,63,0],"gold":217,"neow_bonus":"THREE_ENEMY_KILL","is_prod":false,"is_daily":false,"chose_seed":false,"campfire_upgraded":3,"win_rate":0,"timestamp":1568616701,"path_taken":["M","?","?","$","?","E","?","E","T","?","M","R","$","?","R","BOSS","M","$","?","$","M","R","?","E","T","R","E","M","E","M","R","BOSS","M","?","$","M","M","E","R","E","T","$","?","R","?","M","R","BOSS"],"build_version":"2019-09-12","purchased_purges":1,"victory":false,"max_hp_per_floor":[66,66,66,66,66,66,66,66,66,66,66,66,66,66,66,66,66,66,66,66,66,66,66,66,66,66,66,66,66,66,66,66,66,66,66,66,66,66,66,66,66,66,76,76,76,76,76,76,76,76],"card_choices":[{"not_picked":["Underhanded Strike","Dodge and Roll"],"picked":"Backflip","floor":1.0},{"not_picked":["PiercingWail","Outmaneuver"],"picked":"Terror","floor":3.0},{"not_picked":["Predator","Skewer"],"picked":"Footwork","floor":6.0},{"not_picked":["Predator","Dodge and Roll"],"picked":"Phantasmal Killer","floor":8.0},{"not_picked":["Dagger Spray","Flying Knee"],"picked":"Sucker Punch","floor":10.0},{"not_picked":["Dodge and Roll","Dagger Spray","Predator"],"picked":"SKIP","floor":11.0},{"not_picked":["Phantasmal Killer","Corpse Explosion"],"picked":"Die Die Die","floor":16.0},{"not_picked":["Outmaneuver","Prepared"],"picked":"Blur+1","floor":18.0},{"not_picked":["Outmaneuver","Well Laid Plans","Underhanded Strike+1"],"picked":"SKIP","floor":22.0},{"not_picked":["Dagger Throw","Masterful Stab","Eviscerate"],"picked":"SKIP","floor":25.0},{"not_picked":["Prepared","Deadly Poison"],"picked":"Glass Knife","floor":28.0},{"not_picked":["Quick Slash","Terror"],"picked":"Calculated Gamble","floor":29.0},{"not_picked":["Sucker Punch","Quick Slash","Blade Dance"],"picked":"SKIP","floor":31.0},{"not_picked":["Venomology","Malaise"],"picked":"Adrenaline","floor":33.0},{"not_picked":["Sucker Punch+1","Predator"],"picked":"PiercingWail","floor":35.0},{"not_picked":["Slice","Accuracy+1"],"picked":"Dodge and Roll+1","floor":38.0},{"not_picked":["Caltrops+1","Crippling Poison","Footwork+1"],"picked":"SKIP","floor":39.0},{"not_picked":["Venomology","Blade Dance"],"picked":"Dodge and Roll","floor":40.0},{"not_picked":["Poisoned Stab","Endless Agony"],"picked":"Riddle With Holes","floor":42.0},{"not_picked":["Discovery","Purity"],"picked":"Impatience","floor":47.0},{"not_picked":["Acrobatics","Reflex","Cloak And Dagger"],"picked":"SKIP","floor":48.0}],"player_experience":1350272,"relics_obtained":[{"floor":6.0,"key":"Gambling Chip"},{"floor":8.0,"key":"CeramicFish"},{"floor":9.0,"key":"Tough Bandages"},{"floor":25.0,"key":"MawBank"},{"floor":26.0,"key":"Gremlin Horn"},{"floor":28.0,"key":"Frozen Egg 2"},{"floor":40.0,"key":"Akabeko"},{"floor":42.0,"key":"Juzu Bracelet"},{"floor":43.0,"key":"Pear"},{"floor":45.0,"key":"Ginger"}],"event_choices":[{"damage_healed":0.0,"max_hp_gain":0.0,"max_hp_loss":0.0,"gold_gain":0.0,"event_name":"Lab","player_choice":"Got Potions","floor":2.0,"gold_loss":0.0,"damage_taken":0.0},{"damage_healed":0.0,"max_hp_gain":0.0,"max_hp_loss":0.0,"gold_gain":0.0,"event_name":"Living Wall","player_choice":"Grow","floor":5.0,"gold_loss":0.0,"damage_taken":0.0,"cards_upgraded":["Neutralize"]},{"cards_removed":["Defend_G"],"damage_healed":0.0,"max_hp_gain":0.0,"max_hp_loss":0.0,"gold_gain":0.0,"event_name":"Purifier","player_choice":"Purged","floor":7.0,"gold_loss":0.0,"damage_taken":0.0},{"damage_healed":0.0,"max_hp_gain":0.0,"max_hp_loss":0.0,"gold_gain":0.0,"event_name":"Shining Light","player_choice":"Entered Light","floor":14.0,"gold_loss":0.0,"damage_taken":20.0,"cards_upgraded":["Unload","Caltrops"]},{"damage_healed":0.0,"max_hp_gain":0.0,"max_hp_loss":0.0,"gold_gain":0.0,"event_name":"The Mausoleum","player_choice":"Ignored","floor":20.0,"gold_loss":0.0,"damage_taken":0.0},{"damage_healed":0.0,"max_hp_gain":0.0,"max_hp_loss":0.0,"gold_gain":0.0,"event_name":"Drug Dealer","player_choice":"Inject Mutagens","floor":24.0,"gold_loss":0.0,"damage_taken":0.0,"relics_obtained":["MutagenicStrength"]},{"damage_healed":0.0,"max_hp_gain":0.0,"max_hp_loss":0.0,"gold_gain":0.0,"event_name":"Tomb of Lord Red Mask","player_choice":"Ignored","floor":36.0,"gold_loss":0.0,"damage_taken":0.0},{"damage_healed":0.0,"max_hp_gain":0.0,"max_hp_loss":0.0,"gold_gain":0.0,"event_name":"Mysterious Sphere","player_choice":"Fight","floor":45.0,"gold_loss":0.0,"damage_taken":0.0},{"damage_healed":0.0,"max_hp_gain":0.0,"max_hp_loss":0.0,"gold_gain":0.0,"event_name":"SensoryStone","player_choice":"Memory 1","floor":47.0,"gold_loss":0.0,"damage_taken":0.0}],"is_beta":true,"boss_relics":[{"not_picked":["Black Star","Empty Cage"],"picked":"Velvet Choker"},{"not_picked":["Tiny House","Coffee Dripper"],"picked":"SlaversCollar"}],"items_purged_floors":[44],"is_endless":false,"potions_floor_spawned":[6,10,16,18,28,31,35,38,40],"killed_by":"Time Eater","ascension_level":17}