{"gold_per_floor":[109,23,23,41,54,83,93,122,122,122,122,122,157,172,172,270,270,284,284,294,309,309,309],"floor_reached":23,"playtime":1762,"items_purged":[],"score":295,"play_id":"23aba05b-4346-42aa-bae8-1404bd72eb5c","local_time":"20190227164212","is_ascension_mode":true,"campfire_choices":[{"data":"Defend_R","floor":11,"key":"PURGE"},{"floor":15,"key":"REST"}],"neow_cost":"NONE","seed_source_timestamp":30892168780089,"circlet_count":0,"master_deck":["Strike_R","Strike_R","Strike_R","Strike_R","Strike_R","Defend_R","Defend_R","Defend_R","Bash+1","Uppercut","Clash","Intimidate","Iron Wave","Reckless Charge","Flex","Headbutt","Shrug It Off","Reaper","Inflame","Warcry","Reaper"],"relics":["Black Blood","Peace Pipe","Mummified Hand","Turnip","Incense Burner","Blood Vial","Happy Flower","MutagenicStrength"],"potions_floor_usage":[6,13,14,20,23,23,23],"damage_taken":[{"damage":7,"enemies":"Small Slimes","floor":1,"turns":4},{"damage":1,"enemies":"Cultist","floor":4,"turns":3},{"damage":3,"enemies":"2 Louse","floor":5,"turns":2},{"damage":25,"enemies":"Lagavulin","floor":6,"turns":5},{"damage":7,"enemies":"Exordium Thugs","floor":7,"turns":5},{"damage":15,"enemies":"Gremlin Nob","floor":8,"turns":4},{"damage":37,"enemies":"3 Sentries","floor":13,"turns":12},{"damage":17,"enemies":"Exordium Wildlife","floor":14,"turns":4},{"damage":26,"enemies":"Hexaghost","floor":16,"turns":8},{"damage":41,"enemies":"2 Thieves","floor":18,"turns":4},{"damage":17,"enemies":"3 Byrds","floor":20,"turns":7},{"damage":27,"enemies":"Snake Plant","floor":21,"turns":3},{"damage":66,"enemies":"Gremlin Leader","floor":23,"turns":8}],"seed_played":"178933414203618261","potions_obtained":[{"floor":4,"key":"Strength Potion"},{"floor":5,"key":"SpeedPotion"},{"floor":13,"key":"Explosive Potion"},{"floor":16,"key":"LiquidBronze"},{"floor":19,"key":"Energy Potion"},{"floor":19,"key":"Block Potion"},{"floor":19,"key":"EssenceOfSteel"},{"floor":20,"key":"Explosive Potion"}],"is_trial":false,"path_per_floor":["M","?","$","M","M","E","M","E","T","?","R","?","E","M","R","B",null,"M","?","M","M","?","E"],"character_chosen":"IRONCLAD","items_purchased":[],"campfire_rested":1,"item_purchase_floors":[],"current_hp_per_floor":[71,71,71,76,79,60,59,50,50,55,55,52,23,14,39,21,69,52,52,55,40,40,0],"gold":309,"neow_bonus":"UPGRADE_CARD","is_prod":false,"is_daily":false,"chose_seed":false,"campfire_upgraded":0,"win_rate":0,"timestamp":1551282132,"path_taken":["M","?","$","?","M","E","M","E","T","?","R","?","E","M","R","BOSS","M","?","M","?","?","E"],"build_version":"2019-01-23","purchased_purges":0,"victory":false,"max_hp_per_floor":[80,80,80,80,80,80,80,80,80,85,85,85,85,85,85,85,85,85,85,85,85,85,85],"card_choices":[{"not_picked":["Body Slam","Searing Blow"],"picked":"Uppercut","floor":1},{"not_picked":["Armaments","Clothesline"],"picked":"Clash","floor":4},{"not_picked":["Warcry","Evolve"],"picked":"Intimidate","floor":5},{"not_picked":["Heavy Blade","Rage"],"picked":"Iron Wave","floor":6},{"not_picked":["Perfected Strike","Pummel"],"picked":"Reckless Charge","floor":7},{"not_picked":["Infernal Blade","Havoc"],"picked":"Flex","floor":8},{"not_picked":["Corruption","Sword Boomerang"],"picked":"Headbutt","floor":13},{"not_picked":["True Grit","Disarm"],"picked":"Shrug It Off","floor":14},{"not_picked":["Barricade","Dark Embrace"],"picked":"Reaper","floor":16},{"not_picked":["Thunderclap","Shockwave"],"picked":"Inflame","floor":18},{"not_picked":["Twin Strike","Reckless Charge"],"picked":"Warcry","floor":20},{"not_picked":["Rage","Wild Strike+1"],"picked":"Reaper","floor":21}],"player_experience":284119,"relics_obtained":[{"floor":6,"key":"Mummified Hand"},{"floor":8,"key":"Turnip"},{"floor":9,"key":"Incense Burner"},{"floor":13,"key":"Happy Flower"}],"event_choices":[{"damage_healed":0,"gold_gain":0,"player_choice":"Paid Gold","damage_taken":0,"relics_obtained":["Peace Pipe"],"max_hp_gain":0,"max_hp_loss":0,"event_name":"WeMeetAgain","floor":2,"gold_loss":86},{"damage_healed":0,"gold_gain":0,"player_choice":"Donut","damage_taken":0,"max_hp_gain":5,"max_hp_loss":0,"event_name":"Big Fish","floor":10,"gold_loss":0},{"damage_healed":0,"gold_gain":0,"player_choice":"Success","damage_taken":3,"relics_obtained":["Blood Vial"],"max_hp_gain":0,"max_hp_loss":0,"event_name":"Scrap Ooze","floor":12,"gold_loss":0},{"damage_healed":0,"gold_gain":0,"player_choice":"Got Potions","damage_taken":0,"max_hp_gain":0,"max_hp_loss":0,"event_name":"Lab","floor":19,"gold_loss":0},{"damage_healed":0,"gold_gain":0,"player_choice":"Inject Mutagens","damage_taken":0,"relics_obtained":["MutagenicStrength"],"max_hp_gain":0,"max_hp_loss":0,"event_name":"Drug Dealer","floor":22,"gold_loss":0}],"is_beta":false,"boss_relics":[{"not_picked":["Mark of Pain","Fusion Hammer"],"picked":"Black Blood"}],"items_purged_floors":[],"is_endless":false,"potions_floor_spawned":[4,5,13,16,20],"killed_by":"Gremlin Leader","ascension_level":8}