{"gold_per_floor":[215,231,181,14,32,32,59,59,59,77,90,90,103,103,103,203,203,219,134,84,100,48,48,48,73,128,128,128,128,140,157,157,157],"floor_reached":33,"playtime":2168,"items_purged":[],"score":265,"play_id":"ad00e6da-1b59-43f5-bc1e-7fde74d13694","local_time":"20190909144515","is_ascension_mode":false,"campfire_choices":[{"data":"Metamorphosis","floor":6,"key":"SMITH"},{"data":"Poisoned Stab","floor":12,"key":"SMITH"},{"floor":15,"key":"REST"},{"data":"Poisoned Stab","floor":23,"key":"SMITH"},{"floor":27,"key":"REST"},{"floor":32,"key":"REST"}],"neow_cost":"NONE","seed_source_timestamp":61987877844400,"circlet_count":0,"master_deck":["Strike_G","Strike_G","Strike_G","Strike_G","Defend_G","Defend_G","Survivor","Neutralize","Prepared","Bane","Metamorphosis+1","Underhanded Strike","Sucker Punch+1","Quick Slash","Poisoned Stab+1","A Thousand Cuts+1","Phantasmal Killer","Blur+1","Bane+1","Deadly Poison+1","Well Laid Plans","Slice+1","Poisoned Stab+1","Slice+1","Dagger Spray+1","Deflect+1"],"relics":["Ring of the Snake","Sundial","Boot","Astrolabe","Bronze Scales","Omamori","Whetstone"],"potions_floor_usage":[18,18,31,31,31,33],"damage_taken":[{"damage":2,"enemies":"Jaw Worm","floor":1,"turns":6},{"damage":4,"enemies":"2 Louse","floor":2,"turns":5},{"damage":8,"enemies":"Small Slimes","floor":5,"turns":3},{"damage":6,"enemies":"Gremlin Nob","floor":7,"turns":4},{"damage":5,"enemies":"Blue Slaver","floor":10,"turns":3},{"damage":5,"enemies":"Red Slaver","floor":11,"turns":2},{"damage":4,"enemies":"Large Slime","floor":13,"turns":3},{"damage":28,"enemies":"Slime Boss","floor":16,"turns":7},{"damage":7,"enemies":"Chosen","floor":18,"turns":4},{"damage":19,"enemies":"2 Thieves","floor":21,"turns":3},{"damage":35,"enemies":"Book of Stabbing","floor":25,"turns":4},{"damage":21,"enemies":"Snake Plant","floor":30,"turns":2},{"damage":3,"enemies":"Cultist and Chosen","floor":31,"turns":3},{"damage":61,"enemies":"Champ","floor":33,"turns":7}],"seed_played":"6697826244426294240","potions_obtained":[{"floor":5,"key":"Poison Potion"},{"floor":10,"key":"Explosive Potion"},{"floor":11,"key":"Fruit Juice"},{"floor":18,"key":"Fruit Juice"},{"floor":25,"key":"GhostInAJar"},{"floor":31,"key":"Strength Potion"}],"is_trial":false,"path_per_floor":["M","M","?","$","M","R","E","?","T","M","M","R","M","$","R","B",null,"M","?","?","M","$","R","$","E","T","R","?","$","M","M","R","B"],"character_chosen":"THE_SILENT","items_purchased":["Metamorphosis","Poisoned Stab"],"campfire_rested":3,"item_purchase_floors":[4,22],"current_hp_per_floor":[68,64,64,64,56,56,50,50,50,45,40,40,36,36,57,29,70,73,73,73,54,54,54,54,19,19,43,43,43,22,19,43,0],"gold":157,"neow_bonus":"HUNDRED_GOLD","is_prod":false,"is_daily":false,"chose_seed":false,"campfire_upgraded":3,"win_rate":0.0,"timestamp":1568033115,"path_taken":["M","M","?","$","M","R","E","?","T","M","M","R","M","$","R","BOSS","M","?","?","?","$","R","$","E","T","R","?","$","M","M","R","BOSS"],"build_version":"2019-07-17","purchased_purges":0,"victory":false,"max_hp_per_floor":[70,70,70,70,70,70,70,70,70,70,70,70,70,70,70,70,70,80,80,80,80,80,80,80,80,80,80,80,80,80,80,80,80],"card_choices":[{"not_picked":["Acrobatics","Sucker Punch"],"picked":"Prepared","floor":1},{"not_picked":["Underhanded Strike","Tactician"],"picked":"Bane","floor":2},{"not_picked":["Outmaneuver","Flechettes"],"picked":"Underhanded Strike","floor":5},{"not_picked":["Flying Knee","Dodge and Roll"],"picked":"Sucker Punch","floor":7},{"not_picked":["Acrobatics","Catalyst"],"picked":"Quick Slash","floor":10},{"not_picked":["Blade Dance","Outmaneuver"],"picked":"Poisoned Stab","floor":11},{"not_picked":["Dodge and Roll","Blade Dance"],"picked":"A Thousand Cuts","floor":13},{"not_picked":["Glass Knife","Venomology"],"picked":"Phantasmal Killer","floor":16},{"not_picked":["Blade Dance+1","Dash"],"picked":"Well Laid Plans","floor":18},{"not_picked":["Dash","Calculated Gamble+1"],"picked":"Slice","floor":21},{"not_picked":["Endless Agony","Leg Sweep"],"picked":"Slice","floor":25},{"not_picked":["Poisoned Stab","Dash"],"picked":"Dagger Spray+1","floor":30},{"not_picked":["Blade Dance+1","Dagger Throw"],"picked":"Deflect+1","floor":31}],"player_experience":23004,"relics_obtained":[{"floor":7,"key":"Sundial"},{"floor":9,"key":"Boot"},{"floor":25,"key":"Omamori"},{"floor":26,"key":"Whetstone"}],"event_choices":[{"cards_removed":["Defend_G"],"damage_healed":0,"gold_gain":0,"player_choice":"Card Removal","damage_taken":0,"max_hp_gain":0,"max_hp_loss":0,"event_name":"The Cleric","floor":3,"gold_loss":50},{"damage_healed":0,"gold_gain":0,"player_choice":"Grow","damage_taken":0,"max_hp_gain":0,"max_hp_loss":0,"event_name":"Living Wall","floor":8,"gold_loss":0,"cards_upgraded":["Sucker Punch"]},{"damage_healed":0,"gold_gain":0,"player_choice":"Obtained Relic","damage_taken":0,"relics_obtained":["Bronze Scales"],"max_hp_gain":0,"max_hp_loss":0,"event_name":"Addict","floor":19,"gold_loss":85},{"damage_healed":0,"gold_gain":0,"player_choice":"Bet on Murderer","damage_taken":0,"max_hp_gain":0,"max_hp_loss":0,"event_name":"The Joust","floor":20,"gold_loss":50},{"damage_healed":0,"gold_gain":0,"player_choice":"Upgraded","damage_taken":0,"max_hp_gain":0,"max_hp_loss":0,"event_name":"Upgrade Shrine","floor":28,"gold_loss":0,"cards_upgraded":["A Thousand Cuts"]}],"is_beta":false,"boss_relics":[{"not_picked":["HoveringKite","Ectoplasm"],"picked":"Astrolabe"}],"items_purged_floors":[],"is_endless":false,"potions_floor_spawned":[5,10,11,18,25,31],"killed_by":"Champ","ascension_level":0}