{"gold_per_floor":[210,228,228,248,323,323,36,48,96,108,120,120,120,137,137,216,216,229,247,259,259,259,259,279,295,295,295],"floor_reached":27,"playtime":994,"items_purged":[],"score":355,"play_id":"77f3dc4c-8348-4ffa-b739-fb9ea14303d2","local_time":"20190103133745","is_ascension_mode":true,"campfire_choices":[{"data":"Defragment","floor":6,"key":"SMITH"},{"data":"Capacitor","floor":12,"key":"SMITH"},{"floor":15,"key":"REST"},{"data":"Barrage","floor":23,"key":"SMITH"}],"neow_cost":"NONE","seed_source_timestamp":1194191996692789,"circlet_count":0,"master_deck":["AscendersBane","Strike_B","Strike_B","Strike_B","Defend_B","Defend_B","Defend_B","Defend_B","Zap","Dualcast","Coolheaded","Defragment+1","Redo","Capacitor+1","Coolheaded","Barrage","Cold Snap","Coolheaded","Barrage+1","Darkness","Buffer","Self Repair","Loop","Stack"],"relics":["Cracked Core","Toy Ornithopter","Bronze Scales","Orrery","Shovel","Question Card"],"potions_floor_usage":[10,18,20,25,27],"damage_taken":[{"damage":2,"enemies":"Jaw Worm","floor":1,"turns":3},{"damage":0,"enemies":"Cultist","floor":2,"turns":3},{"damage":13,"enemies":"2 Louse","floor":4,"turns":3},{"damage":5,"enemies":"Red Slaver","floor":8,"turns":6},{"damage":12,"enemies":"3 Louse","floor":10,"turns":4},{"damage":2,"enemies":"Looter","floor":11,"turns":4},{"damage":6,"enemies":"Exordium Wildlife","floor":14,"turns":5},{"damage":24,"enemies":"Slime Boss","floor":16,"turns":18},{"damage":10,"enemies":"Chosen","floor":18,"turns":6},{"damage":0,"enemies":"Spheric Guardian","floor":19,"turns":3},{"damage":15,"enemies":"Snake Plant","floor":20,"turns":6},{"damage":7,"enemies":"Snecko","floor":24,"turns":7},{"damage":26,"enemies":"Centurion and Healer","floor":25,"turns":8},{"damage":42,"enemies":"3 Cultists","floor":27,"turns":4}],"seed_played":"6465517121060108238","potions_obtained":[{"floor":1,"key":"Swift Potion"},{"floor":4,"key":"Block Potion"},{"floor":11,"key":"Weak Potion"},{"floor":19,"key":"EssenceOfSteel"},{"floor":20,"key":"FocusPotion"}],"is_trial":false,"path_per_floor":["M","M","?","M","?","R","$","M","T","M","M","R","?","M","R","B",null,"M","M","M","?","T","R","M","M","T","M"],"character_chosen":"DEFECT","items_purchased":["Capacitor","Coolheaded","Toy Ornithopter"],"campfire_rested":1,"item_purchase_floors":[7,7,7],"current_hp_per_floor":[62,62,62,49,42,42,42,37,37,30,28,28,28,22,43,19,58,53,53,43,43,43,43,43,29,29,0],"gold":295,"neow_bonus":"HUNDRED_GOLD","is_prod":false,"is_daily":false,"chose_seed":false,"campfire_upgraded":3,"win_rate":0,"timestamp":1546519065,"path_taken":["M","M","?","?","?","R","$","?","T","M","M","R","?","M","R","BOSS","M","M","M","?","?","R","M","M","T","M"],"build_version":"2018-12-20","purchased_purges":0,"victory":false,"max_hp_per_floor":[71,71,71,71,71,71,71,71,71,71,71,71,71,71,71,71,71,71,71,71,71,71,71,71,71,71,71],"card_choices":[{"not_picked":["Hello World","Compile Driver"],"picked":"Coolheaded","floor":1},{"not_picked":["Gash","Go for the Eyes"],"picked":"Defragment","floor":2},{"not_picked":["Beam Cell","Ball Lightning"],"picked":"Redo","floor":4},{"not_picked":["Go for the Eyes","Sweeping Beam","Gash"],"picked":"SKIP","floor":8},{"not_picked":["Sweeping Beam","Streamline","Barrage"],"picked":"SKIP","floor":10},{"not_picked":["Sweeping Beam","Streamline"],"picked":"Barrage","floor":10},{"not_picked":["Barrage","Meteor Strike"],"picked":"Cold Snap","floor":11},{"not_picked":["Skim","Barrage"],"picked":"Coolheaded","floor":14},{"not_picked":["Aggregate","Go for the Eyes"],"picked":"Barrage","floor":17},{"not_picked":["Skim","Recycle"],"picked":"Darkness","floor":18},{"not_picked":["Doom and Gloom","Ball Lightning"],"picked":"Buffer","floor":19},{"not_picked":["Steam Power","Cold Snap"],"picked":"Self Repair","floor":20},{"not_picked":["Ball Lightning","Stack"],"picked":"Loop","floor":24},{"not_picked":["Turbo","Leap"],"picked":"Stack","floor":25}],"player_experience":391786,"relics_obtained":[{"floor":9,"key":"Bronze Scales"},{"floor":22,"key":"Shovel"},{"floor":26,"key":"Question Card"}],"event_choices":[{"damage_healed":0,"gold_gain":0,"player_choice":"Bought 0 Potions","damage_taken":0,"max_hp_gain":0,"max_hp_loss":0,"event_name":"The Woman in Blue","floor":3,"gold_loss":0},{"damage_healed":0,"gold_gain":75,"player_choice":"Touch","damage_taken":7,"max_hp_gain":0,"max_hp_loss":0,"event_name":"FaceTrader","floor":5,"gold_loss":0},{"damage_healed":0,"gold_gain":0,"player_choice":"Ignored","damage_taken":0,"max_hp_gain":0,"max_hp_loss":0,"event_name":"Shining Light","floor":13,"gold_loss":0},{"cards_removed":["Strike_B"],"damage_healed":0,"gold_gain":0,"player_choice":"Elegance","damage_taken":0,"max_hp_gain":0,"max_hp_loss":0,"event_name":"Back to Basics","floor":21,"gold_loss":0}],"is_beta":false,"boss_relics":[{"not_picked":["Busted Crown","Sozu"],"picked":"Orrery"}],"items_purged_floors":[],"is_endless":false,"potions_floor_spawned":[1,4,11,19,20],"killed_by":"3 Cultists","ascension_level":14}