{"path_per_floor":["M","M","$","M","?","R","E","?","T","R","E","?","?","M","R","B",null,"M","?","?","$","?","R","M","M","T","?","R","M","R","M","R","B",null,"M","?","$","M","?","R","?","R","T","M","R","M","E","M","R","B"],"character_chosen":"IRONCLAD","items_purchased":["Apotheosis","Bottled Lightning"],"gold_per_floor":[117,137,62,73,73,73,100,100,127,127,159,159,159,170,170,273,273,285,285,285,96,11,11,29,44,112,112,112,132,132,145,145,249,249,264,264,24,42,42,42,42,42,42,61,61,74,107,123,123,123],"floor_reached":51,"campfire_rested":4,"playtime":695,"current_hp_per_floor":[80,80,80,80,68,68,50,50,50,50,20,20,46,52,76,23,80,80,64,64,64,64,64,70,76,76,76,76,80,80,76,76,47,80,64,64,64,58,58,80,70,80,80,73,73,70,10,16,40,30],"items_purged":["Defend_R"],"gold":123,"score":683,"play_id":"d3b87b95-110a-4062-babb-3d274ffe7a58","local_time":"20180320230016","is_prod":false,"is_daily":false,"is_ascension_mode":false,"campfire_upgraded":7,"timestamp":1521601216,"path_taken":["M","M","$","?","?","R","E","?","T","R","E","?","?","?","R","BOSS","M","?","?","$","?","R","?","M","T","?","R","M","R","M","R","BOSS","M","?","$","M","?","R","?","R","T","M","R","M","E","M","R","BOSS"],"build_version":"2018-03-15v3","purchased_purges":1,"victory":true,"master_deck":["Strike_R","Strike_R","Strike_R","Bash+1","Whirlwind+1","Flex+1","Seeing Red+1","Clash+1","Pommel Strike+1","Havoc+1","Havoc+1","Clash+1","Apotheosis+1","Seeing Red+1","Thunderclap+1","Flex+1","Limit Break+1","Battle Trance+1","Madness+1","Madness+1","Double Tap+1"],"max_hp_per_floor":[80,80,80,80,80,80,80,80,80,80,80,80,80,80,80,80,80,80,80,80,80,80,80,80,80,80,80,80,80,80,80,80,80,80,80,80,80,80,80,80,80,80,80,80,80,80,80,80,80,80],"relics":["Burning Blood","NeowsBlessing","Matryoshka","Centennial Puzzle","Vajra","Art of War","Omamori","Astrolabe","Necronomicon","War Paint","Toxic Egg 2","Shuriken","Philosopher\u0027s Stone","Bottled Lightning","Torii","Happy Flower"],"card_choices":[{"not_picked":["Shrug It Off","Perfected Strike"],"picked":"Whirlwind"},{"not_picked":["Feed","Rage"],"picked":"Flex"},{"not_picked":["Feel No Pain","Sword Boomerang"],"picked":"Seeing Red"},{"not_picked":["Ghostly Armor","Cleave"],"picked":"Clash"},{"not_picked":["Armaments","Twin Strike"],"picked":"Clash"},{"not_picked":["Havoc","Anger"],"picked":"Seeing Red"},{"not_picked":["Clash","Metallicize"],"picked":"Thunderclap"},{"not_picked":["Rampage","Anger"],"picked":"Flex"},{"not_picked":["Fiend Fire","Barricade"],"picked":"Limit Break"},{"not_picked":["Body Slam","Fire Breathing"],"picked":"Battle Trance"},{"not_picked":["Demon Form","Flex"],"picked":"Double Tap"}],"player_experience":222835,"potions_floor_usage":[16,50,50,50],"damage_taken":[{"damage":0,"enemies":"Cultist","floor":1,"turns":1},{"damage":0,"enemies":"2 Louse","floor":2,"turns":1},{"damage":0,"enemies":"Small Slimes","floor":4,"turns":1},{"damage":24,"enemies":"3 Sentries","floor":7,"turns":5},{"damage":36,"enemies":"Lagavulin","floor":11,"turns":4},{"damage":0,"enemies":"Gremlin Gang","floor":14,"turns":1},{"damage":68,"enemies":"Hexaghost","floor":16,"turns":8},{"damage":0,"enemies":"3 Byrds","floor":18,"turns":2},{"damage":0,"enemies":"2 Thieves","floor":24,"turns":1},{"damage":0,"enemies":"Chosen and Byrds","floor":25,"turns":3},{"damage":0,"enemies":"Cultist and Chosen","floor":29,"turns":3},{"damage":10,"enemies":"Slaver and Parasite","floor":31,"turns":2},{"damage":35,"enemies":"Collector","floor":33,"turns":4},{"damage":22,"enemies":"3 Darklings","floor":35,"turns":2},{"damage":12,"enemies":"Orb Walker","floor":38,"turns":2},{"damage":13,"enemies":"3 Darklings","floor":44,"turns":2},{"damage":9,"enemies":"4 Shapes","floor":46,"turns":1},{"damage":66,"enemies":"Nemesis","floor":47,"turns":3},{"damage":0,"enemies":"Sphere and 2 Shapes","floor":48,"turns":1},{"damage":16,"enemies":"Time Eater","floor":50,"turns":3}],"event_choices":[{"event_name":"Scrap Ooze","player_choice":"success","floor":5,"damage_taken":12},{"event_name":"The Lab","player_choice":"Got Potions","floor":8,"damage_taken":0},{"event_name":"Liars Game","player_choice":"disagreed","floor":12,"damage_taken":0},{"event_name":"Big Fish","player_choice":"Banana","floor":13,"damage_taken":0},{"event_name":"Cursed Tome","player_choice":"Obtained Book","floor":19,"damage_taken":0},{"event_name":"Drug Dealer","player_choice":"Ignored","floor":20,"damage_taken":0},{"event_name":"Addict","player_choice":"Obtained Relic","floor":22,"damage_taken":0},{"event_name":"The Mausoleum","player_choice":"No","floor":27,"damage_taken":0},{"event_name":"Purifier","player_choice":"One Purge","floor":39,"damage_taken":0},{"event_name":"Winding Halls","player_choice":"Embrace Madness","floor":41,"damage_taken":0}],"boss_relics":[{"not_picked":["Runic Cube","Orrery"],"picked":"Astrolabe"},{"not_picked":["Calling Bell","Snecko Eye"],"picked":"Philosopher\u0027s Stone"}],"potions_floor_spawned":[1,7,16,24,33,38,46],"seed_played":"-5550863912213860138","ascension_level":0,"is_trial":false}