{"path_per_floor":["M","?","M","M","M","R","M","?","T","$","?","M","M","M","R","B",null,"M","M","?","?","M","R","$","M","T","R"],"character_chosen":"DEFECT","items_purchased":["Madness","Hyperbeam","Buffer"],"gold_per_floor":[118,68,84,98,113,113,125,125,207,118,118,133,146,158,158,260,260,278,294,294,219,235,235,46,66,66,66,66],"floor_reached":28,"campfire_rested":0,"playtime":1051,"current_hp_per_floor":[73,73,71,70,52,52,52,52,52,52,52,43,42,50,50,46,75,27,24,24,24,54,54,54,29,29,29,0],"items_purged":[],"gold":66,"score":214,"play_id":"2d845a17-ec38-4c4d-84b6-1ae644faaaf0","local_time":"20180430013155","is_prod":false,"is_daily":false,"chose_seed":false,"is_ascension_mode":false,"campfire_upgraded":4,"timestamp":1525066315,"path_taken":["M","?","M","M","?","R","M","?","T","$","?","M","?","?","R","BOSS","M","M","?","?","M","R","$","?","T","R","M"],"build_version":"2018-04-27v3","seed_source_timestamp":2511431413447575,"purchased_purges":0,"victory":false,"master_deck":["Strike_B","Defend_B","Defend_B","Defend_B","Defend_B","Zap+1","Hello World","Melter","Go for the Eyes","Sweeping Beam","Self Repair+1","Madness","Fusion","Auto Shields","Self Repair","Sweeping Beam","Creative AI+1","FTL","Beam Cell+1","Hyperbeam+1","Buffer"],"max_hp_per_floor":[75,75,75,75,75,75,75,75,75,75,75,75,75,75,75,75,75,75,75,75,75,75,75,75,75,75,75,75],"relics":["Sozu","Bottled Tornado","Lizard Tail","Calipers"],"card_choices":[{"not_picked":["Doom and Gloom","Leap"],"picked":"Hello World","floor":1},{"not_picked":["Sweeping Beam","Tempest"],"picked":"Melter","floor":3},{"not_picked":["Aggregate","Coolheaded"],"picked":"Go for the Eyes","floor":4},{"not_picked":["Axe Kick","Aggregate"],"picked":"Sweeping Beam","floor":5},{"not_picked":["Hologram","Axe Kick"],"picked":"Self Repair","floor":7},{"not_picked":["Undo","Coolheaded"],"picked":"Auto Shields","floor":12},{"not_picked":["Double Energy","Leap"],"picked":"Self Repair","floor":13},{"not_picked":["Aggregate","Static Discharge"],"picked":"Sweeping Beam","floor":14},{"not_picked":["Seek","All For One"],"picked":"Creative AI","floor":16},{"not_picked":["Cold Snap","Turbo"],"picked":"FTL","floor":18},{"not_picked":["Barrage","Coolheaded"],"picked":"Beam Cell","floor":22}],"player_experience":418413,"potions_floor_usage":[],"damage_taken":[{"damage":2,"enemies":"2 Louse","floor":1,"turns":3},{"damage":2,"enemies":"Small Slimes","floor":3,"turns":4},{"damage":1,"enemies":"Jaw Worm","floor":4,"turns":4},{"damage":18,"enemies":"Gremlin Gang","floor":5,"turns":4},{"damage":0,"enemies":"Large Slime","floor":7,"turns":4},{"damage":16,"enemies":"Lots of Slimes","floor":12,"turns":4},{"damage":8,"enemies":"2 Fungi Beasts","floor":13,"turns":5},{"damage":6,"enemies":"3 Louse","floor":14,"turns":4},{"damage":21,"enemies":"Slime Boss","floor":16,"turns":10},{"damage":65,"enemies":"Chosen","floor":18,"turns":7},{"damage":20,"enemies":"Spheric Guardian","floor":19,"turns":4},{"damage":32,"enemies":"Chosen and Byrds","floor":22,"turns":7},{"damage":42,"enemies":"Slaver and Parasite","floor":25,"turns":7},{"damage":34,"enemies":"Cultist and Chosen","floor":28,"turns":3}],"event_choices":[{"event_name":"The Cleric","player_choice":"Card Removal","floor":2,"damage_taken":0},{"event_name":"Wheel of Change","player_choice":"Card Removal","floor":8,"damage_taken":0},{"event_name":"Transmorgrifier","player_choice":"Transform","floor":11,"damage_taken":0},{"event_name":"Drug Dealer","player_choice":"Ignored","floor":20,"damage_taken":0},{"event_name":"Beggar","player_choice":"Gave Gold","floor":21,"damage_taken":0}],"boss_relics":[{"not_picked":["Pandora\u0027s Box","White Beast Statue"],"picked":"Lizard Tail"}],"potions_floor_spawned":[1,4,7,12,13,18],"seed_played":"-953766480498553222","killed_by":"Cultist and Chosen","ascension_level":0,"is_trial":false}