{"gold_per_floor":[112,122,47,47,64,64,64,64,64,81,81,91,125,135,135,237,237,248,248,261,278,331,331,349,365,365,380,380,407,407,407],"floor_reached":31,"playtime":897,"items_purged":["Strike_B"],"score":285,"play_id":"4145ae36-522e-4292-9ae0-cb2a44f16702","local_time":"20180811212520","is_ascension_mode":true,"campfire_choices":[{"data":"Chaos","floor":7,"key":"SMITH"},{"data":"Rainbow","floor":11,"key":"SMITH"},{"data":"Loop","floor":15,"key":"SMITH"},{"data":"RitualDagger","floor":23,"key":"SMITH"},{"floor":28,"key":"REST"}],"neow_cost":"NONE","seed_source_timestamp":539678803974231,"circlet_count":0,"master_deck":["Strike_B","Strike_B","Strike_B","Defend_B","Defend_B","Defend_B","Defend_B","Zap+1","Dualcast","Rainbow+1","Tempest","Chaos+1","Skim","Gash","Loop+1","Core Surge","Redo+1","RitualDagger+1","Loop","Clumsy","Leap"],"relics":["Cracked Core","Kunai","Mercury Hourglass","Cursed Key","Orichalcum","Boot"],"potions_floor_usage":[16,16,25,29,29,29,31,31,31,31,31],"damage_taken":[{"damage":1,"enemies":"2 Louse","floor":1,"turns":3},{"damage":7,"enemies":"Small Slimes","floor":2,"turns":3},{"damage":7,"enemies":"Jaw Worm","floor":5,"turns":2},{"damage":6,"enemies":"2 Fungi Beasts","floor":10,"turns":3},{"damage":13,"enemies":"Blue Slaver","floor":12,"turns":2},{"damage":11,"enemies":"3 Sentries","floor":13,"turns":6},{"damage":1,"enemies":"Looter","floor":14,"turns":2},{"damage":27,"enemies":"The Guardian","floor":16,"turns":9},{"damage":0,"enemies":"Spheric Guardian","floor":18,"turns":3},{"damage":27,"enemies":"2 Thieves","floor":20,"turns":3},{"damage":1,"enemies":"Sentry and Sphere","floor":21,"turns":3},{"damage":19,"enemies":"Snake Plant","floor":24,"turns":3},{"damage":2,"enemies":"Cultist and Chosen","floor":25,"turns":4},{"damage":10,"enemies":"3 Cultists","floor":27,"turns":4},{"damage":23,"enemies":"Slavers","floor":29,"turns":5},{"damage":16,"enemies":"Snake Plant","floor":31,"turns":2}],"seed_played":"565872531950647676","potions_obtained":[{"floor":1,"key":"Ancient Potion"},{"floor":10,"key":"EssenceOfSteel"},{"floor":12,"key":"Energy Potion"},{"floor":20,"key":"AttackPotion"},{"floor":21,"key":"EntropicBrew"},{"floor":27,"key":"Block Potion"}],"is_trial":false,"path_per_floor":["M","M","$","?","M","?","R","$","T","M","R","M","E","M","R","B",null,"M","?","M","M","T","R","M","M","T","M","R","E","?"],"character_chosen":"DEFECT","items_purchased":[],"campfire_rested":1,"item_purchase_floors":[],"current_hp_per_floor":[74,67,67,67,60,60,60,60,60,54,54,41,30,29,29,2,75,75,69,42,41,41,41,22,20,20,10,32,9,9,0],"gold":407,"neow_bonus":"ONE_RANDOM_RARE_CARD","is_prod":false,"is_daily":false,"chose_seed":false,"campfire_upgraded":4,"win_rate":0,"timestamp":1534037120,"path_taken":["M","M","$","?","M","?","R","?","T","?","R","M","E","M","R","BOSS","M","?","M","M","?","R","M","M","T","M","R","E","?","?"],"build_version":"2018-08-08","purchased_purges":1,"victory":false,"max_hp_per_floor":[75,75,75,75,75,75,75,75,75,75,75,75,75,75,75,75,75,75,75,75,75,75,75,75,75,75,75,75,75,75,75],"card_choices":[{"not_picked":["Genetic Algorithm","Sweeping Beam"],"picked":"Tempest","floor":1},{"not_picked":["Streamline","Heatsinks"],"picked":"Chaos","floor":2},{"not_picked":["Go for the Eyes","Aggregate"],"picked":"Skim","floor":5},{"not_picked":["Go for the Eyes","Steam Power","Multi-Cast"],"picked":"SKIP","floor":10},{"not_picked":["Undo","Coolheaded"],"picked":"Gash","floor":12},{"not_picked":["Reinforced Body","Streamline","Redo"],"picked":"SKIP","floor":13},{"not_picked":["Beam Cell","BootSequence"],"picked":"Loop","floor":14},{"not_picked":["Thunder Strike","Machine Learning"],"picked":"Core Surge","floor":16},{"not_picked":["Chill+1","Stack"],"picked":"Redo+1","floor":18},{"not_picked":["Sweeping Beam","Steam","Stack+1"],"picked":"SKIP","floor":20},{"not_picked":["Steam Power","Beam Cell"],"picked":"Loop","floor":21},{"not_picked":["Skim","Force Field"],"picked":"Leap","floor":24},{"not_picked":["Heatsinks","Fission","Stack"],"picked":"SKIP","floor":25},{"not_picked":["Rebound+1","Turbo","Leap+1"],"picked":"SKIP","floor":27},{"not_picked":["Undo+1","Rip and Tear","Darkness"],"picked":"SKIP","floor":29}],"player_experience":859105,"relics_obtained":[{"floor":9,"key":"Kunai"},{"floor":13,"key":"Mercury Hourglass"},{"floor":22,"key":"Orichalcum"},{"floor":29,"key":"Boot"}],"event_choices":[{"event_name":"The Cleric","player_choice":"Leave","floor":4,"damage_taken":0},{"event_name":"Living Wall","player_choice":"Grow","floor":6,"damage_taken":0},{"event_name":"Nest","player_choice":"Joined the Cult","floor":19,"damage_taken":0},{"event_name":"Ghosts","player_choice":"Ignored","floor":30,"damage_taken":0}],"is_beta":true,"boss_relics":[{"not_picked":["Runic Dome","Orrery"],"picked":"Cursed Key"}],"items_purged_floors":[3],"is_endless":false,"potions_floor_spawned":[1,10,12,20,21,27],"killed_by":"Snake Plant","ascension_level":2}