{"gold_per_floor":[212,212,229,244,160,160,192,203,253,218,249,83,83,83,83,154,154,165,165,165,165],"floor_reached":21,"playtime":631,"items_purged":[],"score":370,"play_id":"de25f105-f58c-4f0f-8fc2-15055a5b9434","local_time":"20190914142400","is_ascension_mode":true,"campfire_choices":[{"data":"Inflame","floor":6.0,"key":"SMITH"},{"data":"Bash","floor":15.0,"key":"SMITH"}],"neow_cost":"NONE","seed_source_timestamp":2476600565700,"circlet_count":0,"master_deck":["AscendersBane","Strike_R","Defend_R","Defend_R+1","Defend_R+1","Bash+1","Inflame+1","Rupture","Dropkick","Infernal Blade","Offering","Clash+1","Cleave+1","Juggernaut+1","Sever Soul","J.A.X."],"special_seed":0,"relics":["Burning Blood","White Beast Statue","War Paint","Bronze Scales","Juzu Bracelet","Astrolabe"],"potions_floor_usage":[21],"damage_taken":[{"damage":14.0,"enemies":"Small Slimes","floor":1.0,"turns":5.0},{"damage":6.0,"enemies":"Cultist","floor":3.0,"turns":3.0},{"damage":4.0,"enemies":"2 Louse","floor":4.0,"turns":3.0},{"damage":33.0,"enemies":"3 Sentries","floor":7.0,"turns":9.0},{"damage":10.0,"enemies":"Red Slaver","floor":8.0,"turns":3.0},{"damage":40.0,"enemies":"Lagavulin","floor":11.0,"turns":5.0},{"damage":74.0,"enemies":"Slime Boss","floor":16.0,"turns":12.0},{"damage":47.0,"enemies":"2 Thieves","floor":18.0,"turns":5.0},{"damage":32,"enemies":"Masked Bandits","floor":21,"turns":2}],"seed_played":"8448408525762254389","potions_obtained":[{"floor":1.0,"key":"LiquidBronze"},{"floor":3.0,"key":"Block Potion"},{"floor":8.0,"key":"Explosive Potion"},{"floor":11.0,"key":"Fruit Juice"},{"floor":16.0,"key":"SteroidPotion"},{"floor":18.0,"key":"PowerPotion"}],"is_trial":false,"path_per_floor":["M","?","M","M","$","R","E","M","T","?","E","$","?","$","R","B",null,"M","?","?","?"],"character_chosen":"IRONCLAD","items_purchased":["Infernal Blade","Juzu Bracelet"],"campfire_rested":0,"item_purchase_floors":[5,12],"current_hp_per_floor":[60,60,60,62,62,62,35,31,31,49,15,15,75,75,75,12,63,22,22,22,0],"gold":165,"neow_bonus":"HUNDRED_GOLD","is_prod":false,"is_daily":false,"chose_seed":false,"campfire_upgraded":2,"win_rate":0,"timestamp":1568489040,"path_taken":["M","?","M","?","$","R","E","M","T","?","E","$","?","$","R","BOSS","M","?","?","?"],"build_version":"2019-09-12","purchased_purges":0,"victory":false,"max_hp_per_floor":[75,75,75,75,75,75,75,75,75,75,75,75,75,75,75,80,80,80,80,80,80],"card_choices":[{"not_picked":["Spot Weakness","Combust"],"picked":"Inflame","floor":1.0},{"not_picked":["Rampage","Thunderclap"],"picked":"Rupture","floor":3.0},{"not_picked":["Uppercut","Warcry"],"picked":"Dropkick","floor":4.0},{"not_picked":["Rampage","Warcry","Iron Wave"],"picked":"SKIP","floor":7.0},{"not_picked":["Armaments","Infernal Blade"],"picked":"Hemokinesis","floor":8.0},{"not_picked":["Twin Strike","Carnage","Warcry"],"picked":"SKIP","floor":11.0},{"not_picked":["Immolate","Bludgeon"],"picked":"Offering","floor":16.0},{"not_picked":["Iron Wave","Flex","Clothesline"],"picked":"SKIP","floor":18.0}],"player_experience":1315109,"relics_obtained":[{"floor":7.0,"key":"White Beast Statue"},{"floor":9.0,"key":"War Paint"},{"floor":11.0,"key":"Bronze Scales"}],"event_choices":[{"cards_removed":["Strike_R"],"damage_healed":0.0,"max_hp_gain":0.0,"max_hp_loss":0.0,"gold_gain":0.0,"event_name":"Purifier","player_choice":"Purged","floor":2.0,"gold_loss":0.0,"damage_taken":0.0},{"damage_healed":18.0,"max_hp_gain":0.0,"max_hp_loss":0.0,"gold_gain":0.0,"event_name":"The Cleric","player_choice":"Healed","floor":10.0,"gold_loss":35.0,"damage_taken":0.0},{"cards_removed":["Hemokinesis"],"damage_healed":60.0,"max_hp_gain":0.0,"max_hp_loss":0.0,"gold_gain":0.0,"event_name":"Bonfire Elementals","player_choice":"Offered Uncommon","floor":13.0,"gold_loss":0.0,"damage_taken":0.0},{"damage_healed":0.0,"max_hp_gain":0.0,"max_hp_loss":0.0,"gold_gain":0.0,"cards_transformed":["Strike_R"],"event_name":"Transmorgrifier","player_choice":"Transformed","floor":19.0,"gold_loss":0.0,"damage_taken":0.0,"cards_obtained":["Sever Soul"]},{"damage_healed":0.0,"max_hp_gain":0.0,"max_hp_loss":0.0,"gold_gain":0.0,"event_name":"Drug Dealer","player_choice":"Obtain J.A.X.","floor":20.0,"gold_loss":0.0,"damage_taken":0.0,"cards_obtained":["J.A.X."]},{"damage_healed":0,"gold_gain":0,"player_choice":"Fought Bandits","damage_taken":0,"max_hp_gain":0,"max_hp_loss":0,"event_name":"Masked Bandits","floor":21,"gold_loss":0}],"is_beta":true,"boss_relics":[{"not_picked":["Cursed Key","Philosopher\u0027s Stone"],"picked":"Astrolabe"}],"items_purged_floors":[],"is_endless":false,"potions_floor_spawned":[1,3,4,8,11,16,18],"killed_by":"Masked Bandits","ascension_level":20}