{"path_per_floor":["M","?","$","M","M","R","M","?","T","M","R","M","R","M","R","B",null,"M","M","$","M","?","R","$","R","T","R","M","$","M","$","R"],"character_chosen":"DEFECT","items_purchased":["Loop","Pantograph","Rainbow","Capacitor"],"gold_per_floor":[110,210,97,112,131,131,142,217,217,232,232,250,250,263,263,360,360,378,388,148,164,164,164,2,2,2,2,20,20,30,5,5,5],"floor_reached":33,"campfire_rested":0,"playtime":959,"item_purchase_floors":[3,20,24,31],"current_hp_per_floor":[44,44,44,43,41,41,40,29,29,33,33,34,34,43,43,28,89,76,66,66,63,63,63,63,63,63,63,63,63,44,44,44,0],"items_purged":["Strike_B"],"gold":5,"score":239,"play_id":"2bc91301-5ea8-4963-84f7-11c3fad8aefe","local_time":"20180519172642","is_prod":false,"is_daily":false,"chose_seed":false,"is_ascension_mode":false,"campfire_upgraded":8,"timestamp":1526765202,"campfire_choices":[{"data":"Zap","floor":6,"key":"SMITH"},{"data":"Defragment","floor":11,"key":"SMITH"},{"data":"Self Repair","floor":13,"key":"SMITH"},{"data":"Loop","floor":15,"key":"SMITH"},{"data":"Echo Form","floor":23,"key":"SMITH"},{"data":"Rainbow","floor":25,"key":"SMITH"},{"data":"Tempest","floor":27,"key":"SMITH"},{"data":"Defragment","floor":32,"key":"SMITH"}],"path_taken":["M","?","$","M","M","R","M","?","T","?","R","M","R","M","R","BOSS","M","?","$","M","?","R","?","R","T","R","M","$","M","?","R","BOSS"],"build_version":"2018-05-18","seed_source_timestamp":1540760422122754,"purchased_purges":1,"victory":false,"master_deck":["Strike_B","Strike_B","Strike_B","Defend_B","Defend_B","Defend_B","Defend_B","Zap+1","Dualcast","Defragment+1","Loop+1","BootSequence","Self Repair+1","Rip and Tear","Go for the Eyes","Cold Snap","Echo Form+1","Thunder Strike","Tempest+1","FTL","Ball Lightning","Rainbow+1","Ball Lightning","Defragment+1","Capacitor"],"max_hp_per_floor":[89,89,89,89,89,89,89,89,89,89,89,89,89,89,89,89,89,89,89,89,89,89,89,89,89,89,89,89,89,89,89,89,89],"relics":["Cracked Core","Dream Catcher","Cursed Key","Pantograph"],"card_choices":[{"not_picked":["Go for the Eyes","Self Repair"],"picked":"Defragment","floor":1},{"not_picked":["Beam Cell","Chill"],"picked":"BootSequence","floor":4},{"not_picked":["Blizzard","Beam Cell"],"picked":"Self Repair","floor":5},{"not_picked":["Ball Lightning","Rebound"],"picked":"Rip and Tear","floor":7},{"not_picked":["Static Discharge","Stack"],"picked":"Go for the Eyes","floor":10},{"not_picked":["Loop","Turbo"],"picked":"Cold Snap","floor":12},{"not_picked":["Stack","Tempest"],"picked":"Echo Form","floor":14},{"not_picked":["Hyperbeam","Meteor Strike"],"picked":"Thunder Strike","floor":16},{"not_picked":["Skim+1","Axe Kick"],"picked":"Tempest","floor":18},{"not_picked":["Consume","Cold Snap"],"picked":"FTL","floor":19},{"not_picked":["Fusion+1","Cold Snap"],"picked":"Ball Lightning","floor":21},{"not_picked":["Go for the Eyes+1","Steam"],"picked":"Ball Lightning","floor":28},{"not_picked":["Barrage","Thunder Strike"],"picked":"Defragment","floor":30}],"player_experience":470049,"potions_floor_usage":[16,19,19,19,28,33,33,33],"damage_taken":[{"damage":1,"enemies":"Jaw Worm","floor":1,"turns":4},{"damage":1,"enemies":"Cultist","floor":4,"turns":4},{"damage":2,"enemies":"2 Louse","floor":5,"turns":3},{"damage":8,"enemies":"2 Fungi Beasts","floor":7,"turns":4},{"damage":3,"enemies":"Exordium Wildlife","floor":10,"turns":4},{"damage":6,"enemies":"Lots of Slimes","floor":12,"turns":4},{"damage":1,"enemies":"Looter","floor":14,"turns":3},{"damage":25,"enemies":"Slime Boss","floor":16,"turns":7},{"damage":33,"enemies":"2 Thieves","floor":18,"turns":4},{"damage":25,"enemies":"3 Byrds","floor":19,"turns":4},{"damage":3,"enemies":"Centurion and Healer","floor":21,"turns":4},{"damage":0,"enemies":"Cultist and Chosen","floor":28,"turns":3},{"damage":29,"enemies":"Snake Plant","floor":30,"turns":6},{"damage":79,"enemies":"Automaton","floor":33,"turns":6}],"relics_obtained":[{"floor":9,"key":"Dream Catcher"}],"event_choices":[{"event_name":"Wheel of Change","player_choice":"Gold","floor":2,"damage_taken":0},{"event_name":"World of Goop","player_choice":"Gather Gold","floor":8,"damage_taken":0},{"event_name":"Vampires","player_choice":"Ignored","floor":22,"damage_taken":0}],"boss_relics":[{"not_picked":["Tiny House","Nuclear Battery"],"picked":"Cursed Key"}],"items_purged_floors":[3],"potions_floor_spawned":[1,4,12,18,30],"seed_played":"-2285272113799821826","killed_by":"Automaton","ascension_level":0,"potions_obtained":[{"floor":1,"key":"Swift Potion"},{"floor":4,"key":"Regen Potion"},{"floor":12,"key":"Explosive Potion"},{"floor":18,"key":"EntropicBrew"},{"floor":30,"key":"SpeedPotion"}],"is_trial":false}