{"gold_per_floor":[115,128,128,61,80,113,113,144,171,187,199,169,13,13,13,13],"floor_reached":16,"playtime":1233,"items_purged":["Strike_G"],"score":110,"play_id":"1ee40bde-d25c-44ac-af5b-1460fc6d76bf","local_time":"20190915175527","is_ascension_mode":false,"campfire_choices":[{"data":"Infinite Blades","floor":7,"key":"SMITH"},{"floor":15,"key":"REST"}],"neow_cost":"NONE","seed_source_timestamp":2554045554721800,"circlet_count":0,"master_deck":["Strike_G","Strike_G","Strike_G","Strike_G","Defend_G","Defend_G","Defend_G","Defend_G","Defend_G","Survivor","Neutralize","Infinite Blades+1","Cloak And Dagger","Heel Hook","Outmaneuver","Infinite Blades+1","Backflip","Endless Agony","Prepared","Backflip","Well Laid Plans"],"relics":["Ring of the Snake","NeowsBlessing","Omamori","Pen Nib","Bag of Marbles","Ancient Tea Set"],"potions_floor_usage":[6,8],"damage_taken":[{"damage":0,"enemies":"Cultist","floor":1,"turns":1},{"damage":0,"enemies":"Jaw Worm","floor":2,"turns":1},{"damage":0,"enemies":"2 Louse","floor":5,"turns":1},{"damage":18,"enemies":"3 Sentries","floor":6,"turns":10},{"damage":24,"enemies":"Gremlin Nob","floor":8,"turns":4},{"damage":21,"enemies":"Gremlin Gang","floor":10,"turns":11},{"damage":6,"enemies":"3 Louse","floor":11,"turns":5},{"damage":0,"enemies":"Looter","floor":12,"turns":4},{"damage":23,"enemies":"Hexaghost","floor":16,"turns":11}],"seed_played":"-5096397470423139544","potions_obtained":[{"floor":1,"key":"FearPotion"},{"floor":5,"key":"AttackPotion"}],"is_trial":false,"path_per_floor":["M","M","?","$","M","E","R","E","T","M","M","M","$","?","R","B"],"character_chosen":"THE_SILENT","items_purchased":["Heel Hook","Well Laid Plans"],"campfire_rested":1,"item_purchase_floors":[4,13],"current_hp_per_floor":[70,70,70,70,70,52,52,28,28,7,1,1,1,1,22,0],"gold":13,"neow_bonus":"THREE_ENEMY_KILL","is_prod":false,"is_daily":false,"chose_seed":false,"campfire_upgraded":1,"win_rate":0,"timestamp":1568584527,"path_taken":["M","?","?","$","?","E","R","E","T","M","M","M","$","?","R","BOSS"],"build_version":"2019-07-17","purchased_purges":1,"victory":false,"max_hp_per_floor":[70,70,70,70,70,70,70,70,70,70,70,70,70,70,70,70],"card_choices":[{"not_picked":["Finisher","Bane"],"picked":"Infinite Blades","floor":1},{"not_picked":["Bouncing Flask","Dodge and Roll"],"picked":"Cloak And Dagger","floor":2},{"not_picked":["Finisher","Masterful Stab"],"picked":"Outmaneuver","floor":5},{"not_picked":["Dagger Spray","Deflect"],"picked":"Infinite Blades","floor":6},{"not_picked":["Masterful Stab","Leg Sweep"],"picked":"Backflip","floor":8},{"not_picked":["Sucker Punch","Underhanded Strike"],"picked":"Endless Agony","floor":10},{"not_picked":["Cloak And Dagger","Outmaneuver"],"picked":"Prepared","floor":11},{"not_picked":["PiercingWail","Reflex"],"picked":"Backflip","floor":12}],"player_experience":487509,"relics_obtained":[{"floor":6,"key":"Omamori"},{"floor":8,"key":"Pen Nib"},{"floor":9,"key":"Bag of Marbles"}],"event_choices":[{"damage_healed":0,"gold_gain":0,"player_choice":"Upgraded","damage_taken":0,"max_hp_gain":0,"max_hp_loss":0,"event_name":"Upgrade Shrine","floor":3,"gold_loss":0,"cards_upgraded":["Infinite Blades"]},{"damage_healed":0,"gold_gain":0,"player_choice":"Searched \u00271\u0027 times","damage_taken":0,"relics_obtained":["Ancient Tea Set"],"max_hp_gain":0,"max_hp_loss":0,"event_name":"Dead Adventurer","floor":14,"gold_loss":0}],"is_beta":false,"boss_relics":[],"items_purged_floors":[13],"is_endless":false,"potions_floor_spawned":[1,5],"killed_by":"Hexaghost","ascension_level":0}