{"gold_per_floor":[119,119,119,119,134,134,57,72,97,111,111,126,126,206,206,283,283,294,310,42,42,42,42,58,58,58,58,68,80,80],"floor_reached":30,"playtime":1278,"items_purged":[],"score":440,"play_id":"2748b25e-b93e-4b46-9885-a9bbfe2da2a2","local_time":"20190420173349","is_ascension_mode":true,"campfire_choices":[{"data":"Bash","floor":6,"key":"SMITH"},{"data":"Demon Form","floor":11,"key":"SMITH"},{"data":"Uppercut","floor":13,"key":"SMITH"},{"floor":15,"key":"REST"},{"data":"Ghostly","floor":23,"key":"SMITH"},{"floor":27,"key":"REST"}],"neow_cost":"NONE","seed_source_timestamp":9737568364958,"circlet_count":0,"master_deck":["AscendersBane","Strike_R+1","Strike_R","Strike_R","Strike_R","Defend_R","Defend_R","Defend_R","Defend_R","Bash+1","Demon Form+1","Sever Soul+1","Headbutt","Metallicize","Uppercut+1","Heavy Blade","Shrug It Off","Reaper","Spot Weakness","Shrug It Off+1","Ghostly+1","Ghostly","Ghostly","Brutality","Shrug It Off+1","Rupture","Thunderclap"],"relics":["Burning Blood","Oddly Smooth Stone","Regal Pillow","Mark of Pain","Pantograph","Meat on the Bone"],"potions_floor_usage":[19],"damage_taken":[{"damage":14,"enemies":"Small Slimes","floor":1,"turns":4},{"damage":6,"enemies":"Jaw Worm","floor":5,"turns":4},{"damage":0,"enemies":"Cultist","floor":8,"turns":4},{"damage":13,"enemies":"Red Slaver","floor":10,"turns":3},{"damage":9,"enemies":"Blue Slaver","floor":12,"turns":2},{"damage":40,"enemies":"Slime Boss","floor":16,"turns":9},{"damage":31,"enemies":"Shell Parasite","floor":18,"turns":5},{"damage":24,"enemies":"2 Thieves","floor":19,"turns":3},{"damage":44,"enemies":"Snecko","floor":24,"turns":7},{"damage":24,"enemies":"Shelled Parasite and Fungi","floor":28,"turns":6},{"damage":7,"enemies":"Snake Plant","floor":29,"turns":5},{"damage":37,"enemies":"Chosen and Byrds","floor":30,"turns":5}],"seed_played":"-7031939739167022941","potions_obtained":[{"floor":1,"key":"Strength Potion"},{"floor":5,"key":"FairyPotion"},{"floor":12,"key":"Strength Potion"},{"floor":19,"key":"FearPotion"},{"floor":28,"key":"SkillPotion"}],"is_trial":false,"path_per_floor":["M","?","?","$","M","R","$","M","T","M","R","M","R","?","R","B",null,"M","M","$","?","?","R","M","?","T","R","M","M","M"],"character_chosen":"IRONCLAD","items_purchased":["Metallicize","Pantograph"],"campfire_rested":2,"item_purchase_floors":[7,20],"current_hp_per_floor":[60,37,37,37,37,37,37,43,43,36,36,33,33,33,70,36,65,40,34,34,34,34,34,9,9,9,35,36,35,0],"gold":80,"neow_bonus":"ONE_RANDOM_RARE_CARD","is_prod":false,"is_daily":false,"chose_seed":false,"campfire_upgraded":4,"win_rate":0,"timestamp":1555774429,"path_taken":["M","?","?","$","?","R","?","M","T","M","R","M","R","?","R","BOSS","M","M","$","?","?","R","?","?","T","R","M","M","M"],"build_version":"2019-01-23","purchased_purges":0,"victory":false,"max_hp_per_floor":[75,75,75,75,75,75,75,75,75,75,75,75,75,75,75,75,75,75,75,75,37,37,37,37,37,37,37,37,37,37],"card_choices":[{"not_picked":["True Grit","Havoc"],"picked":"Sever Soul","floor":1},{"not_picked":["Twin Strike","Sword Boomerang"],"picked":"Headbutt","floor":5},{"not_picked":["Flex","Iron Wave"],"picked":"Uppercut","floor":8},{"not_picked":["Hemokinesis","Second Wind"],"picked":"Heavy Blade","floor":10},{"not_picked":["Dropkick","Havoc"],"picked":"Shrug It Off","floor":12},{"not_picked":["Impervious","Double Tap"],"picked":"Reaper","floor":16},{"not_picked":["Heavy Blade","Perfected Strike+1"],"picked":"Spot Weakness","floor":18},{"not_picked":["Perfected Strike","Flex"],"picked":"Shrug It Off+1","floor":19},{"not_picked":["Thunderclap","Cleave"],"picked":"Shrug It Off+1","floor":24},{"not_picked":["Headbutt","Havoc"],"picked":"Rupture","floor":28},{"not_picked":["Clash+1","Havoc"],"picked":"Thunderclap","floor":29}],"player_experience":600474,"relics_obtained":[{"floor":9,"key":"Regal Pillow"},{"floor":26,"key":"Meat on the Bone"}],"event_choices":[{"damage_healed":0,"gold_gain":0,"player_choice":"Entered Light","damage_taken":23,"max_hp_gain":0,"max_hp_loss":0,"event_name":"Shining Light","floor":2,"gold_loss":0,"cards_upgraded":["Strike_R","Sever Soul"]},{"damage_healed":0,"gold_gain":0,"player_choice":"Gave Potion","damage_taken":0,"relics_obtained":["Oddly Smooth Stone"],"max_hp_gain":0,"max_hp_loss":0,"event_name":"WeMeetAgain","floor":3,"gold_loss":0},{"damage_healed":0,"gold_gain":80,"player_choice":"Gained Gold","damage_taken":0,"max_hp_gain":0,"max_hp_loss":0,"event_name":"Golden Wing","floor":14,"gold_loss":0},{"damage_healed":0,"gold_gain":0,"player_choice":"Became a Ghost","damage_taken":0,"max_hp_gain":0,"max_hp_loss":38,"event_name":"Ghosts","floor":21,"gold_loss":0,"cards_obtained":["Ghostly","Ghostly","Ghostly"]},{"damage_healed":0,"gold_gain":0,"cards_transformed":["Strike_R"],"player_choice":"Transformed","damage_taken":0,"max_hp_gain":0,"max_hp_loss":0,"event_name":"Transmorgrifier","floor":22,"gold_loss":0,"cards_obtained":["Brutality"]},{"damage_healed":0,"gold_gain":0,"player_choice":"Ignored","damage_taken":0,"max_hp_gain":0,"max_hp_loss":0,"event_name":"Cursed Tome","floor":25,"gold_loss":0}],"is_beta":false,"boss_relics":[{"not_picked":["Sozu","Lizard Tail"],"picked":"Mark of Pain"}],"items_purged_floors":[],"is_endless":false,"potions_floor_spawned":[1,5,12,19,28],"killed_by":"Chosen and Byrds","ascension_level":20}