{"gold_per_floor":[144,144,189,234,279,369,78,123,173,218,218,263,308,353,353,653,653,653,653,253,253,298,298,298],"floor_reached":24,"playtime":1582,"items_purged":[],"score":227,"play_id":"2c863fcf-ae9d-4ae0-8a0b-85b61069c162","local_time":"20180704224023","daily_mods":["Allstar","Midas","Binary"],"is_ascension_mode":false,"campfire_choices":[{"floor":11,"key":"REST"},{"floor":15,"key":"REST"},{"floor":23,"key":"REST"}],"neow_cost":"","seed_source_timestamp":0,"circlet_count":0,"master_deck":["Defend_G","Defend_G","Defend_G","Defend_G","Defend_G","Survivor+1","Neutralize","Swift Strike","Bandage Up","Jack Of All Trades","Flash of Steel+1","Enlightenment","Slice","Endless Agony","Deflect","Acrobatics","Deadly Poison","Trip","Finisher","Sucker Punch","Quick Slash","Bane","Leg Sweep","Prepared","Wraith Form v2","Slice","Bite","Bite","Bite","Bite","Bite","Flying Knee+1"],"special_seed":17716,"relics":["Ring of the Snake","Bag of Marbles","Bag of Preparation","Oddly Smooth Stone","White Beast Statue","Molten Egg 2","Orichalcum"],"potions_floor_usage":[6,6,12,16,24,24,24],"damage_taken":[{"damage":6,"enemies":"Jaw Worm","floor":1,"turns":4},{"damage":0,"enemies":"2 Louse","floor":3,"turns":2},{"damage":0,"enemies":"Cultist","floor":4,"turns":3},{"damage":2,"enemies":"2 Fungi Beasts","floor":5,"turns":3},{"damage":13,"enemies":"Gremlin Nob","floor":6,"turns":3},{"damage":1,"enemies":"Looter","floor":8,"turns":2},{"damage":0,"enemies":"3 Louse","floor":10,"turns":5},{"damage":0,"enemies":"Red Slaver","floor":12,"turns":1},{"damage":0,"enemies":"Exordium Wildlife","floor":13,"turns":1},{"damage":0,"enemies":"Looter","floor":14,"turns":1},{"damage":34,"enemies":"Hexaghost","floor":16,"turns":9},{"damage":10,"enemies":"2 Thieves","floor":18,"turns":5},{"damage":0,"enemies":"Chosen","floor":22,"turns":4},{"damage":62,"enemies":"Gremlin Leader","floor":24,"turns":8}],"seed_played":"-71874081359169380","potions_obtained":[{"floor":3,"key":"FearPotion"},{"floor":5,"key":"LiquidBronze"},{"floor":6,"key":"AttackPotion"},{"floor":8,"key":"Energy Potion"},{"floor":13,"key":"Fire Potion"},{"floor":14,"key":"EntropicBrew"},{"floor":18,"key":"Swift Potion"},{"floor":22,"key":"SpeedPotion"}],"is_trial":false,"path_per_floor":["M","?","M","M","M","E","$","M","T","M","R","M","M","M","R","B",null,"M","?","$","?","M","R"],"character_chosen":"THE_SILENT","items_purchased":["Bag of Preparation","Trip","Finisher","Molten Egg 2","Orichalcum"],"campfire_rested":3,"item_purchase_floors":[7,7,7,20,20],"current_hp_per_floor":[64,50,50,50,52,43,43,46,46,50,70,70,70,70,70,36,70,60,49,49,42,54,54,0],"gold":298,"neow_bonus":"","is_prod":false,"is_daily":true,"chose_seed":false,"campfire_upgraded":0,"win_rate":0.0,"timestamp":1530736823,"path_taken":["M","?","M","M","M","E","$","M","T","M","R","?","M","M","R","BOSS","M","?","$","?","?","R","E"],"build_version":"2018-06-28","purchased_purges":0,"victory":false,"max_hp_per_floor":[70,70,70,70,70,70,70,70,70,70,70,70,70,70,70,70,70,70,49,49,54,54,54,54],"card_choices":[{"not_picked":["Prepared"],"picked":"Slice","floor":1},{"not_picked":["Dagger Throw"],"picked":"Endless Agony","floor":3},{"not_picked":["Caltrops"],"picked":"Deflect","floor":4},{"not_picked":["Cloak And Dagger"],"picked":"Acrobatics","floor":5},{"not_picked":["Dodge and Roll"],"picked":"Deadly Poison","floor":6},{"not_picked":["Acrobatics"],"picked":"Sucker Punch","floor":8},{"not_picked":["Sucker Punch"],"picked":"Quick Slash","floor":10},{"not_picked":["A Thousand Cuts"],"picked":"Bane","floor":12},{"not_picked":["Deflect"],"picked":"Leg Sweep","floor":13},{"not_picked":["Leg Sweep"],"picked":"Prepared","floor":14},{"not_picked":["A Thousand Cuts"],"picked":"Wraith Form v2","floor":16},{"not_picked":["Outmaneuver"],"picked":"Slice","floor":18},{"not_picked":["Reflex+1"],"picked":"Flying Knee+1","floor":22}],"player_experience":29106,"relics_obtained":[{"floor":6,"key":"Bag of Marbles"},{"floor":9,"key":"Oddly Smooth Stone"}],"event_choices":[{"event_name":"Shining Light","player_choice":"Entered Light","floor":2,"damage_taken":0},{"event_name":"Vampires","player_choice":"Became a vampire","floor":19,"damage_taken":0},{"event_name":"Forgotten Altar","player_choice":"Shed Blood","floor":21,"damage_taken":0}],"boss_relics":[{"not_picked":["Runic Dome","Runic Pyramid"],"picked":"White Beast Statue"}],"items_purged_floors":[],"is_endless":false,"potions_floor_spawned":[3,5,6,8,13,14,18,22],"killed_by":"Gremlin Leader","ascension_level":0}