{"gold_per_floor":[118,134,134,153,153,153,166,180,180,104,123,123,123,48,48,153,153,163,163,262,276,294,294,309,309,336,267,284,296,315,328,328,429,429,445,445,463,473,473,473,520,520,520,80,80],"floor_reached":45,"playtime":1383,"items_purged":["Strike_B"],"score":409,"play_id":"1bc008ef-aa92-4447-828b-b730278231d7","local_time":"20181226010847","is_ascension_mode":false,"campfire_choices":[{"data":"Zap","floor":6,"key":"SMITH"},{"floor":13,"key":"REST"},{"data":"Hologram","floor":15,"key":"SMITH"},{"floor":23,"key":"REST"},{"floor":25,"key":"REST"},{"floor":32,"key":"REST"},{"floor":40,"key":"REST"},{"data":"Beam Cell","floor":42,"key":"SMITH"}],"neow_cost":"NONE","seed_source_timestamp":371648786876174,"circlet_count":0,"master_deck":["Strike_B","Defend_B","Defend_B","Defend_B+1","Defend_B","Zap+1","Dualcast+1","Gash","Rebound","Gash","Hologram+1","All For One","Beam Cell","Go for the Eyes","Stack","Gash","Beam Cell+1","Scrape+1","Go for the Eyes","Redo+1","Consume+1","Machine Learning"],"relics":["Cracked Core","Bag of Marbles","Bird Faced Urn","Orrery","Nilry\u0027s Codex","Orichalcum","Empty Cage","Art of War","Ginger","Incense Burner"],"potions_floor_usage":[22,33,38,45],"damage_taken":[{"damage":0,"enemies":"2 Louse","floor":1,"turns":1},{"damage":0,"enemies":"Cultist","floor":2,"turns":3},{"damage":5,"enemies":"Small Slimes","floor":4,"turns":3},{"damage":0,"enemies":"Blue Slaver","floor":7,"turns":2},{"damage":17,"enemies":"Gremlin Gang","floor":8,"turns":3},{"damage":8,"enemies":"Large Slime","floor":11,"turns":4},{"damage":19,"enemies":"Hexaghost","floor":16,"turns":8},{"damage":18,"enemies":"2 Thieves","floor":18,"turns":3},{"damage":2,"enemies":"Spheric Guardian","floor":21,"turns":3},{"damage":30,"enemies":"Snake Plant","floor":22,"turns":3},{"damage":11,"enemies":"3 Cultists","floor":24,"turns":4},{"damage":4,"enemies":"Centurion and Healer","floor":28,"turns":4},{"damage":10,"enemies":"Shelled Parasite and Fungi","floor":29,"turns":3},{"damage":5,"enemies":"Cultist and Chosen","floor":30,"turns":2},{"damage":19,"enemies":"3 Cultists","floor":31,"turns":4},{"damage":16,"enemies":"Champ","floor":33,"turns":8},{"damage":0,"enemies":"3 Shapes","floor":35,"turns":4},{"damage":31,"enemies":"3 Darklings","floor":37,"turns":6},{"damage":31,"enemies":"Sphere and 2 Shapes","floor":38,"turns":4},{"damage":51,"enemies":"Writhing Mass","floor":45,"turns":4}],"seed_played":"-822264296329524443","potions_obtained":[{"floor":2,"key":"EssenceOfSteel"},{"floor":4,"key":"SpeedPotion"},{"floor":11,"key":"SkillPotion"},{"floor":30,"key":"Energy Potion"},{"floor":37,"key":"SkillPotion"}],"is_trial":false,"path_per_floor":["M","M","?","M","?","R","M","M","T","$","M","?","R","$","R","B",null,"M","?","?","M","M","R","M","R","T","$","M","M","M","M","R","B",null,"M","?","M","M","?","R","T","R","T","$","M"],"character_chosen":"DEFECT","items_purchased":["Gash","Hologram","Scrape","Incense Burner","Machine Learning"],"campfire_rested":5,"item_purchase_floors":[10,10,27,44,44],"current_hp_per_floor":[75,75,75,70,55,55,55,38,38,38,30,30,52,52,52,33,75,57,41,41,39,9,31,20,42,42,42,38,30,25,6,28,12,75,75,75,44,13,13,35,35,35,35,35,0],"gold":80,"neow_bonus":"RANDOM_COMMON_RELIC","is_prod":false,"is_daily":false,"chose_seed":false,"campfire_upgraded":3,"win_rate":0,"timestamp":1545804527,"path_taken":["M","M","?","?","?","R","M","M","T","$","M","?","R","$","R","BOSS","M","?","?","M","M","R","M","R","T","?","M","M","M","?","R","BOSS","M","?","M","?","?","R","?","R","T","$","M"],"build_version":"2018-12-20","purchased_purges":1,"victory":false,"max_hp_per_floor":[75,75,75,75,75,75,75,75,75,75,75,75,75,75,75,75,75,75,75,75,75,75,75,75,75,75,75,75,75,75,75,75,75,75,75,75,75,75,75,75,75,75,75,75,75],"card_choices":[{"not_picked":["Hologram","Turbo","Fusion"],"picked":"SKIP","floor":1},{"not_picked":["Streamline","Heatsinks","Meteor Strike"],"picked":"SKIP","floor":2},{"not_picked":["Ball Lightning","Reinforced Body"],"picked":"Gash","floor":4},{"not_picked":["Go for the Eyes","Steam"],"picked":"Rebound","floor":7},{"not_picked":["Lockon","Compile Driver","Redo"],"picked":"SKIP","floor":8},{"not_picked":["Auto Shields","Steam","Coolheaded"],"picked":"SKIP","floor":11},{"not_picked":["Amplify","Rainbow"],"picked":"All For One","floor":16},{"not_picked":["Steam","Conserve Battery"],"picked":"Beam Cell","floor":17},{"not_picked":["Barrage","Rebound"],"picked":"Go for the Eyes","floor":17},{"not_picked":["Static Discharge","Ball Lightning"],"picked":"Stack","floor":17},{"not_picked":["Leap","Aggregate"],"picked":"Gash","floor":17},{"not_picked":["Compile Driver","Barrage"],"picked":"Turbo","floor":17},{"not_picked":["Biased Cognition","Conserve Battery","Barrage"],"picked":"SKIP","floor":18},{"not_picked":["Leap","Conserve Battery+1","Rebound"],"picked":"SKIP","floor":21},{"not_picked":["Recycle","Sunder"],"picked":"Beam Cell","floor":22},{"not_picked":["Redo","Barrage+1","Genetic Algorithm"],"picked":"SKIP","floor":24},{"not_picked":["Ball Lightning","Stack","Leap+1"],"picked":"SKIP","floor":28},{"not_picked":["Undo","Barrage"],"picked":"Go for the Eyes","floor":29},{"not_picked":["Hello World","Conserve Battery","Ball Lightning"],"picked":"SKIP","floor":30},{"not_picked":["Leap+1","Buffer","Coolheaded+1"],"picked":"SKIP","floor":31},{"not_picked":["Consume+1","Beam Cell+1"],"picked":"Redo+1","floor":35},{"not_picked":["Reprogram","Blizzard+1"],"picked":"Consume+1","floor":37},{"not_picked":["Turbo+1","Streamline+1","Double Energy"],"picked":"SKIP","floor":38}],"player_experience":975342,"relics_obtained":[{"floor":9,"key":"Bird Faced Urn"},{"floor":19,"key":"Nilry\u0027s Codex"},{"floor":26,"key":"Orichalcum"},{"floor":41,"key":"Art of War"},{"floor":43,"key":"Ginger"}],"event_choices":[{"damage_healed":0,"gold_gain":0,"player_choice":"Bought 0 Potions","damage_taken":0,"max_hp_gain":0,"max_hp_loss":0,"event_name":"The Woman in Blue","floor":3,"gold_loss":0},{"damage_healed":0,"gold_gain":0,"player_choice":"Entered Light","damage_taken":15,"max_hp_gain":0,"max_hp_loss":0,"event_name":"Shining Light","floor":5,"gold_loss":0,"cards_upgraded":["Defend_B","Dualcast"]},{"damage_healed":0,"gold_gain":0,"player_choice":"Ignored","damage_taken":0,"max_hp_gain":0,"max_hp_loss":0,"event_name":"Golden Idol","floor":12,"gold_loss":0},{"damage_healed":0,"gold_gain":0,"player_choice":"Obtained Book","damage_taken":16,"max_hp_gain":0,"max_hp_loss":0,"event_name":"Cursed Tome","floor":19,"gold_loss":0},{"damage_healed":0,"gold_gain":99,"player_choice":"Stole From Cult","damage_taken":0,"max_hp_gain":0,"max_hp_loss":0,"event_name":"Nest","floor":20,"gold_loss":0},{"damage_healed":0,"gold_gain":0,"player_choice":"Upgraded","damage_taken":0,"max_hp_gain":0,"max_hp_loss":0,"event_name":"Upgrade Shrine","floor":36,"gold_loss":0,"cards_upgraded":["Scrape"]},{"cards_removed":["Turbo"],"damage_healed":0,"gold_gain":0,"player_choice":"Removed Skill","damage_taken":0,"max_hp_gain":0,"max_hp_loss":0,"event_name":"Falling","floor":39,"gold_loss":0}],"is_beta":true,"boss_relics":[{"not_picked":["White Beast Statue","Fusion Hammer"],"picked":"Orrery"},{"not_picked":["Busted Crown","Sozu"],"picked":"Empty Cage"}],"items_purged_floors":[14],"is_endless":false,"potions_floor_spawned":[2,4,11,21,30,37],"killed_by":"Writhing Mass","ascension_level":0}