{"gold_per_floor":[118,47,47,63,63,63,394,394,418,435,462,387,462,488,488,592,592,602,239,239,338,338,338,348,348,348,348,368,368],"floor_reached":29,"playtime":528,"items_purged":["Strike_B"],"score":260,"play_id":"7ff70966-6157-451c-a326-85ed29175a76","local_time":"20181018232001","is_ascension_mode":true,"campfire_choices":[{"data":"Zap","floor":6,"key":"SMITH"},{"floor":8,"key":"REST"},{"floor":15,"key":"REST"},{"data":"Static Discharge","floor":23,"key":"SMITH"},{"data":"Melter","floor":25,"key":"SMITH"}],"neow_cost":"NONE","seed_source_timestamp":979257640272155,"circlet_count":0,"master_deck":["Strike_B","Strike_B","Strike_B","Defend_B","Defend_B","Defend_B","Defend_B","Zap+1","Dualcast","Thunder Strike+1","Melter+1","Static Discharge+1","Ball Lightning","Echo Form","Static Discharge+1","Genetic Algorithm+1","Steam+1"],"relics":["Cracked Core","Art of War","Old Coin","Oddly Smooth Stone","Odd Mushroom","DataDisk","Cursed Key","ClockworkSouvenir","Blood Vial","MutagenicStrength"],"potions_floor_usage":[29],"damage_taken":[{"damage":0,"enemies":"2 Louse","floor":1,"turns":2},{"damage":2,"enemies":"Jaw Worm","floor":4,"turns":3},{"damage":24,"enemies":"Gremlin Nob","floor":7,"turns":4},{"damage":0,"enemies":"Small Slimes","floor":10,"turns":2},{"damage":6,"enemies":"The Mushroom Lair","floor":11,"turns":3},{"damage":19,"enemies":"The Guardian","floor":16,"turns":7},{"damage":30,"enemies":"2 Thieves","floor":18,"turns":3},{"damage":9,"enemies":"3 Byrds","floor":24,"turns":2},{"damage":16,"enemies":"Snecko","floor":28,"turns":4},{"damage":28,"enemies":"Slavers","floor":29,"turns":3}],"seed_played":"2549263882291302321","potions_obtained":[{"floor":4,"key":"EssenceOfSteel"},{"floor":24,"key":"Poison Potion"}],"is_trial":false,"path_per_floor":["M","$","?","M","?","R","E","R","T","M","?","$","?","T","R","B",null,"M","$","?","?","?","R","M","R","T","?","M"],"character_chosen":"DEFECT","items_purchased":["Static Discharge","ClockworkSouvenir","Blood Vial"],"campfire_rested":2,"item_purchase_floors":[2,19,19],"current_hp_per_floor":[75,75,57,55,40,40,16,38,38,38,32,32,21,21,43,24,75,45,45,45,45,45,45,38,38,38,38,24,0],"gold":368,"neow_bonus":"ONE_RANDOM_RARE_CARD","is_prod":false,"is_daily":false,"chose_seed":false,"campfire_upgraded":3,"win_rate":0,"timestamp":1539919201,"path_taken":["M","$","?","M","?","R","E","R","T","M","?","?","?","?","R","BOSS","M","$","?","?","?","R","M","R","T","?","M","E"],"build_version":"2018-10-18","purchased_purges":1,"victory":false,"max_hp_per_floor":[75,75,75,75,75,75,75,75,75,75,75,75,75,75,75,75,75,75,75,75,75,75,75,75,75,75,75,75,75],"card_choices":[{"not_picked":["Barrage","Rebound"],"picked":"Melter","floor":1},{"not_picked":["Leap","Streamline"],"picked":"Ball Lightning","floor":4},{"not_picked":["Compile Driver","Melter","Thunder Strike"],"picked":"SKIP","floor":7},{"not_picked":["Chill","Capacitor","Force Field"],"picked":"SKIP","floor":10},{"not_picked":["Thunder Strike","Hyperbeam"],"picked":"Echo Form","floor":16},{"not_picked":["Streamline+1","Storm","Compile Driver"],"picked":"SKIP","floor":18},{"not_picked":["Streamline","Turbo"],"picked":"Genetic Algorithm+1","floor":24},{"not_picked":["Beam Cell","Redo"],"picked":"Steam+1","floor":28}],"player_experience":937626,"relics_obtained":[{"floor":7,"key":"Old Coin"},{"floor":9,"key":"Oddly Smooth Stone"},{"floor":11,"key":"Odd Mushroom"},{"floor":14,"key":"DataDisk"}],"event_choices":[{"damage_healed":0,"gold_gain":0,"player_choice":"Success","damage_taken":18,"relics_obtained":["Art of War"],"max_hp_gain":0,"max_hp_loss":0,"event_name":"Scrap Ooze","floor":3,"gold_loss":0},{"damage_healed":0,"gold_gain":0,"player_choice":"Entered Light","damage_taken":15,"max_hp_gain":0,"max_hp_loss":0,"event_name":"Shining Light","floor":5,"gold_loss":0,"cards_upgraded":["Static Discharge","Thunder Strike"]},{"damage_healed":0,"gold_gain":0,"player_choice":"Fought Mushrooms","damage_taken":0,"max_hp_gain":0,"max_hp_loss":0,"event_name":"Mushrooms","floor":11,"gold_loss":0},{"damage_healed":0,"gold_gain":75,"player_choice":"Gather Gold","damage_taken":11,"max_hp_gain":0,"max_hp_loss":0,"event_name":"World of Goop","floor":13,"gold_loss":0},{"damage_healed":0,"gold_gain":0,"player_choice":"Read","damage_taken":0,"max_hp_gain":0,"max_hp_loss":0,"event_name":"The Library","floor":20,"gold_loss":0,"cards_obtained":["Static Discharge"]},{"damage_healed":0,"gold_gain":99,"player_choice":"Stole From Cult","damage_taken":0,"max_hp_gain":0,"max_hp_loss":0,"event_name":"Nest","floor":21,"gold_loss":0},{"damage_healed":0,"gold_gain":0,"player_choice":"Inject Mutagens","damage_taken":0,"relics_obtained":["MutagenicStrength"],"max_hp_gain":0,"max_hp_loss":0,"event_name":"Drug Dealer","floor":22,"gold_loss":0},{"damage_healed":0,"gold_gain":0,"player_choice":"Ignored","damage_taken":0,"max_hp_gain":0,"max_hp_loss":0,"event_name":"The Mausoleum","floor":27,"gold_loss":0}],"is_beta":true,"boss_relics":[{"not_picked":["Velvet Choker","Inserter"],"picked":"Cursed Key"}],"items_purged_floors":[12],"is_endless":false,"potions_floor_spawned":[4,24],"killed_by":"Slavers","ascension_level":4}