{"gold_per_floor":[117,127,140,140,140,140,165,178,178,178,207,226,226,226,226,321,321,339,339,264,204,204,204],"floor_reached":23,"playtime":711,"items_purged":["Pain"],"score":197,"play_id":"57f21999-d3c2-455f-bc10-b3c0a50e72c3","local_time":"20190210225812","is_ascension_mode":false,"campfire_choices":[{"data":"Rampage","floor":6,"key":"SMITH"},{"floor":10,"key":"REST"},{"data":"1","floor":13,"key":"LIFT"},{"data":"2","floor":15,"key":"LIFT"}],"neow_cost":"PERCENT_DAMAGE","seed_source_timestamp":356953776627817,"circlet_count":0,"master_deck":["Strike_R","Strike_R","Bash","Rampage+1","Warcry","Dark Embrace","True Grit","ReplayTheSpireMod:Stacked","Headbutt","Immolate","Fiend Fire","Shrug It Off"],"relics":["Burning Blood","ReplayTheSpireMod:PocketPolymizer","Regal Pillow","Mirror","The Courier","Blue Candle","Girya","Kintsugi","MutagenicStrength"],"potions_floor_usage":[],"damage_taken":[{"damage":17,"enemies":"Jaw Worm","floor":1,"turns":6},{"damage":0,"enemies":"Small Slimes","floor":2,"turns":3},{"damage":1,"enemies":"2 Louse","floor":3,"turns":2},{"damage":36,"enemies":"Gremlin Nob","floor":7,"turns":5},{"damage":7,"enemies":"Blue Slaver","floor":8,"turns":6},{"damage":31,"enemies":"3 Sentries","floor":11,"turns":13},{"damage":10,"enemies":"3 Louse","floor":12,"turns":4},{"damage":22,"enemies":"Fading Forest","floor":16,"turns":11},{"damage":30,"enemies":"Shell Parasite","floor":18,"turns":4},{"damage":59,"enemies":"Gremlin Leader","floor":23,"turns":4}],"seed_played":"-3630045509308864415","potions_obtained":[{"floor":1,"key":"LiquidBronze"},{"floor":3,"key":"SkillPotion"},{"floor":7,"key":"Languid Potion"}],"is_trial":false,"path_per_floor":["M","M","M","?","?","R","E","M","T","R","E","M","R","?","R","B",null,"M","?","?","$","?","E"],"character_chosen":"IRONCLAD","items_purchased":[],"campfire_rested":1,"item_purchase_floors":[],"current_hp_per_floor":[45,51,56,56,53,53,23,22,22,61,36,32,32,32,32,38,80,56,56,56,56,56,0],"gold":204,"neow_bonus":"ONE_RARE_RELIC","is_prod":false,"is_daily":false,"chose_seed":false,"campfire_upgraded":1,"win_rate":0,"timestamp":1549857492,"path_taken":["M","M","M","?","?","R","E","M","T","R","E","M","R","?","R","BOSS","M","?","?","$","?","E"],"build_version":"2019-01-23","purchased_purges":1,"victory":false,"max_hp_per_floor":[80,80,80,80,80,80,80,80,80,80,80,80,80,80,80,80,80,80,80,80,80,80,80],"card_choices":[{"not_picked":["True Grit","Havoc"],"picked":"Rampage","floor":1},{"not_picked":["Twin Strike","ReplayTheSpireMod:Strike From Hell"],"picked":"Warcry","floor":2},{"not_picked":["Dropkick","Pummel","Wild Strike"],"picked":"SKIP","floor":3},{"not_picked":["Clash","ReplayTheSpireMod:Muscle Training"],"picked":"True Grit","floor":7},{"not_picked":["Run Through","Clothesline","Cleave"],"picked":"SKIP","floor":8},{"not_picked":["Demon Form","Shockwave"],"picked":"ReplayTheSpireMod:Stacked","floor":11},{"not_picked":["Power Through","Thunderclap"],"picked":"Headbutt","floor":12},{"not_picked":["Exhume","Eclipse"],"picked":"Fiend Fire","floor":16},{"not_picked":["Ghostly Armor","Armaments"],"picked":"Shrug It Off","floor":18}],"player_experience":687297,"relics_obtained":[{"floor":7,"key":"Mirror"},{"floor":9,"key":"The Courier"},{"floor":11,"key":"Girya"}],"event_choices":[{"damage_healed":0,"gold_gain":0,"player_choice":"Ignored","damage_taken":0,"max_hp_gain":0,"max_hp_loss":0,"event_name":"Liars Game","floor":4,"gold_loss":0},{"damage_healed":0,"gold_gain":0,"player_choice":"Success","damage_taken":3,"relics_obtained":["Regal Pillow"],"max_hp_gain":0,"max_hp_loss":0,"event_name":"Scrap Ooze","floor":5,"gold_loss":0},{"damage_healed":0,"gold_gain":0,"player_choice":"Ignored","damage_taken":0,"max_hp_gain":0,"max_hp_loss":0,"event_name":"Golden Idol","floor":14,"gold_loss":0},{"damage_healed":0,"gold_gain":0,"player_choice":"Inject Mutagens","damage_taken":0,"relics_obtained":["MutagenicStrength"],"max_hp_gain":0,"max_hp_loss":0,"event_name":"Drug Dealer","floor":19,"gold_loss":0},{"cards_removed":["Pain"],"damage_healed":0,"gold_gain":0,"player_choice":"Gave Gold","damage_taken":0,"max_hp_gain":0,"max_hp_loss":0,"event_name":"Beggar","floor":20,"gold_loss":75}],"is_beta":false,"boss_relics":[{"not_picked":["Coffee Dripper","Runic Dome"],"picked":"Kintsugi"}],"items_purged_floors":[21],"is_endless":false,"potions_floor_spawned":[1,3,7,12],"killed_by":"Gremlin Leader","ascension_level":0}