{"path_per_floor":["M","M","?","M","?","E","M","E","T","$","R","M","R","M","R","B",null,"M","M","M","?","T","R"],"character_chosen":"IRONCLAD","items_purchased":["Vajra"],"gold_per_floor":[17,32,32,51,51,85,104,138,165,13,13,33,33,44,44,140,140,160,174,190,190,190,190],"floor_reached":24,"campfire_rested":4,"playtime":1429,"current_hp_per_floor":[80,71,71,74,74,51,48,7,7,7,31,24,48,37,61,22,80,48,41,9,35,35,59],"items_purged":[],"gold":190,"score":208,"play_id":"242d716e-75c2-4b6c-a8d6-01afbd998b89","is_prod":false,"is_daily":false,"is_ascension_mode":false,"campfire_upgraded":0,"path_taken":["M","M","?","M","?","E","M","E","T","$","R","M","R","M","R","BOSS","M","M","M","?","?","R","E"],"build_version":"2018-02-12-PROD1","purchased_purges":0,"victory":false,"master_deck":["Defend_R","Defend_R","Defend_R","Bash","Flame Barrier","Hemokinesis","Whirlwind","Sever Soul","Cleave","Sever Soul","Pummel","Hemokinesis","Headbutt","Twin Strike","Battle Trance","Uppercut","Armaments","Spot Weakness","Limit Break","Battle Trance+1","Metallicize+1","Limit Break+1","Rupture","Thunderclap"],"max_hp_per_floor":[80,80,80,80,80,80,80,80,80,80,80,80,80,80,80,80,80,80,80,80,80,80,80],"relics":["Burning Blood","Gremlin Horn","Bronze Scales","Dream Catcher","Vajra","Astrolabe","Ice Cream"],"card_choices":[{"not_picked":["Shockwave","Heavy Blade"],"picked":"Whirlwind"},{"not_picked":["Shockwave","Shrug It Off"],"picked":"Sever Soul"},{"not_picked":["Armaments","Perfected Strike"],"picked":"Cleave"},{"not_picked":["Sever Soul","Pommel Strike"],"picked":"Pummel"},{"not_picked":["Iron Wave","Perfected Strike"],"picked":"Hemokinesis"},{"not_picked":["Fire Breathing","Sword Boomerang"],"picked":"Headbutt"},{"not_picked":["Fire Breathing","Headbutt"],"picked":"Twin Strike"},{"not_picked":["Fire Breathing","Shrug It Off"],"picked":"Battle Trance"},{"not_picked":["Whirlwind","Thunderclap"],"picked":"Uppercut"},{"not_picked":["Twin Strike","Double Tap"],"picked":"Armaments"},{"not_picked":["Seeing Red","Hemokinesis"],"picked":"Spot Weakness"},{"not_picked":["Dark Embrace","Feed"],"picked":"Limit Break"},{"not_picked":["Armaments","Power Through"],"picked":"Rupture"},{"not_picked":["Anger","Shrug It Off"],"picked":"Thunderclap"}],"player_experience":11327,"potions_floor_usage":[16],"damage_taken":[{"damage":6,"enemies":"2 Louse","floor":1,"turns":3},{"damage":15,"enemies":"Blue Slaver","floor":2,"turns":3},{"damage":3,"enemies":"Jaw Worm","floor":4,"turns":3},{"damage":29,"enemies":"3 Sentries","floor":6,"turns":5},{"damage":9,"enemies":"Gremlin Gang","floor":7,"turns":2},{"damage":47,"enemies":"Lagavulin","floor":8,"turns":6},{"damage":13,"enemies":"Looter","floor":12,"turns":2},{"damage":17,"enemies":"Exordium Wildlife","floor":14,"turns":2},{"damage":45,"enemies":"Hexaghost","floor":16,"turns":8},{"damage":38,"enemies":"Shell Parasite","floor":18,"turns":3},{"damage":13,"enemies":"3 Byrds","floor":19,"turns":3},{"damage":38,"enemies":"Centurion and Healer","floor":20,"turns":7},{"damage":60,"enemies":"Book of Stabbing","floor":24,"turns":5}],"event_choices":[{"event_name":"The Cleric","player_choice":"Leave","floor":3,"damage_taken":0},{"event_name":"Transmorgrifier","player_choice":"Transform","floor":5,"damage_taken":0},{"event_name":"The Library","player_choice":"Heal","floor":21,"damage_taken":0}],"boss_relics":[{"not_picked":["Runic Dome","Philosopher\u0027s Stone"],"picked":"Astrolabe"}],"potions_floor_spawned":[1,6,7,14,19,20],"seed_played":"-7011789498936305344","killed_by":"Book of Stabbing","ascension_level":0,"is_trial":false}