{"gold_per_floor":[117,42,42,56,76,110,122,149,149,149,149,20,51,51,51,129,129,149,99,69,69,86,86],"floor_reached":23,"playtime":2298,"items_purged":["Defend_B"],"score":468,"play_id":"e9f7ff93-9db1-4c47-8303-361a7dc2ef2c","local_time":"20190820110906","is_ascension_mode":true,"campfire_choices":[{"floor":10,"key":"REST"},{"floor":15,"key":"REST"}],"neow_cost":"NONE","seed_source_timestamp":518705845788373,"circlet_count":0,"master_deck":["AscendersBane","Strike_B","Strike_B","Strike_B","Strike_B","Beam Cell","Glacier","Compile Driver","Conserve Battery","Leap","Glacier","Turbo","Beam Cell+1","Seek","All For One+1","Steam+1","Capacitor","Shame","Loop+1"],"special_seed":0,"relics":["Fusion Hammer","Incense Burner","Question Card","Molten Egg 2","Cables","Empty Cage","Frozen Egg 2"],"potions_floor_usage":[7,8,8,23,23],"damage_taken":[{"damage":2,"enemies":"Jaw Worm","floor":1,"turns":4},{"damage":1,"enemies":"Cultist","floor":4,"turns":3},{"damage":10,"enemies":"2 Louse","floor":5,"turns":3},{"damage":11,"enemies":"Lagavulin","floor":6,"turns":7},{"damage":8,"enemies":"Exordium Thugs","floor":7,"turns":5},{"damage":6,"enemies":"3 Sentries","floor":8,"turns":9},{"damage":0,"enemies":"Lagavulin","floor":13,"turns":6},{"damage":22,"enemies":"The Guardian","floor":16,"turns":11},{"damage":1,"enemies":"Shell Parasite","floor":18,"turns":5},{"damage":0,"enemies":"2 Thieves","floor":20,"turns":4},{"damage":0,"enemies":"Centurion and Healer","floor":22,"turns":7},{"damage":64,"enemies":"Slavers","floor":23,"turns":5}],"seed_played":"-428019305827455431","potions_obtained":[{"floor":1,"key":"SkillPotion"},{"floor":3,"key":"Fire Potion"},{"floor":3,"key":"Poison Potion"},{"floor":7,"key":"FearPotion"},{"floor":8,"key":"Swift Potion"},{"floor":13,"key":"Block Potion"},{"floor":20,"key":"Block Potion"}],"is_trial":false,"path_per_floor":["M","?","?","M","M","E","M","E","T","R","?","$","E","?","R","B",null,"M","?","M","?","M","E"],"character_chosen":"DEFECT","items_purchased":["Beam Cell+1"],"campfire_rested":2,"item_purchase_floors":[12],"current_hp_per_floor":[62,62,62,61,51,40,32,26,26,47,47,47,47,40,61,39,63,62,62,62,62,62,0],"gold":86,"neow_bonus":"BOSS_RELIC","is_prod":false,"is_daily":false,"chose_seed":false,"campfire_upgraded":0,"win_rate":0,"timestamp":1566324546,"path_taken":["M","?","?","?","M","E","M","E","T","R","?","?","E","?","R","BOSS","M","?","?","?","M","E"],"build_version":"2019-07-17","purchased_purges":1,"victory":false,"max_hp_per_floor":[71,71,71,71,71,71,71,71,71,71,71,71,71,71,71,71,71,71,71,71,71,71,71],"card_choices":[{"not_picked":["Steam Power","Fusion"],"picked":"Beam Cell","floor":1},{"not_picked":["Sweeping Beam","Heatsinks"],"picked":"Glacier","floor":4},{"not_picked":["Consume","Beam Cell"],"picked":"Compile Driver","floor":5},{"not_picked":["Barrage","Hello World"],"picked":"Conserve Battery","floor":6},{"not_picked":["Rebound","Multi-Cast"],"picked":"Leap","floor":7},{"not_picked":["Stack","Gash"],"picked":"Glacier","floor":8},{"not_picked":["Compile Driver+1","Gash+1","White Noise"],"picked":"Seek","floor":13},{"not_picked":["Electrodynamics","Core Surge+1","Machine Learning"],"picked":"All For One+1","floor":16},{"not_picked":["Lockon+1","Scrape+1","Cold Snap+1"],"picked":"Steam+1","floor":18},{"not_picked":["Fusion","Barrage+1","Beam Cell+1"],"picked":"Capacitor","floor":20},{"not_picked":["Steam","BootSequence","Coolheaded+1"],"picked":"Loop+1","floor":22}],"player_experience":702435,"relics_obtained":[{"floor":6,"key":"Incense Burner"},{"floor":8,"key":"Question Card"},{"floor":9,"key":"Molten Egg 2"},{"floor":13,"key":"Cables"}],"event_choices":[{"cards_removed":["Defend_B"],"damage_healed":0,"gold_gain":0,"player_choice":"Card Removal","damage_taken":0,"max_hp_gain":0,"max_hp_loss":0,"event_name":"The Cleric","floor":2,"gold_loss":75},{"damage_healed":0,"gold_gain":0,"player_choice":"Got Potions","damage_taken":0,"max_hp_gain":0,"max_hp_loss":0,"event_name":"Lab","floor":3,"gold_loss":0},{"damage_healed":0,"gold_gain":0,"cards_transformed":["Defend_B"],"player_choice":"Transformed","damage_taken":0,"max_hp_gain":0,"max_hp_loss":0,"event_name":"Transmorgrifier","floor":11,"gold_loss":0,"cards_obtained":["Turbo"]},{"cards_removed":["Defend_B"],"damage_healed":0,"gold_gain":0,"player_choice":"Card Removal","damage_taken":7,"max_hp_gain":0,"max_hp_loss":0,"event_name":"Golden Wing","floor":14,"gold_loss":0},{"damage_healed":0,"gold_gain":0,"player_choice":"Bet on Owner","damage_taken":0,"max_hp_gain":0,"max_hp_loss":0,"event_name":"The Joust","floor":19,"gold_loss":50},{"damage_healed":0,"gold_gain":0,"player_choice":"Stole Relic","damage_taken":0,"relics_obtained":["Frozen Egg 2"],"max_hp_gain":0,"max_hp_loss":0,"event_name":"Addict","floor":21,"gold_loss":0,"cards_obtained":["Shame"]}],"is_beta":false,"boss_relics":[{"not_picked":["Eternal Feather","Coffee Dripper"],"picked":"Empty Cage"}],"items_purged_floors":[12],"is_endless":false,"potions_floor_spawned":[1,7,8,13,20,22],"killed_by":"Slavers","ascension_level":20}