{"gold_per_floor":[112,112,1,13,13,48,48,48,48,82,82,34,69,69,69,200,200,218,232,252,252,276,320,320,353,353,397,422,422,445,116,116,235,235,251,126,151,176,176,219,219,259,259,272,182,182,195,230,230,230,230,230,4,42,42],"floor_reached":55,"playtime":8279,"items_purged":["Defend_B","Defend_B","Defend_B"],"score":1330,"play_id":"e1d73b0d-a3a8-4b3e-b876-0bc0ef5753b3","local_time":"20190805212122","is_ascension_mode":true,"campfire_choices":[{"data":"Dualcast","floor":8.0,"key":"SMITH"},{"data":"Hologram","floor":11.0,"key":"SMITH"},{"data":"Coolheaded","floor":15.0,"key":"SMITH"},{"data":"Sunder","floor":24.0,"key":"SMITH"},{"data":"Deep Breath","floor":29.0,"key":"SMITH"},{"data":"Static Discharge","floor":32.0,"key":"SMITH"},{"data":"Capacitor","floor":41.0,"key":"SMITH"},{"data":"Loop","floor":46.0,"key":"SMITH"},{"floor":49.0,"key":"RECALL"},{"data":"Amplify","floor":52.0,"key":"SMITH"}],"neow_cost":"NONE","seed_source_timestamp":0,"circlet_count":0,"master_deck":["AscendersBane","Zap+1","Dualcast+1","Defragment+1","Self Repair","Capacitor+1","Coolheaded+1","Hologram+1","Cold Snap","Creative AI","Sunder+1","Storm","Conserve Battery+1","Deep Breath+1","Chill","Turbo+1","Barrage+1","Hologram+1","Beam Cell","Blizzard+1","Static Discharge+1","Amplify+1","Chaos+1","Loop+1","Reinforced Body","Beam Cell+1","Lockon","Compile Driver","Compile Driver","Compile Driver+1"],"special_seed":0,"relics":["Cracked Core","NeowsBlessing","Golden Idol","Mummified Hand","Orichalcum","Ornamental Fan","Anchor","Oddly Smooth Stone","Empty Cage","Matryoshka","Gambling Chip","Vajra","DataDisk","Peace Pipe","Bag of Preparation","Runic Pyramid","Boot","Ginger","Potion Belt","Art of War","Bronze Scales","Gremlin Horn"],"potions_floor_usage":[55,55,55],"damage_taken":[{"damage":0.0,"enemies":"2 Louse","floor":1.0,"turns":1.0},{"damage":0.0,"enemies":"Cultist","floor":4.0,"turns":1.0},{"damage":0.0,"enemies":"Lagavulin","floor":6.0,"turns":3.0},{"damage":26.0,"enemies":"Gremlin Nob","floor":10.0,"turns":5.0},{"damage":4.0,"enemies":"Lagavulin","floor":13.0,"turns":6.0},{"damage":7.0,"enemies":"Hexaghost","floor":16.0,"turns":10.0},{"damage":11.0,"enemies":"Shell Parasite","floor":18.0,"turns":6.0},{"damage":1.0,"enemies":"Spheric Guardian","floor":19.0,"turns":5.0},{"damage":12.0,"enemies":"Centurion and Healer","floor":20.0,"turns":5.0},{"damage":0.0,"enemies":"Snake Plant","floor":22.0,"turns":4.0},{"damage":31.0,"enemies":"Book of Stabbing","floor":23.0,"turns":5.0},{"damage":1.0,"enemies":"Gremlin Leader","floor":25.0,"turns":7.0},{"damage":0.0,"enemies":"Slavers","floor":27.0,"turns":5.0},{"damage":0.0,"enemies":"3 Cultists","floor":28.0,"turns":4.0},{"damage":8.0,"enemies":"Sentry and Sphere","floor":30.0,"turns":4.0},{"damage":7.0,"enemies":"Collector","floor":33.0,"turns":5.0},{"damage":0.0,"enemies":"Orb Walker","floor":35.0,"turns":2.0},{"damage":0.0,"enemies":"3 Shapes","floor":37.0,"turns":5.0},{"damage":2.0,"enemies":"Sphere and 2 Shapes","floor":38.0,"turns":4.0},{"damage":6.0,"enemies":"Nemesis","floor":40.0,"turns":3.0},{"damage":16.0,"enemies":"Reptomancer","floor":42.0,"turns":4.0},{"damage":0.0,"enemies":"Transient","floor":44.0,"turns":5.0},{"damage":6.0,"enemies":"Writhing Mass","floor":47.0,"turns":4.0},{"damage":1.0,"enemies":"Giant Head","floor":48.0,"turns":5.0},{"damage":15.0,"enemies":"Awakened One","floor":50.0,"turns":6.0},{"damage":26.0,"enemies":"Shield and Spear","floor":54.0,"turns":3.0},{"damage":90,"enemies":"The Heart","floor":55,"turns":3}],"seed_played":"-2848730073683704191","potions_obtained":[{"floor":10.0,"key":"EssenceOfSteel"},{"floor":13.0,"key":"AttackPotion"},{"floor":20.0,"key":"Dexterity Potion"},{"floor":27.0,"key":"Energy Potion"},{"floor":28.0,"key":"PowerPotion"},{"floor":37.0,"key":"AttackPotion"}],"is_trial":false,"path_per_floor":["M","?","$","M","?","E","?","R","T","E","R","$","E","T","R","B",null,"M","M","M","?","M","E","R","E","T","E","M","R","M","$","R","B",null,"M","$","M","M","?","E","R","E","T","M","?","R","M","E","R","B",null,"R","$","E","B"],"character_chosen":"DEFECT","items_purchased":["Self Repair","Poison Potion","Bag of Preparation","Static Discharge","Bronze Scales","Strength Potion","Compile Driver"],"campfire_rested":0,"item_purchase_floors":[3,12,31,31,53,53,53],"current_hp_per_floor":[68,68,68,75,57,64,49,49,49,30,30,30,33,33,33,33,65,61,67,62,48,55,31,31,37,37,44,51,51,50,50,50,50,69,69,69,75,75,75,75,75,66,66,73,73,73,74,75,75,67,73,73,73,54,0],"gold":42,"neow_bonus":"THREE_ENEMY_KILL","is_prod":false,"is_daily":false,"chose_seed":false,"campfire_upgraded":9,"win_rate":0,"timestamp":1565065282,"path_taken":["M","?","$","?","?","E","?","R","T","E","R","?","E","?","R","BOSS","M","M","M","?","M","E","R","E","T","E","?","R","M","$","R","BOSS","M","$","M","M","?","E","R","E","T","?","?","R","M","E","R","BOSS","R","$","E","BOSS"],"build_version":"2019-07-17","purchased_purges":3,"victory":false,"max_hp_per_floor":[75,75,75,75,75,75,75,75,75,75,75,75,75,75,75,75,75,75,75,75,75,75,75,75,75,75,75,75,75,75,75,75,75,75,75,75,75,75,75,75,75,75,75,75,75,75,75,75,75,75,75,75,75,75,75],"card_choices":[{"not_picked":["Turbo","Barrage"],"picked":"Defragment","floor":1.0},{"not_picked":["Barrage","Rebound"],"picked":"Capacitor","floor":4.0},{"not_picked":["Go for the Eyes","Scrape"],"picked":"Coolheaded","floor":6.0},{"not_picked":["Leap","Rip and Tear"],"picked":"Hologram","floor":10.0},{"not_picked":["Consume","Leap"],"picked":"Cold Snap","floor":13.0},{"not_picked":["Seek","Core Surge"],"picked":"Creative AI","floor":16.0},{"not_picked":["Glacier","Beam Cell"],"picked":"Sunder","floor":18.0},{"not_picked":["Reprogram","Stack"],"picked":"Storm","floor":19.0},{"not_picked":["Leap","Reprogram"],"picked":"Conserve Battery+1","floor":20.0},{"not_picked":["Rip and Tear","Barrage"],"picked":"Chill","floor":22.0},{"not_picked":["Ball Lightning","Recycle"],"picked":"Turbo+1","floor":23.0},{"not_picked":["Machine Learning","Go for the Eyes"],"picked":"Barrage+1","floor":25.0},{"not_picked":["Reprogram+1","Streamline+1"],"picked":"Hologram+1","floor":27.0},{"not_picked":["Coolheaded","Steam"],"picked":"Beam Cell","floor":28.0},{"not_picked":["Barrage","Stack"],"picked":"Blizzard","floor":30.0},{"not_picked":["Reboot","Electrodynamics"],"picked":"Amplify","floor":33.0},{"not_picked":["Scrape","Go for the Eyes"],"picked":"Chaos+1","floor":35.0},{"not_picked":["Genetic Algorithm","Turbo","Steam+1"],"picked":"SKIP","floor":37.0},{"not_picked":["Doom and Gloom","Hologram"],"picked":"Loop","floor":38.0},{"not_picked":["Chaos+1","Stack","Rebound"],"picked":"SKIP","floor":40.0},{"not_picked":["Scrape","Double Energy"],"picked":"Reinforced Body","floor":42.0},{"not_picked":["Conserve Battery+1","Double Energy+1"],"picked":"Beam Cell+1","floor":44.0},{"not_picked":["Chaos+1","Capacitor"],"picked":"Lockon","floor":47.0},{"not_picked":["Conserve Battery","Doom and Gloom"],"picked":"Compile Driver","floor":48.0},{"not_picked":["Capacitor","Coolheaded"],"picked":"Compile Driver+1","floor":54.0}],"player_experience":587233,"relics_obtained":[{"floor":6.0,"key":"Mummified Hand"},{"floor":9.0,"key":"Orichalcum"},{"floor":10.0,"key":"Ornamental Fan"},{"floor":13.0,"key":"Anchor"},{"floor":14.0,"key":"Oddly Smooth Stone"},{"floor":23.0,"key":"Matryoshka"},{"floor":25.0,"key":"Gambling Chip"},{"floor":26.0,"key":"Vajra"},{"floor":26.0,"key":"DataDisk"},{"floor":27.0,"key":"Peace Pipe"},{"floor":40.0,"key":"Boot"},{"floor":42.0,"key":"Ginger"},{"floor":43.0,"key":"Potion Belt"},{"floor":48.0,"key":"Art of War"},{"floor":54.0,"key":"Gremlin Horn"}],"event_choices":[{"cards_removed":["Strike_B"],"damage_healed":0.0,"max_hp_gain":0.0,"max_hp_loss":0.0,"gold_gain":0.0,"event_name":"Wheel of Change","player_choice":"Card Removal","floor":2.0,"gold_loss":0.0,"damage_taken":0.0},{"damage_healed":0.0,"max_hp_gain":0.0,"max_hp_loss":0.0,"gold_gain":0.0,"event_name":"Golden Idol","player_choice":"Take Damage","floor":5.0,"gold_loss":0.0,"damage_taken":18.0,"relics_obtained":["Golden Idol"]},{"damage_healed":0.0,"max_hp_gain":0.0,"max_hp_loss":0.0,"gold_gain":0.0,"event_name":"Shining Light","player_choice":"Entered Light","floor":7.0,"gold_loss":0.0,"damage_taken":15.0,"cards_upgraded":["Zap","Defragment"]},{"damage_healed":0.0,"max_hp_gain":0.0,"max_hp_loss":0.0,"gold_gain":0.0,"event_name":"Knowing Skull","player_choice":"CARD ","floor":21.0,"potions_obtained":[],"gold_loss":0.0,"damage_taken":14.0,"cards_obtained":["Deep Breath"]},{"cards_removed":["Strike_B"],"damage_healed":0.0,"max_hp_gain":0.0,"max_hp_loss":0.0,"gold_gain":0.0,"event_name":"Purifier","player_choice":"Purged","floor":39.0,"gold_loss":0.0,"damage_taken":0.0},{"cards_removed":["Strike_B"],"damage_healed":0.0,"max_hp_gain":0.0,"max_hp_loss":0.0,"gold_gain":0.0,"event_name":"Designer","player_choice":"Upgrade and Remove","floor":45.0,"gold_loss":90.0,"damage_taken":0.0,"cards_upgraded":["Blizzard"]}],"is_beta":false,"boss_relics":[{"not_picked":["Inserter","White Beast Statue"],"picked":"Empty Cage"},{"not_picked":["Pandora\u0027s Box","Velvet Choker"],"picked":"Runic Pyramid"}],"items_purged_floors":[3,31,36],"is_endless":false,"potions_floor_spawned":[10,13,20,27,28,30,37,38,40],"killed_by":"The Heart","ascension_level":12}