{"gold_per_floor":[116,2,2,2,15,40,40,40,87,118,164,176,204,231,243,355,367,397,424,436,458,133,133,162,172,251,251,283,283,208,225,225,225],"floor_reached":33,"playtime":1287,"items_purged":[],"score":457,"play_id":"ddd82e31-43ba-4efd-9a16-130ee4a49d86","local_time":"20190910124704","is_ascension_mode":true,"campfire_choices":[{"floor":12.0,"key":"REST"},{"floor":15,"key":"REST"},{"floor":23,"key":"REST"},{"floor":27,"key":"REST"},{"floor":29,"key":"REST"},{"floor":32,"key":"REST"}],"neow_cost":"NONE","seed_source_timestamp":640860801262500,"circlet_count":0,"master_deck":["AscendersBane","Strike_B","Strike_B","Strike_B","Strike_B","Defend_B","Defend_B","Defend_B","Defend_B","Zap","Dualcast","Cold Snap","Darkness","Defragment+1","Go for the Eyes","Leap","Tempest","Steam","Static Discharge","All For One","BootSequence","Leap","Glacier","Sweeping Beam","Coolheaded+1","Defragment"],"special_seed":0,"relics":["Cracked Core","InkBottle","MawBank","Blood Vial","Nuclear Battery","Thread and Needle","Bronze Scales","Blue Candle","Happy Flower"],"potions_floor_usage":[13,19,24,28],"damage_taken":[{"damage":0.0,"enemies":"Cultist","floor":1.0,"turns":3.0},{"damage":7.0,"enemies":"Small Slimes","floor":5.0,"turns":4.0},{"damage":32.0,"enemies":"Gremlin Nob","floor":6.0,"turns":6.0},{"damage":0.0,"enemies":"Jaw Worm","floor":10.0,"turns":2.0},{"damage":12.0,"enemies":"3 Sentries","floor":11.0,"turns":8.0},{"damage":0,"enemies":"Lots of Slimes","floor":13,"turns":2},{"damage":16,"enemies":"Exordium Thugs","floor":14,"turns":4},{"damage":33,"enemies":"The Guardian","floor":16,"turns":12},{"damage":7,"enemies":"Chosen","floor":18,"turns":4},{"damage":13,"enemies":"3 Byrds","floor":19,"turns":3},{"damage":10,"enemies":"Cultist and Chosen","floor":21,"turns":6},{"damage":44,"enemies":"Book of Stabbing","floor":24,"turns":5},{"damage":7,"enemies":"Centurion and Healer","floor":25,"turns":21},{"damage":22,"enemies":"Gremlin Leader","floor":28,"turns":6},{"damage":0,"enemies":"Chosen and Byrds","floor":31,"turns":5},{"damage":77,"enemies":"Collector","floor":33,"turns":7}],"seed_played":"156366606621071386","potions_obtained":[{"floor":6.0,"key":"SkillPotion"},{"floor":11.0,"key":"Explosive Potion"},{"floor":13,"key":"AttackPotion"},{"floor":19,"key":"FocusPotion"},{"floor":25,"key":"Swift Potion"}],"is_trial":false,"path_per_floor":["M","$","$","?","M","E","$","?","T","M","E","R","M","M","R","B",null,"M","M","?","M","$","R","E","M","T","R","E","R","$","M","R","B"],"character_chosen":"DEFECT","items_purchased":["Defragment","Go for the Eyes","Thread and Needle","Sweeping Beam","Defragment"],"campfire_rested":6,"item_purchase_floors":[2,2,22,22,30],"current_hp_per_floor":[68,68,68,68,61,29,29,29,29,29,17,39,41,27,49,18,61,56,45,45,37,37,59,17,12,12,34,14,36,36,38,60,0],"gold":225,"neow_bonus":"THREE_CARDS","is_prod":false,"is_daily":false,"chose_seed":false,"campfire_upgraded":0,"win_rate":0,"timestamp":1568137624,"path_taken":["M","?","$","?","?","E","$","?","T","M","E","R","M","M","R","BOSS","M","?","?","M","$","R","E","M","T","R","E","R","$","M","R","BOSS"],"build_version":"2019-09-09","purchased_purges":0,"victory":false,"max_hp_per_floor":[75,75,75,75,75,75,75,75,75,75,75,75,75,75,75,75,75,75,75,75,75,75,75,75,75,75,75,75,75,75,75,75,75],"card_choices":[{"not_picked":["Sunder","Conserve Battery"],"picked":"Cold Snap","floor":0.0},{"not_picked":["Cold Snap","Fusion"],"picked":"Darkness","floor":1.0},{"not_picked":["Steam Power","Aggregate"],"picked":"Leap","floor":5.0},{"not_picked":["Ball Lightning","Force Field"],"picked":"Tempest","floor":6.0},{"not_picked":["Streamline","Rip and Tear"],"picked":"Steam","floor":10.0},{"not_picked":["Gash","Compile Driver"],"picked":"Static Discharge","floor":11.0},{"not_picked":["Steam","Rip and Tear","Self Repair"],"picked":"SKIP","floor":13},{"not_picked":["Coolheaded","Turbo","Hello World"],"picked":"SKIP","floor":14},{"not_picked":["Meteor Strike","Reboot"],"picked":"All For One","floor":16},{"not_picked":["Leap+1","Hello World+1"],"picked":"BootSequence","floor":18},{"not_picked":["Barrage","Hello World"],"picked":"Leap","floor":19},{"not_picked":["BootSequence","Melter","Rebound"],"picked":"SKIP","floor":21},{"not_picked":["Turbo","Fusion"],"picked":"Coolheaded+1","floor":24},{"not_picked":["Rebound","Streamline+1","Consume+1"],"picked":"SKIP","floor":25},{"not_picked":["Consume","Leap","Reprogram"],"picked":"SKIP","floor":28},{"not_picked":["Ball Lightning+1","Conserve Battery","Coolheaded"],"picked":"SKIP","floor":31}],"player_experience":1273149,"relics_obtained":[{"floor":6.0,"key":"InkBottle"},{"floor":9.0,"key":"MawBank"},{"floor":11.0,"key":"Blood Vial"},{"floor":24,"key":"Bronze Scales"},{"floor":26,"key":"Blue Candle"},{"floor":28,"key":"Happy Flower"}],"event_choices":[{"damage_healed":0.0,"max_hp_gain":0.0,"max_hp_loss":0.0,"gold_gain":0.0,"event_name":"Upgrade Shrine","player_choice":"Upgraded","floor":4.0,"gold_loss":0.0,"damage_taken":0.0,"cards_upgraded":["Defragment"]},{"damage_healed":0.0,"max_hp_gain":0.0,"max_hp_loss":0.0,"gold_gain":0.0,"event_name":"FaceTrader","player_choice":"Leave","floor":8.0,"gold_loss":0.0,"damage_taken":0.0},{"damage_healed":0,"gold_gain":0,"player_choice":"Read","damage_taken":0,"max_hp_gain":0,"max_hp_loss":0,"event_name":"The Library","floor":20,"gold_loss":0,"cards_obtained":["Glacier"]}],"is_beta":true,"boss_relics":[{"not_picked":["Calling Bell","Empty Cage"],"picked":"Nuclear Battery"}],"items_purged_floors":[],"is_endless":false,"potions_floor_spawned":[6,11,13,19,21,25],"killed_by":"Collector","ascension_level":11}