{"gold_per_floor":[118,138,138,88,104,104,104,122,173,173,173,196,196,209,209,328,328,346,346,366,390,191,191,205,13,36,60,60,60,78,101,101,101],"floor_reached":33,"playtime":1134,"items_purged":[],"score":291,"play_id":"666a6782-f874-4c50-a470-2f1aaa2f7e45","local_time":"20180707215458","is_ascension_mode":false,"campfire_choices":[{"data":"Inflame","floor":6,"key":"SMITH"},{"data":"Disarm","floor":10,"key":"SMITH"},{"data":"Iron Wave","floor":15,"key":"SMITH"},{"floor":23,"key":"REST"},{"floor":29,"key":"REST"},{"floor":32,"key":"REST"}],"neow_cost":"NONE","seed_source_timestamp":590445884794136,"circlet_count":0,"master_deck":["Strike_R","Defend_R","Defend_R","Defend_R","Defend_R","Bash","Inflame+1","Iron Wave+1","Disarm+1","Bash","Panacea","Thunderclap+1","Sword Boomerang","Barricade","Combust+1","Demon Form+1","Berserk+1","Body Slam","Apotheosis","Power Through","Headbutt+1","Iron Wave"],"relics":["Burning Blood","Golden Idol","Oddly Smooth Stone","Astrolabe","ClockworkSouvenir","Boot"],"potions_floor_usage":[18,21,21,24],"damage_taken":[{"damage":4,"enemies":"Jaw Worm","floor":1,"turns":5},{"damage":0,"enemies":"2 Louse","floor":2,"turns":3},{"damage":0,"enemies":"Small Slimes","floor":5,"turns":3},{"damage":6,"enemies":"2 Fungi Beasts","floor":8,"turns":4},{"damage":2,"enemies":"Looter","floor":12,"turns":4},{"damage":16,"enemies":"Lots of Slimes","floor":14,"turns":4},{"damage":0,"enemies":"The Guardian","floor":16,"turns":14},{"damage":38,"enemies":"Spheric Guardian","floor":18,"turns":5},{"damage":12,"enemies":"Chosen","floor":20,"turns":7},{"damage":53,"enemies":"Slaver and Parasite","floor":21,"turns":6},{"damage":26,"enemies":"Centurion and Healer","floor":24,"turns":6},{"damage":9,"enemies":"Snake Plant","floor":27,"turns":5},{"damage":8,"enemies":"Chosen and Byrds","floor":30,"turns":8},{"damage":34,"enemies":"Centurion and Healer","floor":31,"turns":7},{"damage":37,"enemies":"Collector","floor":33,"turns":6}],"seed_played":"-1875802153546832646","potions_obtained":[{"floor":1,"key":"Swift Potion"},{"floor":8,"key":"EssenceOfSteel"},{"floor":20,"key":"Energy Potion"},{"floor":21,"key":"PowerPotion"}],"is_trial":false,"path_per_floor":["M","M","?","?","M","R","?","M","T","R","?","M","?","M","R","B",null,"M","?","M","M","$","R","M","$","T","M","?","R","M","M","R"],"character_chosen":"IRONCLAD","items_purchased":["Apotheosis","ClockworkSouvenir"],"campfire_rested":3,"item_purchase_floors":[22,25],"current_hp_per_floor":[88,88,66,66,72,72,72,72,72,72,72,76,81,71,71,77,93,61,61,55,8,8,35,15,15,15,12,12,39,37,9,36,0],"gold":101,"neow_bonus":"TEN_PERCENT_HP_BONUS","is_prod":false,"is_daily":false,"chose_seed":false,"campfire_upgraded":3,"win_rate":0,"timestamp":1531014898,"path_taken":["M","M","?","?","M","R","?","?","T","R","?","M","?","M","R","BOSS","M","?","M","?","$","R","M","$","T","M","?","R","M","?","R","BOSS"],"build_version":"2018-07-05","purchased_purges":0,"victory":false,"max_hp_per_floor":[88,88,88,88,88,88,88,88,88,88,88,88,93,93,93,93,93,93,93,93,93,93,93,93,93,93,93,93,93,93,93,93,93],"card_choices":[{"not_picked":["Evolve","Armaments"],"picked":"Inflame","floor":1},{"not_picked":["Rampage","Blood for Blood"],"picked":"Iron Wave","floor":2},{"not_picked":["Heavy Blade","Entrench"],"picked":"Disarm","floor":5},{"not_picked":["Pommel Strike","Armaments"],"picked":"Thunderclap","floor":8},{"not_picked":["Wild Strike","Twin Strike"],"picked":"Sword Boomerang","floor":12},{"not_picked":["Thunderclap","Havoc","Flex"],"picked":"SKIP","floor":14},{"not_picked":["Impervious","Offering"],"picked":"Barricade","floor":16},{"not_picked":["Headbutt+1","Anger+1","True Grit"],"picked":"SKIP","floor":18},{"not_picked":["True Grit","Combust","Wild Strike"],"picked":"SKIP","floor":20},{"not_picked":["Headbutt","Wild Strike"],"picked":"Body Slam","floor":21},{"not_picked":["Perfected Strike+1","Headbutt+1","Rupture"],"picked":"SKIP","floor":24},{"not_picked":["Reaper","Evolve"],"picked":"Power Through","floor":27},{"not_picked":["Sword Boomerang","Pommel Strike"],"picked":"Headbutt+1","floor":30},{"not_picked":["Thunderclap","Seeing Red"],"picked":"Iron Wave","floor":31}],"player_experience":727792,"relics_obtained":[{"floor":9,"key":"Oddly Smooth Stone"},{"floor":26,"key":"Boot"}],"event_choices":[{"event_name":"Golden Idol","player_choice":"Take Damage","floor":3,"damage_taken":0},{"event_name":"The Cleric","player_choice":"Card Removal","floor":4,"damage_taken":0},{"event_name":"Match and Keep!","player_choice":"2 cards matched","floor":7,"damage_taken":0},{"event_name":"Living Wall","player_choice":"Grow","floor":11,"damage_taken":0},{"event_name":"Big Fish","player_choice":"Donut","floor":13,"damage_taken":0},{"event_name":"Ghosts","player_choice":"Ignored","floor":19,"damage_taken":0},{"event_name":"Cursed Tome","player_choice":"Ignored","floor":28,"damage_taken":0}],"boss_relics":[{"not_picked":["Eternal Feather","Tiny House"],"picked":"Astrolabe"}],"items_purged_floors":[],"is_endless":false,"potions_floor_spawned":[1,8,20,21],"killed_by":"Collector","ascension_level":0}