{"gold_per_floor":[113,113,113,113,131,131,131,141,141,151,181,181,196,215,215,319,319,333,258,275,275,291,291,309,327,327,327,347,347,347,347,347,449,449,460,460,476,493,512,512,524,524,548,559,559,569,569,582,582,582],"floor_reached":50,"playtime":1703,"items_purged":["Strike_B"],"score":475,"play_id":"19edcd00-6cce-4c3a-93dd-df1a009123e7","local_time":"20180709192431","is_ascension_mode":false,"campfire_choices":[{"data":"Zap","floor":6,"key":"SMITH"},{"data":"Redo","floor":12,"key":"SMITH"},{"data":"Rainbow","floor":15,"key":"SMITH"},{"data":"Self Repair","floor":23,"key":"SMITH"},{"data":"Defragment","floor":27,"key":"SMITH"},{"data":"Glacier","floor":30,"key":"SMITH"},{"data":"Stack","floor":32,"key":"SMITH"},{"data":"Zap","floor":40,"key":"SMITH"},{"data":"Machine Learning","floor":45,"key":"SMITH"},{"data":"Tempest","floor":47,"key":"SMITH"},{"data":"Electrodynamics","floor":49,"key":"SMITH"}],"neow_cost":"NONE","seed_source_timestamp":111990015477653,"circlet_count":0,"master_deck":["Strike_B","Strike_B","Strike_B","Defend_B+1","Defend_B","Defend_B","Defend_B","Zap+1","Dualcast+1","Cold Snap","Steam","Zap+1","Rainbow+1","Compile Driver","Redo+1","Glacier+1","Electrodynamics+1","Defragment+1","Self Repair+1","Streamline","Stack+1","Machine Learning+1","Self Repair+1","Dramatic Entrance","Zap+1","Tempest+1","Loop+1"],"relics":["Cracked Core","Strawberry","Darkstone Periapt","Dream Catcher","Bag of Marbles","Eternal Feather","Singing Bowl","Nuclear Battery","CultistMask","Orichalcum"],"potions_floor_usage":[22,25,28,50,50],"damage_taken":[{"damage":0,"enemies":"2 Louse","floor":1,"turns":1},{"damage":0,"enemies":"Cultist","floor":5,"turns":3},{"damage":4,"enemies":"Jaw Worm","floor":8,"turns":2},{"damage":13,"enemies":"Red Slaver","floor":10,"turns":2},{"damage":11,"enemies":"3 Sentries","floor":11,"turns":5},{"damage":4,"enemies":"Exordium Thugs","floor":13,"turns":3},{"damage":1,"enemies":"Blue Slaver","floor":14,"turns":2},{"damage":29,"enemies":"The Guardian","floor":16,"turns":11},{"damage":22,"enemies":"2 Thieves","floor":18,"turns":4},{"damage":0,"enemies":"Spheric Guardian","floor":20,"turns":5},{"damage":35,"enemies":"3 Cultists","floor":22,"turns":5},{"damage":17,"enemies":"Sentry and Sphere","floor":24,"turns":4},{"damage":9,"enemies":"Snake Plant","floor":25,"turns":4},{"damage":11,"enemies":"Cultist and Chosen","floor":28,"turns":5},{"damage":45,"enemies":"Automaton","floor":33,"turns":11},{"damage":15,"enemies":"3 Shapes","floor":35,"turns":2},{"damage":18,"enemies":"Flame Bruiser 1 Orb","floor":37,"turns":5},{"damage":19,"enemies":"4 Shapes","floor":38,"turns":2},{"damage":30,"enemies":"Transient","floor":39,"turns":5},{"damage":0,"enemies":"Sphere and 2 Shapes","floor":41,"turns":2},{"damage":5,"enemies":"3 Darklings","floor":44,"turns":3},{"damage":26,"enemies":"Maw","floor":46,"turns":8},{"damage":7,"enemies":"4 Shapes","floor":48,"turns":5},{"damage":104,"enemies":"Awakened One","floor":50,"turns":15}],"seed_played":"-8228991248571547937","potions_obtained":[{"floor":10,"key":"Swift Potion"},{"floor":11,"key":"GamblersBrew"},{"floor":14,"key":"SkillPotion"},{"floor":25,"key":"PowerPotion"},{"floor":33,"key":"SmokeBomb"},{"floor":35,"key":"Swift Potion"}],"is_trial":false,"path_per_floor":["M","?","?","T","M","R","?","M","T","M","E","R","M","M","R","B",null,"M","$","M","$","M","R","M","M","T","R","M","?","R","?","R","B",null,"M","?","M","M","M","R","M","?","T","M","R","M","R","M","R"],"character_chosen":"DEFECT","items_purchased":[],"campfire_rested":0,"item_purchase_floors":[],"current_hp_per_floor":[82,66,66,66,66,66,66,62,62,49,38,38,34,33,33,4,82,60,60,60,60,25,31,24,25,25,33,31,15,23,52,60,25,89,84,84,88,89,71,81,81,81,81,88,95,91,97,99,99,0],"gold":582,"neow_bonus":"RANDOM_COMMON_RELIC","is_prod":false,"is_daily":false,"chose_seed":false,"campfire_upgraded":11,"win_rate":0,"timestamp":1531178671,"path_taken":["M","?","?","?","M","R","?","M","T","M","E","R","M","M","R","BOSS","M","$","M","$","M","R","M","M","T","R","M","?","R","?","R","BOSS","M","?","M","M","M","R","M","?","T","M","R","M","R","M","R","BOSS"],"build_version":"2018-07-05","purchased_purges":1,"victory":false,"max_hp_per_floor":[82,82,82,82,82,82,82,82,82,82,82,82,82,82,82,82,82,82,82,82,82,82,82,82,82,82,82,84,89,89,89,89,89,89,89,89,91,91,93,93,93,93,93,95,95,97,97,99,99,99],"card_choices":[{"not_picked":["Beam Cell","Hello World"],"picked":"Cold Snap","floor":1},{"not_picked":["Rebound","Heatsinks","Darkness"],"picked":"SKIP","floor":5},{"not_picked":["Streamline","Gash","Compile Driver"],"picked":"SKIP","floor":8},{"not_picked":["Streamline","Gash"],"picked":"Compile Driver","floor":8},{"not_picked":["Force Field","Compile Driver"],"picked":"Redo","floor":10},{"not_picked":["Hello World","Conserve Battery","Turbo"],"picked":"SKIP","floor":11},{"not_picked":["Skim","Go for the Eyes","Rebound"],"picked":"SKIP","floor":13},{"not_picked":["Ball Lightning","Consume"],"picked":"Glacier","floor":14},{"not_picked":["Seek","Meteor Strike"],"picked":"Electrodynamics","floor":16},{"not_picked":["BootSequence+1","Stack+1"],"picked":"Defragment","floor":18},{"not_picked":["Melter","Go for the Eyes+1","Redo"],"picked":"SKIP","floor":20},{"not_picked":["Redo","Leap"],"picked":"Self Repair","floor":22},{"not_picked":["Tempest+1","Barrage"],"picked":"Streamline","floor":24},{"not_picked":["Compile Driver+1","Ball Lightning+1"],"picked":"Stack","floor":25},{"not_picked":["Steam+1","Darkness","Gash"],"picked":"Singing Bowl","floor":28},{"not_picked":["Meteor Strike","Hyperbeam"],"picked":"Machine Learning","floor":33},{"not_picked":["Barrage+1","Reinforced Body"],"picked":"Self Repair+1","floor":35},{"not_picked":["Steam","Barrage","Compile Driver"],"picked":"Singing Bowl","floor":37},{"not_picked":["Ball Lightning+1","Coolheaded"],"picked":"Tempest","floor":38},{"not_picked":["Redo","Leap+1","Stack+1"],"picked":"Singing Bowl","floor":39},{"not_picked":["Compile Driver+1","Leap+1"],"picked":"Loop+1","floor":41},{"not_picked":["Redo","Fusion+1","Beam Cell"],"picked":"Singing Bowl","floor":44},{"not_picked":["Coolheaded+1","White Noise","Stack"],"picked":"Singing Bowl","floor":46},{"not_picked":["Gash+1","Turbo","Undo+1"],"picked":"Singing Bowl","floor":48}],"player_experience":736207,"relics_obtained":[{"floor":4,"key":"Darkstone Periapt"},{"floor":9,"key":"Dream Catcher"},{"floor":11,"key":"Bag of Marbles"},{"floor":26,"key":"Singing Bowl"},{"floor":43,"key":"Orichalcum"}],"event_choices":[{"event_name":"Shining Light","player_choice":"Entered Light","floor":2,"damage_taken":0},{"event_name":"Match and Keep!","player_choice":"3 cards matched","floor":3,"damage_taken":0},{"event_name":"Accursed Blacksmith","player_choice":"Forge","floor":7,"damage_taken":0},{"event_name":"Forgotten Altar","player_choice":"Shed Blood","floor":29,"damage_taken":0},{"event_name":"The Library","player_choice":"Heal","floor":31,"damage_taken":0},{"event_name":"Match and Keep!","player_choice":"2 cards matched","floor":36,"damage_taken":0},{"event_name":"FaceTrader","player_choice":"Trade","floor":42,"damage_taken":0}],"boss_relics":[{"not_picked":["Orrery","Busted Crown"],"picked":"Eternal Feather"},{"not_picked":["Fusion Hammer","Runic Pyramid"],"picked":"Nuclear Battery"}],"items_purged_floors":[19],"is_endless":false,"potions_floor_spawned":[10,11,14,20,25,33,35,38,46,48],"killed_by":"Awakened One","ascension_level":0}