{"gold_per_floor":[109,127,127,144,156,156,170,95,119,131,143,143,143,133,133,133],"floor_reached":16,"playtime":676,"items_purged":["Strike_G"],"score":140,"play_id":"04b35332-4043-4a46-87c3-4b78ab766942","local_time":"20190426005811","is_ascension_mode":true,"campfire_choices":[{"data":"ReplayTheSpireMod:The Works","floor":6,"key":"SMITH"},{"data":"strawberrySpire:Rummage","floor":12,"key":"SMITH"},{"floor":15,"key":"REST"}],"neow_cost":"NONE","seed_source_timestamp":285877109511553,"circlet_count":0,"master_deck":["Defend_G","Defend_G","Defend_G","Defend_G","Defend_G","Strike_G","Strike_G","Strike_G","Strike_G","Survivor","Neutralize","strawberrySpire:Slide","ReplayTheSpireMod:The Works+1","Deflect","Acrobatics","strawberrySpire:DreamfoilDart","strawberrySpire:Rummage+1","Quick Slash"],"relics":["Sizzling Blood","hubris:AncientText","CultistMask"],"potions_floor_usage":[4,4,4,10,16,16],"damage_taken":[{"damage":3,"enemies":"conspire:RoseBush","floor":1,"turns":3},{"damage":0,"enemies":"Cultist","floor":2,"turns":4},{"damage":13,"enemies":"Jaw Worm","floor":4,"turns":8},{"damage":18,"enemies":"Large Slime","floor":5,"turns":13},{"damage":31,"enemies":"Gremlin Gang","floor":7,"turns":9},{"damage":3,"enemies":"Red Slaver","floor":10,"turns":6},{"damage":3,"enemies":"Exordium Wildlife","floor":11,"turns":6},{"damage":4,"enemies":"Exordium Thugs","floor":14,"turns":4},{"damage":75,"enemies":"Slime Boss","floor":16,"turns":8}],"seed_played":"-7884642337045840767","potions_obtained":[{"floor":2,"key":"EntropicBrew"},{"floor":4,"key":"Strength Potion"},{"floor":5,"key":"PowerPotion"},{"floor":10,"key":"Fruit Juice"}],"is_trial":false,"path_per_floor":["M","M","?","M","M","R","M","$","T","M","M","R","?","M","R","B"],"character_chosen":"THE_SILENT","items_purchased":[],"campfire_rested":1,"item_purchase_floors":[],"current_hp_per_floor":[74,74,78,69,55,55,28,28,28,34,35,35,35,35,60,0],"gold":133,"neow_bonus":"TEN_PERCENT_HP_BONUS","is_prod":false,"is_daily":false,"chose_seed":false,"campfire_upgraded":2,"win_rate":0,"timestamp":1556254691,"path_taken":["M","?","?","M","M","R","M","$","T","M","M","R","?","?","R","BOSS"],"build_version":"2019-01-23","purchased_purges":1,"victory":false,"max_hp_per_floor":[77,77,81,81,81,81,81,81,81,86,86,86,86,86,86,86],"card_choices":[{"not_picked":["hubris:SlightOfHand","Setup"],"picked":"strawberrySpire:Slide","floor":1},{"not_picked":["Flechettes","Noxious Fumes"],"picked":"ReplayTheSpireMod:The Works","floor":2},{"not_picked":["Cloak And Dagger","PiercingWail"],"picked":"Deflect","floor":4},{"not_picked":["Blade Dance","Riddle With Holes"],"picked":"Acrobatics","floor":5},{"not_picked":["Acrobatics","Flying Knee"],"picked":"strawberrySpire:DreamfoilDart","floor":7},{"not_picked":["hubris:SlightOfHand","strawberrySpire:Pant"],"picked":"strawberrySpire:Rummage","floor":10},{"not_picked":["strawberrySpire:HopSkipAndJump","Dodge and Roll","Doppelganger"],"picked":"SKIP","floor":11},{"not_picked":["Poisoned Stab","Noxious Fumes"],"picked":"Quick Slash","floor":14}],"player_experience":748832,"relics_obtained":[{"floor":9,"key":"hubris:AncientText"}],"event_choices":[{"damage_healed":0,"gold_gain":0,"player_choice":"Trade","damage_taken":0,"relics_obtained":["CultistMask"],"max_hp_gain":0,"max_hp_loss":0,"event_name":"FaceTrader","floor":13,"gold_loss":0}],"is_beta":false,"boss_relics":[],"items_purged_floors":[8],"is_endless":false,"potions_floor_spawned":[2,4,5,10],"killed_by":"Slime Boss","ascension_level":4}