{"gold_per_floor":[113,288,303,7,7,7,20,20,20,20,46,46,61,61,61,158,158,177,103,113,21,34,34,68,68,95,50,70,70,70,70,70,70],"floor_reached":33,"playtime":2256,"items_purged":["Doubt"],"score":261,"play_id":"5ad451de-261e-41c8-9109-fb91cfd1752f","local_time":"20190909012841","is_ascension_mode":false,"campfire_choices":[{"data":"Infernal Blade","floor":6,"key":"SMITH"},{"data":"Flex","floor":8,"key":"SMITH"},{"data":"Armaments","floor":10,"key":"SMITH"},{"data":"Infernal Blade","floor":15,"key":"SMITH"},{"data":"Feed","floor":23,"key":"SMITH"},{"data":"Battle Trance","floor":25,"key":"SMITH"},{"floor":30,"key":"REST"},{"data":"RitualDagger","floor":32,"key":"SMITH"}],"neow_cost":"NONE","seed_source_timestamp":14673722767100,"circlet_count":0,"master_deck":["Strike_R","Strike_R","Strike_R","Strike_R","Strike_R","Defend_R","Defend_R","Defend_R","Bash","Armaments+1","Flex+1","Infernal Blade+1","Clash","Infernal Blade+1","Twin Strike","Feed+1","Cleave","Battle Trance+1","Heavy Blade+1","Dramatic Entrance","Inflame+1","Flex","Flex","RitualDagger+1","Shame"],"relics":["Burning Blood","Centennial Puzzle","Lantern","Charon\u0027s Ashes","Black Star","Letter Opener","Bronze Scales","Bag of Preparation","Ornamental Fan"],"potions_floor_usage":[33,33,33],"damage_taken":[{"damage":3,"enemies":"Small Slimes","floor":1,"turns":3},{"damage":1,"enemies":"2 Louse","floor":3,"turns":3},{"damage":1,"enemies":"Cultist","floor":7,"turns":3},{"damage":18,"enemies":"3 Sentries","floor":11,"turns":4},{"damage":4,"enemies":"Exordium Thugs","floor":13,"turns":3},{"damage":61,"enemies":"The Guardian","floor":16,"turns":8},{"damage":0,"enemies":"Spheric Guardian","floor":18,"turns":2},{"damage":5,"enemies":"3 Byrds","floor":20,"turns":4},{"damage":20,"enemies":"Snecko","floor":22,"turns":5},{"damage":27,"enemies":"Slavers","floor":24,"turns":2},{"damage":16,"enemies":"Snake Plant","floor":28,"turns":2},{"damage":97,"enemies":"Automaton","floor":33,"turns":6}],"seed_played":"-4328962088746418506","potions_obtained":[{"floor":1,"key":"Swift Potion"},{"floor":7,"key":"Ancient Potion"},{"floor":13,"key":"Poison Potion"},{"floor":18,"key":"BloodPotion"}],"is_trial":false,"path_per_floor":["M","?","M","$","?","R","M","R","T","R","E","?","M","$","R","B",null,"M","$","M","$","M","R","E","R","T","$","M","?","R","?","R","B"],"character_chosen":"IRONCLAD","items_purchased":["Centennial Puzzle","Infernal Blade","Battle Trance","Dramatic Entrance","Flex"],"campfire_rested":1,"item_purchase_floors":[4,4,19,21,27],"current_hp_per_floor":[88,88,88,88,88,88,88,88,88,88,76,76,78,78,78,23,88,88,88,88,88,74,74,53,53,53,53,43,37,63,63,63,0],"gold":70,"neow_bonus":"TEN_PERCENT_HP_BONUS","is_prod":false,"is_daily":false,"chose_seed":false,"campfire_upgraded":7,"win_rate":0.0,"timestamp":1567985321,"path_taken":["M","?","M","$","?","R","M","R","T","R","E","?","?","?","R","BOSS","M","$","M","$","M","R","E","R","T","$","M","?","R","?","R","BOSS"],"build_version":"2019-07-17","purchased_purges":1,"victory":false,"max_hp_per_floor":[88,88,88,88,88,88,88,88,88,88,88,88,88,88,88,88,88,88,88,88,88,88,88,88,88,88,88,88,88,88,88,88,88],"card_choices":[{"not_picked":["Seeing Red","Sword Boomerang"],"picked":"Armaments","floor":1},{"not_picked":["Dropkick","Sword Boomerang"],"picked":"Flex","floor":3},{"not_picked":["Entrench","Feel No Pain"],"picked":"Clash","floor":7},{"not_picked":["Rupture","Pummel"],"picked":"Infernal Blade","floor":11},{"not_picked":["Entrench","Sword Boomerang"],"picked":"Twin Strike","floor":13},{"not_picked":["Fiend Fire","Impervious"],"picked":"Feed","floor":16},{"not_picked":["Twin Strike","Disarm"],"picked":"Cleave","floor":18},{"not_picked":["Ghostly Armor","Clothesline+1"],"picked":"Heavy Blade+1","floor":20},{"not_picked":["Twin Strike","Uppercut","True Grit"],"picked":"SKIP","floor":22},{"not_picked":["Rupture+1","Perfected Strike"],"picked":"Inflame+1","floor":24},{"not_picked":["Iron Wave","Headbutt"],"picked":"Flex","floor":28}],"player_experience":19392,"relics_obtained":[{"floor":9,"key":"Lantern"},{"floor":11,"key":"Charon\u0027s Ashes"},{"floor":24,"key":"Letter Opener"},{"floor":24,"key":"Bronze Scales"},{"floor":26,"key":"Bag of Preparation"}],"event_choices":[{"damage_healed":0,"gold_gain":175,"player_choice":"AGREE","damage_taken":0,"max_hp_gain":0,"max_hp_loss":0,"event_name":"Liars Game","floor":2,"gold_loss":0,"cards_obtained":["Doubt"]},{"damage_healed":0,"gold_gain":0,"cards_transformed":["Defend_R"],"player_choice":"Change","damage_taken":0,"max_hp_gain":0,"max_hp_loss":0,"event_name":"Living Wall","floor":5,"gold_loss":0,"cards_obtained":["Rupture"]},{"cards_removed":["Rupture"],"damage_healed":0,"gold_gain":0,"player_choice":"Purged","damage_taken":0,"max_hp_gain":0,"max_hp_loss":0,"event_name":"Purifier","floor":12,"gold_loss":0},{"damage_healed":0,"gold_gain":0,"player_choice":"Joined the Cult","damage_taken":6,"max_hp_gain":0,"max_hp_loss":0,"event_name":"Nest","floor":29,"gold_loss":0,"cards_obtained":["RitualDagger"]},{"damage_healed":0,"gold_gain":0,"player_choice":"Stole Relic","damage_taken":0,"relics_obtained":["Ornamental Fan"],"max_hp_gain":0,"max_hp_loss":0,"event_name":"Addict","floor":31,"gold_loss":0,"cards_obtained":["Shame"]}],"is_beta":false,"boss_relics":[{"not_picked":["Velvet Choker","Runic Dome"],"picked":"Black Star"}],"items_purged_floors":[4],"is_endless":false,"potions_floor_spawned":[1,7,13,18,22,28],"killed_by":"Automaton","ascension_level":0}