{"path_per_floor":["M","M","?","M","$","R","$","M","T","T","R","M","M","E","R","B",null,"M","M","?","?","M","R","$","R","T","M","M","$","M","M","R"],"character_chosen":"IRONCLAD","items_purchased":["Flex"],"gold_per_floor":[18,31,281,292,171,171,71,87,164,164,164,180,200,234,234,329,329,343,324,324,324,341,341,216,216,264,282,294,144,160,176,176,176],"floor_reached":33,"campfire_rested":1,"playtime":1436,"current_hp_per_floor":[69,69,69,64,64,64,64,66,66,66,66,68,60,29,53,38,70,72,62,62,40,40,40,40,40,40,40,40,40,40,40,40,0],"items_purged":["Regret","Strike_R","Strike_R","Strike_R"],"gold":176,"score":365,"play_id":"282c1ece-5dcf-4934-b16a-92f05ee9367a","local_time":"20180331194632","is_prod":false,"is_daily":false,"is_ascension_mode":true,"campfire_upgraded":5,"timestamp":1522539992,"path_taken":["M","M","?","?","?","R","$","M","T","?","R","?","M","E","R","BOSS","M","M","?","?","M","R","$","R","T","M","M","?","M","M","R","BOSS"],"build_version":"2018-03-29v2","purchased_purges":4,"victory":false,"master_deck":["Strike_R","Strike_R","Defend_R","Defend_R","Defend_R","Defend_R","Bash","Impervious+1","Battle Trance","Offering+1","Flex+1","Ghostly Armor","Flex","Intimidate","Barricade+1","Flame Barrier+1","Seeing Red+1","Ghostly","Ghostly","Ghostly","Ghostly","Ghostly"],"max_hp_per_floor":[80,80,80,80,80,80,80,80,80,80,80,80,80,80,80,80,80,80,80,80,40,40,40,40,40,40,40,40,40,40,40,40,40],"relics":["Burning Blood","Bottled Lightning","Dead Branch","Omamori","Philosopher\u0027s Stone","Mercury Hourglass","Happy Flower"],"card_choices":[{"not_picked":["Berserk","Juggernaut"],"picked":"Impervious","floor":0},{"not_picked":["Clash","Havoc"],"picked":"Battle Trance","floor":2},{"not_picked":["Metallicize","Seeing Red"],"picked":"Offering","floor":4},{"not_picked":["Feel No Pain","Shrug It Off"],"picked":"Ghostly Armor","floor":8},{"not_picked":["Wild Strike","Warcry"],"picked":"Flex","floor":13},{"not_picked":["Second Wind","Rampage"],"picked":"Intimidate","floor":14},{"not_picked":["Feed","Berserk"],"picked":"Barricade","floor":16},{"not_picked":["Evolve","Thunderclap"],"picked":"Flame Barrier","floor":18},{"not_picked":["Cleave","Battle Trance"],"picked":"Seeing Red","floor":19}],"player_experience":290118,"potions_floor_usage":[33],"damage_taken":[{"damage":9,"enemies":"Jaw Worm","floor":1,"turns":4},{"damage":6,"enemies":"Cultist","floor":2,"turns":3},{"damage":11,"enemies":"Small Slimes","floor":4,"turns":4},{"damage":4,"enemies":"Blue Slaver","floor":8,"turns":1},{"damage":4,"enemies":"Large Slime","floor":12,"turns":3},{"damage":14,"enemies":"Exordium Thugs","floor":13,"turns":5},{"damage":37,"enemies":"Lagavulin","floor":14,"turns":6},{"damage":29,"enemies":"The Guardian","floor":16,"turns":13},{"damage":4,"enemies":"Spheric Guardian","floor":18,"turns":3},{"damage":16,"enemies":"2 Thieves","floor":19,"turns":4},{"damage":4,"enemies":"Sentry and Sphere","floor":22,"turns":5},{"damage":4,"enemies":"Chosen and Byrds","floor":27,"turns":8},{"damage":1,"enemies":"Snake Plant","floor":28,"turns":5},{"damage":4,"enemies":"Centurion and Healer","floor":30,"turns":5},{"damage":4,"enemies":"Cultist and Chosen","floor":31,"turns":5},{"damage":51,"enemies":"Automaton","floor":33,"turns":6}],"event_choices":[{"event_name":"Golden Shrine","player_choice":"Desecrate","floor":3,"damage_taken":0},{"event_name":"The Mausoleum","player_choice":"Yes","floor":20,"damage_taken":0},{"event_name":"Ghosts","player_choice":"Became a Ghost","floor":21,"damage_taken":0}],"boss_relics":[{"not_picked":["Runic Cube","Pandora\u0027s Box"],"picked":"Philosopher\u0027s Stone"}],"potions_floor_spawned":[2,8,13,14,18,19,22,30],"seed_played":"8364387356414671728","killed_by":"Automaton","ascension_level":7,"is_trial":false}