{"gold_per_floor":[118,118,118,14,24,24,56,56,56,85,85,99,99,115,115,115],"floor_reached":16,"playtime":302,"items_purged":[],"score":266,"play_id":"a6032f04-d64f-403b-867c-ba282edd13dc","local_time":"20190915181114","is_ascension_mode":true,"campfire_choices":[{"data":"Armaments","floor":6,"key":"SMITH"},{"data":"Barricade","floor":11,"key":"SMITH"},{"data":"Bash","floor":13,"key":"SMITH"},{"data":"Whirlwind","floor":15,"key":"SMITH"}],"neow_cost":"NONE","seed_source_timestamp":102959946714700,"circlet_count":0,"master_deck":["AscendersBane","Strike_R","Strike_R","Strike_R","Strike_R","Defend_R","Defend_R","Defend_R","Defend_R","Bash+1","Whirlwind+1","Whirlwind","Flex","Shrug It Off","Armaments+1","Pummel","Barricade+1","Shrug It Off","Intimidate"],"relics":["Burning Blood","NeowsBlessing","Red Skull","Dream Catcher","Darkstone Periapt","Anchor"],"potions_floor_usage":[16],"damage_taken":[{"damage":0,"enemies":"2 Louse","floor":1,"turns":1},{"damage":0,"enemies":"Small Slimes","floor":5,"turns":1},{"damage":0,"enemies":"Lagavulin","floor":7,"turns":1},{"damage":28,"enemies":"Gremlin Nob","floor":10,"turns":4},{"damage":0,"enemies":"Cultist","floor":12,"turns":4},{"damage":10,"enemies":"Exordium Wildlife","floor":14,"turns":4},{"damage":55,"enemies":"Hexaghost","floor":16,"turns":12}],"seed_played":"-4100710265863960095","potions_obtained":[{"floor":1,"key":"SkillPotion"},{"floor":10,"key":"AttackPotion"}],"is_trial":false,"path_per_floor":["M","?","?","$","M","R","E","$","T","E","R","M","R","M","R","B"],"character_chosen":"IRONCLAD","items_purchased":["Flex","Shrug It Off"],"campfire_rested":0,"item_purchase_floors":[4,4],"current_hp_per_floor":[74,63,63,63,69,69,75,75,75,53,53,59,59,55,55,0],"gold":115,"neow_bonus":"THREE_ENEMY_KILL","is_prod":false,"is_daily":false,"chose_seed":false,"campfire_upgraded":4,"win_rate":0,"timestamp":1568589074,"path_taken":["M","?","?","$","M","R","E","$","T","E","R","?","R","M","R","BOSS"],"build_version":"2019-09-12","purchased_purges":0,"victory":false,"max_hp_per_floor":[75,75,75,75,75,75,75,75,75,75,75,75,75,75,75,75],"card_choices":[{"not_picked":["Warcry","Perfected Strike"],"picked":"Whirlwind","floor":1},{"not_picked":["Body Slam","Entrench"],"picked":"Armaments","floor":5},{"not_picked":["True Grit","Burning Pact"],"picked":"Pummel","floor":7},{"not_picked":["Second Wind","Armaments"],"picked":"Barricade","floor":10},{"not_picked":["Perfected Strike","Corruption"],"picked":"Shrug It Off","floor":12},{"not_picked":["Body Slam","Carnage"],"picked":"Intimidate","floor":14}],"player_experience":1333954,"relics_obtained":[{"floor":7,"key":"Dream Catcher"},{"floor":9,"key":"Darkstone Periapt"},{"floor":10,"key":"Anchor"}],"event_choices":[{"damage_healed":0,"gold_gain":0,"player_choice":"Success","damage_taken":11,"relics_obtained":["Red Skull"],"max_hp_gain":0,"max_hp_loss":0,"event_name":"Scrap Ooze","floor":2,"gold_loss":0},{"damage_healed":0,"gold_gain":0,"cards_transformed":["Strike_R"],"player_choice":"Transformed","damage_taken":0,"max_hp_gain":0,"max_hp_loss":0,"event_name":"Transmorgrifier","floor":3,"gold_loss":0,"cards_obtained":["Whirlwind"]}],"is_beta":true,"boss_relics":[],"items_purged_floors":[],"is_endless":false,"potions_floor_spawned":[1,10],"killed_by":"Hexaghost","ascension_level":20}