{"gold_per_floor":[111,122,195,195,212,212,247,247,299,331,331,331,158,179,179,282,383,397,307,319,18,18,18,29,29,52,52,0,18,18,28,28,127,127,145,160,160,53,69,69,69,97,97,187,205,216,233,252,252,252,252,252,102,203,203],"floor_reached":56,"playtime":12131,"items_purged":[],"score":1237,"play_id":"0583e706-a6d2-45e0-ace7-66afaed37ae9","local_time":"20190110204021","is_ascension_mode":false,"campfire_choices":[{"data":"Tempest","floor":6,"key":"SMITH"},{"data":"Dualcast","floor":8,"key":"SMITH"},{"data":"Ball Lightning","floor":11,"key":"SMITH"},{"data":"Conserve Battery","floor":15,"key":"SMITH"},{"data":"hubris:PowerSurge","floor":23,"key":"SMITH"},{"data":"Creative AI","floor":25,"key":"SMITH"},{"data":"Go for the Eyes","floor":30,"key":"SMITH"},{"floor":32,"key":"REST"},{"floor":40,"key":"RECALL"},{"data":"hubris:PowerSurge","floor":49,"key":"SMITH"},{"data":"hubris:Ukulele","floor":52,"key":"SMITH"}],"neow_cost":"NONE","seed_source_timestamp":1195316943379907,"circlet_count":0,"master_deck":["Zap+1","Dualcast+1","Conserve Battery+1","Tempest+1","Ball Lightning+1","Apotheosis+1","Consume+1","Stack+1","Creative AI+1","Heatsinks+1","Leap+1","Conserve Battery+1","Multi-Cast+1","Go for the Eyes+1","hubris:PowerSurge+1","Glacier+1","Meteor Strike","Glacier+1","hubris:Ukulele+1","hubris:PowerSurge+1","Storm+1","Fusion+1","Echo Form","Chill+1","Loop+1"],"relics":["Busted Crown","Blue Candle","infinitespire:WardingShard","Whetstone","Toxic Egg 2","Odd Mushroom","Pandora\u0027s Box","hubris:TinFlute","hubris:PeanutButter","Symbiotic Virus","Bird Faced Urn","Orichalcum","Inserter","Anchor","Regal Pillow","Turnip","Strawberry"],"potions_floor_usage":[24,54,55],"damage_taken":[{"damage":0,"enemies":"Cultist","floor":1,"turns":4},{"damage":0,"enemies":"Small Slimes","floor":2,"turns":3},{"damage":11,"enemies":"Jaw Worm","floor":5,"turns":3},{"damage":23,"enemies":"3 Sentries","floor":7,"turns":6},{"damage":16,"enemies":"Gremlin Nob","floor":10,"turns":3},{"damage":6,"enemies":"The Mushroom Lair","floor":14,"turns":4},{"damage":7,"enemies":"Slime Boss","floor":16,"turns":5},{"damage":0,"enemies":"Chosen","floor":18,"turns":2},{"damage":10,"enemies":"3 Byrds","floor":20,"turns":3},{"damage":7,"enemies":"Snecko","floor":24,"turns":3},{"damage":0,"enemies":"Snake Plant","floor":29,"turns":2},{"damage":3,"enemies":"Sentry and Sphere","floor":31,"turns":4},{"damage":0,"enemies":"Champ","floor":33,"turns":12},{"damage":0,"enemies":"Orb Walker","floor":35,"turns":2},{"damage":0,"enemies":"3 Shapes","floor":36,"turns":5},{"damage":0,"enemies":"Transient","floor":39,"turns":5},{"damage":0,"enemies":"Nightmare","floor":42,"turns":7},{"damage":0,"enemies":"Writhing Mass","floor":44,"turns":5},{"damage":8,"enemies":"Sphere and 2 Shapes","floor":45,"turns":4},{"damage":0,"enemies":"4 Shapes","floor":46,"turns":4},{"damage":0,"enemies":"Jaw Worm Horde","floor":47,"turns":4},{"damage":0,"enemies":"Transient","floor":48,"turns":5},{"damage":0,"enemies":"Time Eater","floor":50,"turns":9},{"damage":25,"enemies":"Shield and Spear","floor":54,"turns":8},{"damage":56,"enemies":"The Heart","floor":55,"turns":8}],"seed_played":"2774937272087857250","potions_obtained":[{"floor":2,"key":"GamblersBrew"},{"floor":5,"key":"GamblersBrew"},{"floor":10,"key":"SkillPotion"},{"floor":24,"key":"AttackPotion"},{"floor":54,"key":"SpeedPotion"}],"is_trial":false,"path_per_floor":["M","M","T","?","M","R","E","R","T","E","R","?","$","?","R","B",null,"M","?","M","$","?","R","M","R","T","?","?","M","R","M","R","B",null,"M","M","?","$","M","R","?","NM","T","M","M","M","M","M","R","B",null,"R","$","E","B",null],"character_chosen":"DEFECT","items_purchased":["Apotheosis+1","hubris:PeanutButter","hubris:PowerSurge","hubris:Ukulele","hubris:PowerSurge","Echo Form","Chill+1"],"campfire_rested":1,"item_purchase_floors":[13,21,21,38,38,53,53],"current_hp_per_floor":[75,75,75,75,64,64,41,41,41,25,25,50,50,44,44,37,75,75,75,65,65,65,65,58,58,58,58,58,62,62,69,75,75,75,75,75,75,75,75,75,75,75,75,75,69,75,75,75,75,75,75,75,75,58,30],"gold":203,"neow_bonus":"BOSS_RELIC","is_prod":false,"is_daily":false,"chose_seed":false,"campfire_upgraded":9,"win_rate":0,"timestamp":1547170821,"path_taken":["M","M","?","?","M","R","E","R","T","E","R","?","?","?","R","BOSS","M","?","?","$","?","R","M","R","T","?","?","M","R","M","R","BOSS","M","M","?","$","M","R","?","NM","T","?","M","M","M","M","R","BOSS","R","$","E","BOSS"],"build_version":"2019-01-03v4","purchased_purges":0,"victory":true,"max_hp_per_floor":[75,75,75,75,75,75,75,75,75,75,75,75,75,75,75,75,75,75,75,75,75,75,75,75,75,75,75,75,75,75,75,75,75,75,75,75,75,75,75,75,75,75,75,75,75,75,75,75,75,75,75,75,75,82,82],"card_choices":[{"not_picked":[],"picked":"Conserve Battery","floor":1},{"not_picked":[],"picked":"Tempest","floor":2},{"not_picked":[],"picked":"Ball Lightning","floor":5},{"not_picked":["Turbo"],"picked":"SKIP","floor":7},{"not_picked":["Gash"],"picked":"SKIP","floor":10},{"not_picked":[],"picked":"Consume+1","floor":14},{"not_picked":["Steam+1"],"picked":"SKIP","floor":18},{"not_picked":[],"picked":"Go for the Eyes","floor":20},{"not_picked":["Streamline"],"picked":"SKIP","floor":24},{"not_picked":["Barrage"],"picked":"SKIP","floor":29},{"not_picked":[],"picked":"Glacier+1","floor":31},{"not_picked":[],"picked":"Meteor Strike","floor":33},{"not_picked":[],"picked":"Glacier+1","floor":35},{"not_picked":["Sunder"],"picked":"SKIP","floor":36},{"not_picked":[],"picked":"Storm+1","floor":39},{"not_picked":["Leap+1"],"picked":"SKIP","floor":42},{"not_picked":["Go for the Eyes"],"picked":"SKIP","floor":44},{"not_picked":["White Noise+1"],"picked":"SKIP","floor":45},{"not_picked":["White Noise+1"],"picked":"SKIP","floor":46},{"not_picked":["Leap+1"],"picked":"SKIP","floor":47},{"not_picked":["Go for the Eyes"],"picked":"SKIP","floor":48},{"not_picked":[],"picked":"Loop+1","floor":54}],"player_experience":568041,"relics_obtained":[{"floor":3,"key":"Blue Candle"},{"floor":7,"key":"infinitespire:WardingShard"},{"floor":9,"key":"Whetstone"},{"floor":10,"key":"Toxic Egg 2"},{"floor":14,"key":"Odd Mushroom"},{"floor":26,"key":"Orichalcum"},{"floor":42,"key":"Anchor"},{"floor":54,"key":"Strawberry"}],"event_choices":[{"damage_healed":0,"gold_gain":0,"player_choice":"Grow","damage_taken":0,"max_hp_gain":0,"max_hp_loss":0,"event_name":"Living Wall","floor":4,"gold_loss":0,"cards_upgraded":["Zap"]},{"damage_healed":25,"gold_gain":0,"player_choice":"Banana","damage_taken":0,"max_hp_gain":0,"max_hp_loss":0,"event_name":"Big Fish","floor":12,"gold_loss":0},{"damage_healed":0,"gold_gain":0,"player_choice":"Fought Mushrooms","damage_taken":0,"max_hp_gain":0,"max_hp_loss":0,"event_name":"Mushrooms","floor":14,"gold_loss":0},{"cards_removed":["Hello World"],"damage_healed":0,"gold_gain":0,"player_choice":"Upgrade and Remove","damage_taken":0,"max_hp_gain":0,"max_hp_loss":0,"event_name":"Designer","floor":19,"gold_loss":90,"cards_upgraded":["Heatsinks"]},{"damage_healed":0,"gold_gain":0,"player_choice":"Opened","damage_taken":0,"relics_obtained":["Symbiotic Virus"],"max_hp_gain":0,"max_hp_loss":0,"event_name":"The Mausoleum","floor":22,"gold_loss":0},{"damage_healed":0,"gold_gain":0,"player_choice":"Ignored","damage_taken":0,"max_hp_gain":0,"max_hp_loss":0,"event_name":"Beggar","floor":27,"gold_loss":0},{"damage_healed":0,"gold_gain":0,"player_choice":"Paid Fearfully","damage_taken":0,"max_hp_gain":0,"max_hp_loss":0,"event_name":"Masked Bandits","floor":28,"gold_loss":52},{"damage_healed":0,"gold_gain":0,"player_choice":"Ignored","damage_taken":0,"max_hp_gain":0,"max_hp_loss":0,"event_name":"Tomb of Lord Red Mask","floor":37,"gold_loss":0},{"damage_healed":0,"gold_gain":0,"cards_transformed":["Steam Power"],"player_choice":"Transformed","damage_taken":0,"max_hp_gain":0,"max_hp_loss":0,"event_name":"Transmorgrifier","floor":41,"gold_loss":0,"cards_obtained":["Fusion"]}],"is_beta":false,"boss_relics":[{"not_picked":["hubris:RunicObelisk","Astrolabe"],"picked":"Pandora\u0027s Box"},{"not_picked":["hubris:ScarierMask","hubris:CrackedHourglass"],"picked":"Inserter"}],"items_purged_floors":[],"is_endless":false,"potions_floor_spawned":[2,5,10,14,24,39,42,48,54],"ascension_level":0}