{"path_per_floor":["M","?","?","?","M","E","R","M","T","$","M","R","M","$","R","B",null,"M","$","M","M","M","E","R","M","T"],"character_chosen":"IRONCLAD","items_purchased":["War Paint"],"gold_per_floor":[113,113,188,188,202,235,235,259,259,109,124,124,147,147,147,277,277,296,221,235,248,267,308,308,331,406,406],"floor_reached":27,"campfire_rested":4,"playtime":1081,"current_hp_per_floor":[79,79,68,68,56,3,27,25,25,25,25,49,49,49,73,20,80,80,80,70,40,30,15,43,17,17,0],"items_purged":["Strike_R"],"gold":406,"score":235,"play_id":"d8650d1c-d6e6-4808-bb02-14e2ccc78059","local_time":"20180404022200","is_prod":false,"is_daily":false,"is_ascension_mode":false,"campfire_upgraded":0,"timestamp":1522822920,"path_taken":["M","?","?","?","M","E","R","M","T","?","M","R","M","$","R","BOSS","M","$","M","M","M","E","R","M","T","E"],"build_version":"2018-03-29v2","purchased_purges":1,"victory":false,"master_deck":["Strike_R","Strike_R","Strike_R","Defend_R","Defend_R+1","Defend_R+1","Defend_R","Bash","Corruption","Bloodletting","Injury","Sword Boomerang","Disarm","Impervious","Evolve","Disarm","Thunderclap","Shrug It Off","Juggernaut","Wild Strike","Armaments","Shockwave","Metallicize+1","Clothesline+1","Warcry+1","Pain"],"max_hp_per_floor":[80,80,80,80,80,80,80,80,80,80,80,80,80,80,80,80,80,80,80,80,80,80,94,94,94,94,94],"relics":["Mark of Pain","Golden Idol","Charon\u0027s Ashes","Dream Catcher","War Paint","Cursed Key","Mango","Gremlin Horn"],"card_choices":[{"not_picked":["Warcry","Barricade"],"picked":"Corruption","floor":1},{"not_picked":["Anger","Cleave"],"picked":"Sword Boomerang","floor":5},{"not_picked":["Heavy Blade","Rage"],"picked":"Disarm","floor":6},{"not_picked":["Heavy Blade","Headbutt"],"picked":"Impervious","floor":8},{"not_picked":["Thunderclap","Inflame"],"picked":"Evolve","floor":11},{"not_picked":["Havoc","Pommel Strike"],"picked":"Disarm","floor":12},{"not_picked":["Anger","Iron Wave"],"picked":"Thunderclap","floor":13},{"not_picked":["Flame Barrier","Cleave"],"picked":"Shrug It Off","floor":15},{"not_picked":["Bludgeon","Double Tap"],"picked":"Juggernaut","floor":16},{"not_picked":["Iron Wave","Shrug It Off"],"picked":"Wild Strike","floor":18},{"not_picked":["True Grit","Shockwave"],"picked":"Armaments","floor":20},{"not_picked":["Pommel Strike","Warcry"],"picked":"Shockwave","floor":21},{"not_picked":["Spot Weakness","Bloodletting"],"picked":"Metallicize","floor":22},{"not_picked":["Juggernaut","Burning Pact"],"picked":"Clothesline","floor":23},{"not_picked":["Iron Wave","Berserk"],"picked":"Warcry","floor":25}],"player_experience":307312,"potions_floor_usage":[6,23,23,27],"damage_taken":[{"damage":1,"enemies":"Jaw Worm","floor":1,"turns":4},{"damage":12,"enemies":"Small Slimes","floor":5,"turns":4},{"damage":62,"enemies":"Lagavulin","floor":6,"turns":9},{"damage":2,"enemies":"Cultist","floor":8,"turns":4},{"damage":0,"enemies":"Looter","floor":11,"turns":4},{"damage":0,"enemies":"3 Louse","floor":13,"turns":3},{"damage":53,"enemies":"Slime Boss","floor":16,"turns":12},{"damage":0,"enemies":"Chosen","floor":18,"turns":5},{"damage":10,"enemies":"Shell Parasite","floor":20,"turns":6},{"damage":30,"enemies":"Snake Plant","floor":21,"turns":7},{"damage":10,"enemies":"Snecko","floor":22,"turns":6},{"damage":29,"enemies":"Gremlin Leader","floor":23,"turns":9},{"damage":26,"enemies":"Centurion and Healer","floor":25,"turns":9},{"damage":19,"enemies":"Slavers","floor":27,"turns":1}],"event_choices":[{"event_name":"Living Wall","player_choice":"Change","floor":2,"damage_taken":0},{"event_name":"World of Goop","player_choice":"Gather Gold","floor":3,"damage_taken":0},{"event_name":"Golden Idol","player_choice":"Take Wound","floor":4,"damage_taken":0}],"boss_relics":[{"not_picked":["Orrery","Astrolabe"],"picked":"Cursed Key"}],"potions_floor_spawned":[1,6,11,13,20,23],"seed_played":"-3844703589147078973","killed_by":"Slavers","ascension_level":0,"is_trial":false}