{"path_per_floor":["M","?","M","$","?","R","E","M","T","?","M","R","M","E","R","B",null,"M","?","?","$","?","R","$","M","T"],"character_chosen":"THE_SILENT","items_purchased":["Wraith Form v2"],"gold_per_floor":[112,112,130,55,55,55,89,103,128,128,144,144,158,187,187,288,288,307,307,307,127,127,127,2,16,16,16],"floor_reached":27,"campfire_rested":0,"playtime":1942,"current_hp_per_floor":[63,63,63,63,60,60,60,60,60,60,60,60,60,56,56,35,61,49,49,36,36,36,36,36,32,32,0],"items_purged":["Strike_G","Strike_G","Defend_G"],"gold":16,"score":354,"play_id":"9f434b6c-02e6-45cb-8020-25b274b0a8c2","local_time":"20180421125859","is_prod":false,"is_daily":false,"chose_seed":false,"is_ascension_mode":true,"campfire_upgraded":4,"timestamp":1524340739,"path_taken":["M","?","?","$","?","R","E","M","T","?","?","R","?","E","R","BOSS","M","?","?","?","?","R","$","M","T","E"],"build_version":"2018-04-19","seed_source_timestamp":268138888621468,"purchased_purges":3,"victory":false,"master_deck":["Defend_G","Defend_G","Defend_G","Defend_G","Strike_G","Strike_G","Survivor","Neutralize+1","Backflip","Reflex","Prepared+1","Poisoned Stab+1","Blur","Flying Knee","Eviscerate","Catalyst","Adrenaline+1","Prepared+1","Wraith Form v2+1","Dodge and Roll+1","Concentrate+1"],"max_hp_per_floor":[70,70,70,70,70,70,70,70,70,70,70,70,70,70,70,70,70,72,72,77,77,77,77,77,77,77,77],"relics":["Ring of the Snake","NeowsBlessing","Snake Skull","Prayer Wheel","Bag of Marbles","Singing Bowl","Sozu","Blue Candle"],"card_choices":[{"not_picked":["Heel Hook","Eviscerate"],"picked":"Backflip","floor":1},{"not_picked":["Eviscerate","Poisoned Stab"],"picked":"Reflex","floor":3},{"not_picked":["Corpse Explosion","Deflect"],"picked":"Prepared","floor":7},{"not_picked":["Dagger Throw","Quick Slash"],"picked":"Poisoned Stab","floor":8},{"not_picked":["Cloak And Dagger","Setup"],"picked":"Blur","floor":9},{"not_picked":["Underhanded Strike","Cloak And Dagger"],"picked":"Flying Knee","floor":11},{"not_picked":["Blade Dance","Predator"],"picked":"Eviscerate","floor":13},{"not_picked":["Terror","Flying Knee"],"picked":"Catalyst","floor":14},{"not_picked":["Tactician","Die Die Die"],"picked":"Adrenaline","floor":16},{"not_picked":["Acrobatics","PiercingWail"],"picked":"Dodge and Roll","floor":25},{"not_picked":["Sucker Punch","Eviscerate"],"picked":"Concentrate","floor":26}],"player_experience":414762,"potions_floor_usage":[11,14,16],"damage_taken":[{"damage":0,"enemies":"Small Slimes","floor":1,"turns":1},{"damage":0,"enemies":"Cultist","floor":3,"turns":1},{"damage":0,"enemies":"Lagavulin","floor":7,"turns":1},{"damage":0,"enemies":"2 Louse","floor":8,"turns":4},{"damage":0,"enemies":"Lots of Slimes","floor":11,"turns":3},{"damage":0,"enemies":"Large Slime","floor":13,"turns":7},{"damage":16,"enemies":"3 Sentries","floor":14,"turns":10},{"damage":21,"enemies":"Hexaghost","floor":16,"turns":9},{"damage":14,"enemies":"Spheric Guardian","floor":18,"turns":5},{"damage":4,"enemies":"Shell Parasite","floor":25,"turns":3},{"damage":36,"enemies":"Slavers","floor":27,"turns":10}],"event_choices":[{"event_name":"Bonfire Elementals","player_choice":"BASIC","floor":2,"damage_taken":0},{"event_name":"Scrap Ooze","player_choice":"success","floor":5,"damage_taken":3},{"event_name":"The Lab","player_choice":"Got Potions","floor":10,"damage_taken":0},{"event_name":"Duplicator","player_choice":"One dupe","floor":19,"damage_taken":0},{"event_name":"Forgotten Altar","player_choice":"Shed Blood","floor":20,"damage_taken":0},{"event_name":"Upgrade Shrine","player_choice":"Upgraded","floor":22,"damage_taken":0}],"boss_relics":[{"not_picked":["Velvet Choker","Philosopher\u0027s Stone"],"picked":"Sozu"}],"potions_floor_spawned":[1,7,11,18,25],"seed_played":"-7440615211109007198","killed_by":"Slavers","ascension_level":9,"is_trial":false}