{"gold_per_floor":[118,43,57,12,12,39,39,55,55,55,69,34,53,53,53,154,154,79,79,79,57,57,57,57,57,57,57,57,57,57,57,57,57],"floor_reached":33,"playtime":1232,"items_purged":["Strike_R"],"score":274,"play_id":"4b081c4a-7275-41cc-bede-8264995a2198","local_time":"20190822011014","is_ascension_mode":false,"campfire_choices":[{"data":"Bash","floor":7,"key":"SMITH"},{"data":"Intimidate","floor":10,"key":"SMITH"},{"data":"Thunderclap","floor":15,"key":"SMITH"},{"floor":23,"key":"REST"},{"floor":25,"key":"REST"},{"data":"1","floor":32,"key":"LIFT"}],"neow_cost":"PERCENT_DAMAGE","seed_source_timestamp":32430549178000,"circlet_count":0,"master_deck":["Strike_R","Strike_R","Strike_R+1","Strike_R","Defend_R","Defend_R","Defend_R","Defend_R","Bash+1","Corruption+1","Thunderclap+1","Intimidate+1","Battle Trance","Armaments+1","Limit Break","Battle Trance","Clash+1","Clash+1","Armaments","Shockwave","Dual Wield+1"],"relics":["Burning Blood","Blue Candle","Sundial","Ectoplasm","Girya"],"potions_floor_usage":[6,16,19,24,33],"damage_taken":[{"damage":14,"enemies":"Jaw Worm","floor":1,"turns":4},{"damage":2,"enemies":"2 Louse","floor":3,"turns":3},{"damage":23,"enemies":"Gremlin Nob","floor":6,"turns":4},{"damage":0,"enemies":"Cultist","floor":8,"turns":3},{"damage":8,"enemies":"Lots of Slimes","floor":11,"turns":4},{"damage":7,"enemies":"Blue Slaver","floor":13,"turns":3},{"damage":52,"enemies":"The Guardian","floor":16,"turns":13},{"damage":24,"enemies":"2 Thieves","floor":18,"turns":4},{"damage":29,"enemies":"Spheric Guardian","floor":19,"turns":6},{"damage":18,"enemies":"Snake Plant","floor":20,"turns":5},{"damage":35,"enemies":"Chosen and Byrds","floor":24,"turns":8},{"damage":2,"enemies":"3 Cultists","floor":27,"turns":4},{"damage":38,"enemies":"Sentry and Sphere","floor":29,"turns":6},{"damage":22,"enemies":"Cultist and Chosen","floor":31,"turns":7},{"damage":33,"enemies":"Collector","floor":33,"turns":6}],"seed_played":"5048671097979349811","potions_obtained":[{"floor":1,"key":"Fire Potion"},{"floor":11,"key":"Poison Potion"},{"floor":16,"key":"Ancient Potion"},{"floor":18,"key":"Swift Potion"},{"floor":20,"key":"Block Potion"}],"is_trial":false,"path_per_floor":["M","$","M","?","?","E","R","M","T","R","M","?","M","$","R","B",null,"M","M","M","$","?","R","M","R","T","M","$","M","?","M","R","B"],"character_chosen":"IRONCLAD","items_purchased":["Armaments"],"campfire_rested":2,"item_purchase_floors":[21],"current_hp_per_floor":[64,64,68,68,49,32,32,38,38,38,36,60,59,59,59,13,96,78,55,43,43,43,71,42,70,70,74,74,42,42,26,26,0],"gold":57,"neow_bonus":"TWENTY_PERCENT_HP_BONUS","is_prod":false,"is_daily":false,"chose_seed":false,"campfire_upgraded":3,"win_rate":0,"timestamp":1566450614,"path_taken":["M","$","M","?","?","E","R","M","T","R","M","?","?","?","R","BOSS","M","?","M","$","?","R","?","R","T","M","?","M","?","M","R","BOSS"],"build_version":"2019-08-15","purchased_purges":1,"victory":false,"max_hp_per_floor":[96,96,96,96,96,96,96,96,96,96,96,96,96,96,96,96,96,96,96,96,96,96,96,96,96,96,96,96,96,96,96,96,96],"card_choices":[{"not_picked":["Whirlwind","Twin Strike"],"picked":"Corruption","floor":1},{"not_picked":["Warcry","Armaments"],"picked":"Thunderclap","floor":3},{"not_picked":["Warcry","Cleave"],"picked":"Intimidate","floor":6},{"not_picked":["Ghostly Armor","Burning Pact"],"picked":"Battle Trance","floor":8},{"not_picked":["Battle Trance","Perfected Strike","Evolve"],"picked":"SKIP","floor":11},{"not_picked":["Searing Blow","Sword Boomerang"],"picked":"Armaments","floor":13},{"not_picked":["Brutality","Fiend Fire"],"picked":"Limit Break","floor":16},{"not_picked":["Fire Breathing+1","Anger"],"picked":"Battle Trance","floor":18},{"not_picked":["True Grit","Intimidate+1"],"picked":"Clash+1","floor":19},{"not_picked":["Blood for Blood","Armaments"],"picked":"Clash+1","floor":20},{"not_picked":["Cleave","Metallicize","Fiend Fire"],"picked":"SKIP","floor":24},{"not_picked":["Cleave","True Grit+1"],"picked":"Shockwave","floor":27},{"not_picked":["Uppercut","Warcry"],"picked":"Dual Wield+1","floor":29},{"not_picked":["Thunderclap","Heavy Blade","Searing Blow"],"picked":"SKIP","floor":31}],"player_experience":977379,"relics_obtained":[{"floor":6,"key":"Blue Candle"},{"floor":9,"key":"Sundial"},{"floor":26,"key":"Girya"}],"event_choices":[{"damage_healed":0,"gold_gain":0,"player_choice":"Left Gold","damage_taken":0,"max_hp_gain":0,"max_hp_loss":0,"event_name":"World of Goop","floor":4,"gold_loss":45},{"damage_healed":0,"gold_gain":0,"player_choice":"Entered Light","damage_taken":19,"max_hp_gain":0,"max_hp_loss":0,"event_name":"Shining Light","floor":5,"gold_loss":0,"cards_upgraded":["Strike_R","Corruption"]},{"damage_healed":24,"gold_gain":0,"player_choice":"Healed","damage_taken":0,"max_hp_gain":0,"max_hp_loss":0,"event_name":"The Cleric","floor":12,"gold_loss":35},{"damage_healed":0,"gold_gain":0,"player_choice":"Forge","damage_taken":0,"max_hp_gain":0,"max_hp_loss":0,"event_name":"Accursed Blacksmith","floor":22,"gold_loss":0,"cards_upgraded":["Armaments"]},{"damage_healed":0,"gold_gain":0,"player_choice":"Ignored","damage_taken":0,"max_hp_gain":0,"max_hp_loss":0,"event_name":"NoteForYourself","floor":30,"gold_loss":0}],"is_beta":true,"boss_relics":[{"not_picked":["Runic Cube","Astrolabe"],"picked":"Ectoplasm"}],"items_purged_floors":[2],"is_endless":false,"potions_floor_spawned":[1,11,16,18,20],"killed_by":"Collector","ascension_level":0}