{"gold_per_floor":[115,190,190,205,155,155,168,168,168,196,225,237,278,290,302,410,422,452,475,487,513,525,537,575,587,599,625,648,675,687,699],"floor_reached":31,"playtime":884,"items_purged":[],"score":347,"play_id":"62b7aa50-c917-4e44-8015-ca99e9691c96","local_time":"20180815140322","is_ascension_mode":true,"campfire_choices":[{"data":"Body Slam","floor":6,"key":"SMITH"},{"data":"Flame Barrier","floor":8,"key":"SMITH"},{"data":"Disarm","floor":12,"key":"SMITH"},{"data":"Barricade","floor":15,"key":"SMITH"},{"data":"Whirlwind","floor":23,"key":"SMITH"},{"data":"True Grit","floor":25,"key":"SMITH"}],"neow_cost":"","seed_source_timestamp":858770054999454,"circlet_count":0,"master_deck":["Strike_R","Strike_R","Strike_R","Defend_R","Defend_R","Defend_R","Defend_R","Bash","Disarm+1","Disarm","Body Slam+1","Flame Barrier+1","Shrug It Off","Barricade+1","Parasite","Immolate","True Grit+1","Whirlwind+1","Necronomicurse","Body Slam"],"relics":["Burning Blood","MawBank","Potion Belt","Velvet Choker","Necronomicon","Regal Pillow","The Courier"],"potions_floor_usage":[10,13,24,24,24,24],"damage_taken":[{"damage":11,"enemies":"Jaw Worm","floor":1,"turns":6},{"damage":1,"enemies":"Small Slimes","floor":4,"turns":6},{"damage":6,"enemies":"Cultist","floor":7,"turns":3},{"damage":13,"enemies":"Large Slime","floor":10,"turns":7},{"damage":9,"enemies":"Looter","floor":11,"turns":3},{"damage":29,"enemies":"3 Sentries","floor":13,"turns":11},{"damage":7,"enemies":"Hexaghost","floor":16,"turns":11},{"damage":1,"enemies":"3 Byrds","floor":18,"turns":5},{"damage":35,"enemies":"Spheric Guardian","floor":19,"turns":8},{"damage":0,"enemies":"Centurion and Healer","floor":21,"turns":9},{"damage":24,"enemies":"Slavers","floor":24,"turns":3},{"damage":16,"enemies":"Snecko","floor":27,"turns":5},{"damage":0,"enemies":"Sentry and Sphere","floor":28,"turns":3},{"damage":0,"enemies":"3 Cultists","floor":29,"turns":1},{"damage":29,"enemies":"Snecko","floor":31,"turns":3}],"seed_played":"4713749275291599619","potions_obtained":[{"floor":1,"key":"Fire Potion"},{"floor":10,"key":"Explosive Potion"},{"floor":11,"key":"FearPotion"},{"floor":16,"key":"AttackPotion"},{"floor":19,"key":"SpeedPotion"},{"floor":21,"key":"Swift Potion"},{"floor":28,"key":"Dexterity Potion"}],"is_trial":false,"path_per_floor":["M","?","?","M","?","R","M","R","T","M","M","R","E","?","R","B",null,"M","M","?","M","?","R","E","R","T","M","M","M","?"],"character_chosen":"IRONCLAD","items_purchased":[],"campfire_rested":0,"item_purchase_floors":[],"current_hp_per_floor":[67,56,56,61,61,61,61,61,61,54,51,51,28,48,48,47,72,77,48,48,54,38,38,20,20,20,10,16,22,22,0],"gold":699,"neow_bonus":"","is_prod":false,"is_daily":false,"chose_seed":false,"campfire_upgraded":6,"win_rate":0,"timestamp":1534356202,"path_taken":["M","?","?","M","?","R","M","R","T","?","M","R","E","?","R","BOSS","M","M","?","M","?","R","E","R","T","M","M","?","?","M"],"build_version":"2018-08-13v2","purchased_purges":0,"victory":false,"max_hp_per_floor":[80,80,80,80,80,80,80,80,80,80,80,80,80,80,80,80,80,80,80,80,80,80,80,80,80,80,80,80,80,80,80],"card_choices":[{"not_picked":["Reckless Charge","Iron Wave"],"picked":"Disarm","floor":1},{"not_picked":["Pummel","Warcry"],"picked":"Body Slam","floor":4},{"not_picked":["Metallicize","Perfected Strike"],"picked":"Flame Barrier","floor":7},{"not_picked":["Cleave","Carnage","Seeing Red"],"picked":"SKIP","floor":10},{"not_picked":["Clash","Heavy Blade"],"picked":"Shrug It Off","floor":11},{"not_picked":["Pommel Strike","Havoc"],"picked":"Barricade","floor":13},{"not_picked":["Brutality","Berserk"],"picked":"Immolate","floor":16},{"not_picked":["Heavy Blade+1","Dropkick+1"],"picked":"True Grit","floor":18},{"not_picked":["Feel No Pain","Thunderclap"],"picked":"Whirlwind","floor":19},{"not_picked":["Warcry","Cleave","Headbutt"],"picked":"SKIP","floor":21},{"not_picked":["Spot Weakness","Fiend Fire","Cleave"],"picked":"SKIP","floor":24},{"not_picked":["Reckless Charge","Havoc+1"],"picked":"Body Slam","floor":27},{"not_picked":["Pummel","Iron Wave+1","Pommel Strike"],"picked":"SKIP","floor":28},{"not_picked":["Flame Barrier","Heavy Blade+1","Blood for Blood+1"],"picked":"SKIP","floor":29}],"player_experience":869977,"relics_obtained":[{"floor":9,"key":"MawBank"},{"floor":13,"key":"Potion Belt"},{"floor":22,"key":"Necronomicon"},{"floor":24,"key":"Regal Pillow"},{"floor":26,"key":"The Courier"}],"event_choices":[{"event_name":"World of Goop","player_choice":"Gather Gold","floor":2,"damage_taken":0},{"event_name":"Transmorgrifier","player_choice":"Transform","floor":3,"damage_taken":0},{"event_name":"The Cleric","player_choice":"Card Removal","floor":5,"damage_taken":0},{"event_name":"Mushrooms","player_choice":"Healed and dodged fight","floor":14,"damage_taken":0},{"event_name":"The Mausoleum","player_choice":"No","floor":20,"damage_taken":0},{"event_name":"Cursed Tome","player_choice":"Obtained Book","floor":22,"damage_taken":0},{"event_name":"Ghosts","player_choice":"Ignored","floor":30,"damage_taken":0}],"is_beta":true,"boss_relics":[{"not_picked":["White Beast Statue","Lizard Tail"],"picked":"Velvet Choker"}],"items_purged_floors":[],"is_endless":false,"potions_floor_spawned":[1,10,11,16,19,21,28],"killed_by":"Snecko","ascension_level":7}