{"gold_per_floor":[16,66,77,77,88,117,117,144,170,170,190,209,234,248,248,323,323,342,342,14,26,44,44,76,104,164,176,188,228,258,297,309,393,455,481,493,520,532,591,603,635,647],"floor_reached":42,"playtime":5303,"items_purged":[],"score":1031,"play_id":"e5e4d10a-211a-42e0-83ad-4d2745c48dbb","local_time":"20190825100908","is_ascension_mode":true,"campfire_choices":[{"data":"Zap","floor":7.0,"key":"SMITH"},{"data":"Loop","floor":15.0,"key":"SMITH"},{"data":"Sunder","floor":23.0,"key":"SMITH"},{"data":"Self Repair","floor":27.0,"key":"SMITH"},{"data":"Hologram","floor":32.0,"key":"SMITH"},{"data":"Thunder Strike","floor":40.0,"key":"SMITH"}],"neow_cost":"NO_GOLD","seed_source_timestamp":0,"circlet_count":0,"master_deck":["AscendersBane","Strike_B","Strike_B+1","Defend_B","Defend_B","Defend_B","Zap+1","Dualcast","Go for the Eyes","Self Repair+1","Sunder+1","Turbo+1","Loop+1","Leap+1","All For One","Cold Snap","Echo Form","Undo+1","Writhe","Conserve Battery","Coolheaded+1","Echo Form","Hologram+1","Static Discharge+1","Thunder Strike+1","Storm+1"],"special_seed":0,"relics":["Cracked Core","Centennial Puzzle","Anchor","Art of War","Happy Flower","Snecko Eye","Boot","Torii","MawBank","Orichalcum","StoneCalendar","Frozen Egg 2","Tiny House","Prayer Wheel"],"potions_floor_usage":[42],"damage_taken":[{"damage":2.0,"enemies":"Jaw Worm","floor":1.0,"turns":3.0},{"damage":6.0,"enemies":"Cultist","floor":3.0,"turns":3.0},{"damage":3.0,"enemies":"2 Louse","floor":5.0,"turns":3.0},{"damage":15.0,"enemies":"Lagavulin","floor":6.0,"turns":6.0},{"damage":26.0,"enemies":"Gremlin Nob","floor":8.0,"turns":4.0},{"damage":7.0,"enemies":"Gremlin Gang","floor":11.0,"turns":4.0},{"damage":1.0,"enemies":"Looter","floor":12.0,"turns":3.0},{"damage":34.0,"enemies":"3 Sentries","floor":13.0,"turns":7.0},{"damage":6.0,"enemies":"3 Louse","floor":14.0,"turns":3.0},{"damage":23.0,"enemies":"Hexaghost","floor":16.0,"turns":9.0},{"damage":16.0,"enemies":"Spheric Guardian","floor":18.0,"turns":4.0},{"damage":1.0,"enemies":"Chosen","floor":21.0,"turns":4.0},{"damage":1.0,"enemies":"Shelled Parasite and Fungi","floor":22.0,"turns":4.0},{"damage":18.0,"enemies":"Slavers","floor":24.0,"turns":5.0},{"damage":0.0,"enemies":"Snecko","floor":25.0,"turns":4.0},{"damage":1.0,"enemies":"Gremlin Leader","floor":29.0,"turns":9.0},{"damage":1.0,"enemies":"3 Cultists","floor":30.0,"turns":4.0},{"damage":2.0,"enemies":"Slavers","floor":31.0,"turns":5.0},{"damage":1.0,"enemies":"Champ","floor":33.0,"turns":8.0},{"damage":0.0,"enemies":"Orb Walker","floor":35.0,"turns":2.0},{"damage":38.0,"enemies":"3 Darklings","floor":37.0,"turns":4.0},{"damage":37.0,"enemies":"2 Orb Walkers","floor":39.0,"turns":4.0},{"damage":2.0,"enemies":"Writhing Mass","floor":41.0,"turns":5.0},{"damage":46,"enemies":"Reptomancer","floor":42,"turns":2}],"seed_played":"1140332513420356276","potions_obtained":[{"floor":3.0,"key":"AttackPotion"},{"floor":5.0,"key":"Dexterity Potion"},{"floor":8.0,"key":"EntropicBrew"},{"floor":16.0,"key":"FairyPotion"},{"floor":18.0,"key":"Ancient Potion"},{"floor":22.0,"key":"Energy Potion"},{"floor":30.0,"key":"FearPotion"},{"floor":31.0,"key":"FairyPotion"},{"floor":34.0,"key":"Swift Potion"},{"floor":35.0,"key":"Swift Potion"},{"floor":37.0,"key":"FocusPotion"},{"floor":39.0,"key":"FocusPotion"}],"is_trial":false,"path_per_floor":["M","?","M","?","M","E","R","E","T","?","M","M","E","M","R","B",null,"M","?","$","M","M","R","E","M","T","R","?","E","M","E","R","B",null,"M","?","M","?","?","R","M","E"],"character_chosen":"DEFECT","items_purchased":["Torii"],"campfire_rested":0,"item_purchase_floors":[20],"current_hp_per_floor":[62,62,56,56,60,52,52,33,33,71,71,71,44,45,45,29,61,52,52,52,58,71,71,67,71,71,71,71,71,71,71,71,71,76,76,76,58,58,41,41,39,0],"gold":647,"neow_bonus":"REMOVE_TWO","is_prod":false,"is_daily":false,"chose_seed":false,"campfire_upgraded":6,"win_rate":0,"timestamp":1566752948,"path_taken":["M","?","?","?","?","E","R","E","T","?","M","?","E","M","R","BOSS","M","?","$","M","M","R","E","M","T","R","?","E","M","E","R","BOSS","M","?","?","?","?","R","M","E"],"build_version":"2019-07-17","purchased_purges":0,"victory":false,"max_hp_per_floor":[71,71,71,71,71,71,71,71,71,71,71,71,71,71,71,71,71,71,71,71,71,71,71,71,71,71,71,71,71,71,71,71,71,76,76,76,76,72,72,72,72,72],"card_choices":[{"not_picked":["Conserve Battery","Hello World"],"picked":"Go for the Eyes","floor":1.0},{"not_picked":["Steam","Recycle"],"picked":"Self Repair","floor":3.0},{"not_picked":["Rebound","Capacitor"],"picked":"Sunder","floor":5.0},{"not_picked":["Steam Power","Capacitor"],"picked":"FTL","floor":6.0},{"not_picked":["Streamline","Gash"],"picked":"Turbo","floor":8.0},{"not_picked":["Rainbow","Beam Cell"],"picked":"Loop","floor":11.0},{"not_picked":["Rebound","Streamline"],"picked":"Leap","floor":12.0},{"not_picked":["Double Energy","Cold Snap"],"picked":"All For One","floor":13.0},{"not_picked":["Self Repair","Hologram"],"picked":"Cold Snap","floor":14.0},{"not_picked":["Core Surge","Rainbow"],"picked":"Echo Form","floor":16.0},{"not_picked":["Rebound","Gash"],"picked":"Undo+1","floor":18.0},{"not_picked":["FTL","Loop"],"picked":"Conserve Battery","floor":21.0},{"not_picked":["Ball Lightning","Fission","Beam Cell"],"picked":"SKIP","floor":22.0},{"not_picked":["Ball Lightning","Fission","Beam Cell"],"picked":"SKIP","floor":22.0},{"not_picked":["Chaos+1","Gash"],"picked":"Coolheaded+1","floor":24.0},{"not_picked":["Sweeping Beam","Streamline","Rebound"],"picked":"SKIP","floor":25.0},{"not_picked":["Electrodynamics","Steam Power"],"picked":"Echo Form","floor":29.0},{"not_picked":["Conserve Battery","Redo+1"],"picked":"Hologram","floor":30.0},{"not_picked":["Leap","Ball Lightning"],"picked":"Static Discharge+1","floor":31.0},{"not_picked":["Fission","Core Surge"],"picked":"Thunder Strike","floor":33.0},{"not_picked":["Rebound","Chill"],"picked":"Storm+1","floor":34.0},{"not_picked":["Self Repair+1","Double Energy","Ball Lightning"],"picked":"SKIP","floor":35.0},{"not_picked":["Redo","Scrape","Self Repair+1"],"picked":"SKIP","floor":37.0},{"not_picked":["Leap","Stack","Beam Cell"],"picked":"SKIP","floor":41.0},{"not_picked":["Steam+1","Force Field","Aggregate"],"picked":"SKIP","floor":41.0}],"player_experience":773673,"relics_obtained":[{"floor":6.0,"key":"Centennial Puzzle"},{"floor":8.0,"key":"Anchor"},{"floor":9.0,"key":"Art of War"},{"floor":13.0,"key":"Happy Flower"},{"floor":24.0,"key":"MawBank"},{"floor":26.0,"key":"Orichalcum"},{"floor":29.0,"key":"StoneCalendar"},{"floor":31.0,"key":"Frozen Egg 2"},{"floor":39.0,"key":"Prayer Wheel"}],"event_choices":[{"damage_healed":0.0,"max_hp_gain":0.0,"max_hp_loss":0.0,"gold_gain":50.0,"event_name":"Golden Shrine","player_choice":"Pray","floor":2.0,"gold_loss":0.0,"damage_taken":0.0},{"cards_removed":["Strike_B"],"damage_healed":0.0,"max_hp_gain":0.0,"max_hp_loss":0.0,"gold_gain":0.0,"event_name":"Purifier","player_choice":"Purged","floor":4.0,"gold_loss":0.0,"damage_taken":0.0},{"cards_removed":["FTL"],"damage_healed":38.0,"max_hp_gain":0.0,"max_hp_loss":0.0,"gold_gain":0.0,"event_name":"Bonfire Elementals","player_choice":"Offered Uncommon","floor":10.0,"gold_loss":0.0,"damage_taken":0.0},{"damage_healed":0.0,"max_hp_gain":0.0,"max_hp_loss":0.0,"gold_gain":0.0,"event_name":"The Mausoleum","player_choice":"Opened","floor":19.0,"gold_loss":0.0,"damage_taken":0.0,"relics_obtained":["Boot"],"cards_obtained":["Writhe"]},{"damage_healed":0.0,"max_hp_gain":0.0,"max_hp_loss":0.0,"gold_gain":0.0,"event_name":"Upgrade Shrine","player_choice":"Upgraded","floor":28.0,"gold_loss":0.0,"damage_taken":0.0,"cards_upgraded":["Leap"]},{"damage_healed":0.0,"max_hp_gain":0.0,"max_hp_loss":0.0,"gold_gain":0.0,"event_name":"Accursed Blacksmith","player_choice":"Forge","floor":36.0,"gold_loss":0.0,"damage_taken":0.0,"cards_upgraded":["Turbo"]},{"damage_healed":0.0,"max_hp_gain":0.0,"max_hp_loss":4.0,"gold_gain":0.0,"event_name":"Winding Halls","player_choice":"Max HP","floor":38.0,"gold_loss":0.0,"damage_taken":0.0},{"damage_healed":0.0,"max_hp_gain":0.0,"max_hp_loss":0.0,"gold_gain":0.0,"event_name":"Mysterious Sphere","player_choice":"Fight","floor":39.0,"gold_loss":0.0,"damage_taken":0.0}],"is_beta":false,"boss_relics":[{"not_picked":["FrozenCore","Fusion Hammer"],"picked":"Snecko Eye"},{"not_picked":["Velvet Choker","Calling Bell"],"picked":"Tiny House"}],"items_purged_floors":[],"is_endless":false,"potions_floor_spawned":[3,5,8,11,16,18,22,30,31,35,37,39],"killed_by":"Reptomancer","ascension_level":20}