{"path_per_floor":["M","M","M","M","$","R","?","R","T","E","M","M","R","?","R","B",null,"M","?","M","M","?","R","M","R","T","R","M","$","R","M","R","B",null,"M","?","$","M","M","R","E","R","T","M","T","?","?"],"character_chosen":"IRONCLAD","items_purchased":["Bag of Marbles","Barricade","Double Tap"],"gold_per_floor":[109,119,130,145,1,1,1,1,1,29,44,59,59,59,59,164,164,183,183,199,213,213,213,223,223,223,223,235,3,3,14,14,116,116,134,134,65,82,99,99,127,127,127,139,192,192,192,192],"floor_reached":48,"campfire_rested":4,"playtime":1691,"current_hp_per_floor":[59,52,54,43,43,43,27,51,51,47,48,49,73,73,73,50,73,67,67,55,52,52,52,51,51,51,80,75,75,75,74,74,27,67,69,69,69,60,42,80,80,80,80,79,79,79,79,0],"items_purged":["Strike_R"],"gold":192,"score":691,"play_id":"2c751127-4d9e-4240-9572-3b431818616b","local_time":"20180406014552","is_prod":false,"is_daily":false,"is_ascension_mode":true,"campfire_upgraded":7,"timestamp":1522993552,"path_taken":["M","M","M","M","$","R","?","R","T","E","M","M","R","?","R","BOSS","M","?","M","?","?","R","?","R","T","R","M","?","R","M","R","BOSS","M","?","?","?","M","R","E","R","T","M","?","?","?","E"],"build_version":"2018-04-05","purchased_purges":1,"victory":false,"master_deck":["Strike_R+1","Strike_R+1","Defend_R","Defend_R","Defend_R","Defend_R","Bash","Bloodletting+1","Armaments+1","Battle Trance","Hemokinesis+1","Ghostly Armor+1","Offering+1","Thunderclap+1","Body Slam+1","Ghostly Armor","Writhe","Barricade+1","Impervious+1","Double Tap","Doubt","Parasite"],"max_hp_per_floor":[80,80,80,80,80,80,80,80,80,80,80,80,80,80,80,80,80,80,80,80,80,80,80,80,80,80,80,80,80,80,80,80,80,80,80,80,80,80,80,80,80,80,80,80,80,80,80,80],"relics":["Burning Blood","Bag of Preparation","Bag of Marbles","Gambling Chip","Bird Faced Urn","Cursed Key","Regal Pillow","Mark of Pain","Question Card","Girya","Oddly Smooth Stone"],"card_choices":[{"not_picked":["Headbutt","Sword Boomerang"],"picked":"Bloodletting","floor":1},{"not_picked":["Sword Boomerang","Body Slam"],"picked":"Armaments","floor":2},{"not_picked":["Reckless Charge","Havoc"],"picked":"Battle Trance","floor":3},{"not_picked":["Shrug It Off","Sentinel"],"picked":"Hemokinesis","floor":4},{"not_picked":["Second Wind","Clash"],"picked":"Ghostly Armor","floor":10},{"not_picked":["Juggernaut","Impervious"],"picked":"Offering","floor":16},{"not_picked":["Headbutt","Uppercut"],"picked":"Thunderclap","floor":20},{"not_picked":["Rupture","Warcry"],"picked":"Body Slam","floor":21},{"not_picked":["Evolve","Pommel Strike"],"picked":"Ghostly Armor","floor":24},{"not_picked":["Exhume","Feed"],"picked":"Impervious","floor":33}],"player_experience":315518,"potions_floor_usage":[48,48],"damage_taken":[{"damage":19,"enemies":"Jaw Worm","floor":1,"turns":3},{"damage":13,"enemies":"Small Slimes","floor":2,"turns":3},{"damage":4,"enemies":"Cultist","floor":3,"turns":3},{"damage":17,"enemies":"Looter","floor":4,"turns":4},{"damage":10,"enemies":"Gremlin Nob","floor":10,"turns":3},{"damage":5,"enemies":"Red Slaver","floor":11,"turns":1},{"damage":5,"enemies":"3 Louse","floor":12,"turns":3},{"damage":29,"enemies":"The Guardian","floor":16,"turns":13},{"damage":12,"enemies":"Spheric Guardian","floor":18,"turns":3},{"damage":18,"enemies":"3 Byrds","floor":20,"turns":5},{"damage":9,"enemies":"Snecko","floor":21,"turns":3},{"damage":7,"enemies":"Snake Plant","floor":24,"turns":2},{"damage":11,"enemies":"Cultist and Chosen","floor":28,"turns":2},{"damage":9,"enemies":"3 Cultists","floor":31,"turns":3},{"damage":55,"enemies":"Automaton","floor":33,"turns":10},{"damage":6,"enemies":"3 Darklings","floor":35,"turns":5},{"damage":17,"enemies":"Orb Walker","floor":38,"turns":3},{"damage":26,"enemies":"3 Darklings","floor":39,"turns":6},{"damage":4,"enemies":"Nemesis","floor":41,"turns":5},{"damage":7,"enemies":"Sphere and 2 Shapes","floor":44,"turns":4},{"damage":85,"enemies":"2 Orb Walkers","floor":48,"turns":6}],"event_choices":[{"event_name":"Shining Light","player_choice":"Entered Light","floor":7,"damage_taken":0},{"event_name":"Bonfire Elementals","player_choice":"BASIC","floor":14,"damage_taken":0},{"event_name":"Back to Basics","player_choice":"Elegance","floor":19,"damage_taken":0},{"event_name":"Vampires","player_choice":"Ignored","floor":22,"damage_taken":0},{"event_name":"SecretPortal","player_choice":"Rejected Portal.","floor":36,"damage_taken":0},{"event_name":"SensoryStone","player_choice":"Memory 1","floor":46,"damage_taken":0},{"event_name":"Accursed Blacksmith","player_choice":"Ignore","floor":47,"damage_taken":0}],"boss_relics":[{"not_picked":["Runic Dome","Snecko Eye"],"picked":"Cursed Key"},{"not_picked":["Tiny House","Astrolabe"],"picked":"Mark of Pain"}],"potions_floor_spawned":[3,11,16,20,24,28,31,38,44],"seed_played":"8082243082233105188","killed_by":"2 Orb Walkers","ascension_level":7,"is_trial":false}