{"path_per_floor":["M","?","$","M","M","R","?","E","T","$","R","E","M","M","R","B",null,"M","$","M","?","M","R"],"character_chosen":"IRONCLAD","items_purchased":["Madness","Fiend Fire","Madness"],"gold_per_floor":[119,183,79,98,115,115,115,150,150,5,5,32,47,59,59,155,155,167,64,75,75,86,86,86],"floor_reached":24,"campfire_rested":1,"playtime":648,"current_hp_per_floor":[67,67,67,68,72,72,58,28,28,28,28,26,32,38,59,20,72,51,51,57,57,22,22,0],"items_purged":[],"gold":86,"score":206,"play_id":"4e4cfc5f-4a1c-4822-90e7-03049bde5faa","local_time":"20180408131906","is_prod":false,"is_daily":false,"is_ascension_mode":false,"campfire_upgraded":3,"timestamp":1523207946,"path_taken":["M","?","$","M","M","R","?","E","T","$","R","E","M","?","R","BOSS","M","$","M","?","M","R","E"],"build_version":"2018-04-05v2","purchased_purges":0,"victory":false,"master_deck":["Strike_R","Strike_R","Strike_R+1","Strike_R","Strike_R+1","Defend_R","Defend_R","Defend_R","Defend_R","Bash+1","Searing Blow+3","Madness","Ghostly Armor","Evolve","Sentinel","Fiend Fire+1","Disarm","Warcry","Warcry","Offering","Madness","Perfected Strike+1","Seeing Red"],"max_hp_per_floor":[72,72,72,72,72,72,72,72,72,72,72,72,72,72,72,72,72,72,72,72,72,72,72,72],"relics":["Burning Blood","Charon\u0027s Ashes","Whetstone","Anchor","Lantern","Mark of Pain"],"card_choices":[{"not_picked":["Fire Breathing","Clothesline"],"picked":"Searing Blow","floor":1},{"not_picked":["Shrug It Off","Anger"],"picked":"Ghostly Armor","floor":4},{"not_picked":["Searing Blow","Pommel Strike"],"picked":"Evolve","floor":5},{"not_picked":["Fire Breathing","Corruption"],"picked":"Sentinel","floor":8},{"not_picked":["Pummel","Searing Blow"],"picked":"Disarm","floor":12},{"not_picked":["Clothesline","Shrug It Off"],"picked":"Warcry","floor":13},{"not_picked":["Brutality","Metallicize"],"picked":"Warcry","floor":14},{"not_picked":["Immolate","Feed"],"picked":"Offering","floor":16},{"not_picked":["Shrug It Off","Dropkick"],"picked":"Perfected Strike","floor":20},{"not_picked":["Headbutt","Iron Wave"],"picked":"Seeing Red","floor":22}],"player_experience":332485,"potions_floor_usage":[13,16,24],"damage_taken":[{"damage":11,"enemies":"Jaw Worm","floor":1,"turns":2},{"damage":5,"enemies":"Small Slimes","floor":4,"turns":4},{"damage":0,"enemies":"2 Louse","floor":5,"turns":2},{"damage":36,"enemies":"Lagavulin","floor":8,"turns":5},{"damage":8,"enemies":"3 Sentries","floor":12,"turns":4},{"damage":0,"enemies":"Blue Slaver","floor":13,"turns":1},{"damage":0,"enemies":"3 Louse","floor":14,"turns":3},{"damage":45,"enemies":"The Guardian","floor":16,"turns":11},{"damage":27,"enemies":"Shell Parasite","floor":18,"turns":4},{"damage":0,"enemies":"Spheric Guardian","floor":20,"turns":2},{"damage":41,"enemies":"Cultist and Chosen","floor":22,"turns":6},{"damage":22,"enemies":"Book of Stabbing","floor":24,"turns":2}],"event_choices":[{"event_name":"Golden Wing","player_choice":"Gained Gold","floor":2,"damage_taken":0},{"event_name":"Shining Light","player_choice":"Entered Light","floor":7,"damage_taken":0},{"event_name":"Ghosts","player_choice":"Ignored","floor":21,"damage_taken":0}],"boss_relics":[{"not_picked":["White Beast Statue","Runic Dome"],"picked":"Mark of Pain"}],"potions_floor_spawned":[1,5,12,13,14,16],"seed_played":"4060224813463034914","killed_by":"Book of Stabbing","ascension_level":0,"is_trial":false}