{"path_per_floor":["M","?","$","M","M","R","M","R","T","R","M","M","$","M","R","B",null,"M","$","M","?","?","R","$","R","T","M","T","?"],"character_chosen":"DEFECT","items_purchased":["Capacitor","Conserve Battery","Axe Kick","Leap"],"gold_per_floor":[115,65,42,62,74,74,94,94,120,120,134,145,73,92,92,191,191,211,188,174,174,174,174,54,54,54,64,88,88,88],"floor_reached":30,"campfire_rested":1,"playtime":848,"current_hp_per_floor":[73,73,73,73,75,75,75,75,75,75,75,75,75,72,72,73,75,49,49,19,19,19,19,19,41,41,14,14,14,0],"items_purged":["Strike_B"],"gold":88,"score":220,"play_id":"6c7d75fb-85b8-4887-9341-a4c811551eb9","local_time":"20180509201341","is_prod":false,"is_daily":false,"chose_seed":false,"is_ascension_mode":false,"campfire_upgraded":5,"timestamp":1525911221,"path_taken":["M","?","$","M","M","R","M","R","T","R","M","M","$","M","R","BOSS","M","$","M","?","?","R","$","R","T","M","?","?","M"],"build_version":"2018-05-08","seed_source_timestamp":686896292979420,"purchased_purges":1,"victory":false,"master_deck":["Defend_B","Defend_B","Defend_B","Defend_B","Zap+1","Dualcast","Reinforced Body","White Noise+1","Capacitor+1","Self Repair","Rebound","Chaos+1","Tempest","Double Energy","Conserve Battery","Barrage+1","Fission","FTL+1","Axe Kick","Turbo","Leap","Auto Shields"],"max_hp_per_floor":[75,75,75,75,75,75,75,75,75,75,75,75,75,75,75,75,75,75,75,75,75,75,75,75,75,75,75,75,75,75],"relics":["Cracked Core","Art of War","Nuclear Battery","Toolbox","Happy Flower"],"card_choices":[{"not_picked":["Rebound","Stack"],"picked":"White Noise","floor":1},{"not_picked":["Beam Cell","Go for the Eyes"],"picked":"Self Repair","floor":4},{"not_picked":["Skim","Sweeping Beam"],"picked":"Rebound","floor":5},{"not_picked":["Reinforced Body","Turbo"],"picked":"Chaos","floor":7},{"not_picked":["Leap","Rebound"],"picked":"Tempest","floor":11},{"not_picked":["Streamline","Redo"],"picked":"Double Energy","floor":12},{"not_picked":["Turbo","Double Energy"],"picked":"Barrage","floor":14},{"not_picked":["Rainbow","Hyperbeam"],"picked":"Fission","floor":16},{"not_picked":["Undo","Aggregate"],"picked":"FTL","floor":18},{"not_picked":["Leap","Hello World"],"picked":"Turbo","floor":20},{"not_picked":["Rebound","Sweeping Beam"],"picked":"Auto Shields","floor":27}],"player_experience":439080,"potions_floor_usage":[27,27,30],"damage_taken":[{"damage":2,"enemies":"Small Slimes","floor":1,"turns":3},{"damage":0,"enemies":"2 Louse","floor":4,"turns":3},{"damage":3,"enemies":"Cultist","floor":5,"turns":4},{"damage":0,"enemies":"Looter","floor":7,"turns":5},{"damage":0,"enemies":"Large Slime","floor":11,"turns":5},{"damage":7,"enemies":"Exordium Wildlife","floor":12,"turns":5},{"damage":10,"enemies":"Looter","floor":14,"turns":3},{"damage":6,"enemies":"Slime Boss","floor":16,"turns":7},{"damage":33,"enemies":"Spheric Guardian","floor":18,"turns":5},{"damage":37,"enemies":"2 Thieves","floor":20,"turns":4},{"damage":37,"enemies":"Sentry and Sphere","floor":27,"turns":6},{"damage":19,"enemies":"Centurion and Healer","floor":30,"turns":4}],"event_choices":[{"event_name":"The Cleric","player_choice":"Card Removal","floor":2,"damage_taken":0},{"event_name":"N\u0027loth","player_choice":"Ignored","floor":21,"damage_taken":0},{"event_name":"Back to Basics","player_choice":"Elegance","floor":22,"damage_taken":0},{"event_name":"Vampires","player_choice":"Ignored","floor":29,"damage_taken":0}],"boss_relics":[{"not_picked":["Calling Bell","Orrery"],"picked":"Nuclear Battery"}],"potions_floor_spawned":[4,11,12,16,18],"seed_played":"7078122637105753289","killed_by":"Centurion and Healer","ascension_level":0,"is_trial":false}