{"gold_per_floor":[116,66,85,85,104,104,130,130,207,235,235,235],"floor_reached":12,"playtime":479,"items_purged":[],"score":86,"play_id":"71a9f188-7d2d-479e-84d5-5655205d04fd","local_time":"20190913003823","is_ascension_mode":false,"campfire_choices":[{"data":"Vengeance","floor":6,"key":"SMITH"},{"floor":8,"key":"REST"}],"neow_cost":"NONE","seed_source_timestamp":125983911858100,"circlet_count":0,"master_deck":["Strike_P","Strike_P","Strike_P","Strike_P","Defend_P","Defend_P","Defend_P","Eruption","Vigilance","CutThroughFate","Vengeance+1","EmptyBody"],"relics":["PureWater","InkBottle","Lantern","Happy Flower","Molten Egg 2","Regal Pillow","NlothsMask"],"potions_floor_usage":[7,10],"damage_taken":[{"damage":1,"enemies":"2 Louse","floor":1,"turns":2},{"damage":6,"enemies":"Jaw Worm","floor":3,"turns":2},{"damage":0,"enemies":"Small Slimes","floor":5,"turns":2},{"damage":26,"enemies":"Gremlin Nob","floor":7,"turns":4},{"damage":11,"enemies":"Lagavulin","floor":10,"turns":6},{"damage":29,"enemies":"3 Sentries","floor":12,"turns":5}],"seed_played":"8009149693025643869","potions_obtained":[{"floor":3,"key":"SkillPotion"},{"floor":7,"key":"AttackPotion"}],"is_trial":false,"path_per_floor":["M","?","M","?","M","R","E","R","T","E","?","E"],"character_chosen":"WATCHER","items_purchased":[],"campfire_rested":1,"item_purchase_floors":[],"current_hp_per_floor":[64,64,58,46,46,46,20,39,39,28,28,0],"gold":235,"neow_bonus":"RANDOM_COMMON_RELIC","is_prod":false,"is_daily":false,"chose_seed":false,"campfire_upgraded":1,"win_rate":0,"timestamp":1568349503,"path_taken":["M","?","M","?","M","R","E","R","T","E","?","E"],"build_version":"2019-09-11v2","purchased_purges":0,"victory":false,"max_hp_per_floor":[65,65,65,65,65,65,65,65,65,65,65,65],"card_choices":[{"not_picked":["BowlingBash","Perseverance"],"picked":"CutThroughFate","floor":1},{"not_picked":["Collect","Adaptation","JustLucky"],"picked":"SKIP","floor":3},{"not_picked":["SpiritShield","ClearTheMind"],"picked":"Vengeance","floor":5},{"not_picked":["ClearTheMind","Prostrate"],"picked":"EmptyBody","floor":7},{"not_picked":["ClearTheMind","Perseverance","EmptyBody"],"picked":"SKIP","floor":10}],"player_experience":1010130,"relics_obtained":[{"floor":7,"key":"Happy Flower"},{"floor":9,"key":"Molten Egg 2"},{"floor":10,"key":"Regal Pillow"}],"event_choices":[{"cards_removed":["Defend_P"],"damage_healed":0,"gold_gain":0,"player_choice":"Card Removal","damage_taken":0,"max_hp_gain":0,"max_hp_loss":0,"event_name":"The Cleric","floor":2,"gold_loss":50},{"damage_healed":0,"gold_gain":0,"player_choice":"Success","damage_taken":12,"relics_obtained":["Lantern"],"max_hp_gain":0,"max_hp_loss":0,"event_name":"Scrap Ooze","floor":4,"gold_loss":0},{"damage_healed":0,"gold_gain":0,"player_choice":"Trade","damage_taken":0,"relics_obtained":["NlothsMask"],"max_hp_gain":0,"max_hp_loss":0,"event_name":"FaceTrader","floor":11,"gold_loss":0}],"is_beta":true,"boss_relics":[],"items_purged_floors":[],"is_endless":false,"potions_floor_spawned":[3,7],"killed_by":"3 Sentries","ascension_level":0}