{"gold_per_floor":[115,115,115,115,115,115,148,158,184,195,195,555,636,651,651,722,722,733,733,747,747,404,404,438,452,452,452,472,488,413,48,48,122,122,138,1137,152,152,162,162,208,208,208,208,220,220,231,231,231,231],"floor_reached":51,"playtime":1838,"items_purged":["Normality"],"score":1302,"play_id":"e576626a-03d5-422a-9618-5f5d70e2764d","local_time":"20190916023744","is_ascension_mode":true,"campfire_choices":[{"floor":6.0,"key":"REST"},{"floor":11.0,"key":"REST"},{"floor":15.0,"key":"REST"},{"floor":23.0,"key":"REST"},{"floor":27.0,"key":"REST"},{"floor":32.0,"key":"REST"},{"floor":40.0,"key":"REST"},{"data":"After Image","floor":42.0,"key":"SMITH"},{"data":"Footwork","floor":44.0,"key":"SMITH"},{"data":"Wraith Form v2","floor":46.0,"key":"SMITH"},{"floor":49.0,"key":"REST"}],"neow_cost":"NONE","seed_source_timestamp":130960511256700,"circlet_count":0,"master_deck":["AscendersBane","Strike_G","Strike_G","Defend_G","Defend_G","Defend_G","Defend_G","Defend_G","Survivor","Neutralize+1","Caltrops","Corpse Explosion","Cloak And Dagger","Leg Sweep","Choke","Wraith Form v2+1","Dodge and Roll","RitualDagger","Distraction","Dodge and Roll","Footwork+1","Calculated Gamble","The Bomb","Finisher","Bouncing Flask","Terror","Night Terror","Catalyst","After Image+1","Dodge and Roll+1","Normality","Master of Strategy","Escape Plan","Deflect","Crippling Poison+1","Deadly Poison+1","Backflip+1"],"special_seed":0,"relics":["Ring of the Snake","Mercury Hourglass","Toy Ornithopter","Strawberry","Old Coin","Paper Crane","Philosopher\u0027s Stone","Boot","Bottled Flame","Juzu Bracelet","SacredBark","Mummified Hand","HornCleat","Art of War","Lantern"],"potions_floor_usage":[],"damage_taken":[{"damage":8.0,"enemies":"Small Slimes","floor":1.0,"turns":5.0},{"damage":32.0,"enemies":"Gremlin Nob","floor":7.0,"turns":4.0},{"damage":0.0,"enemies":"Jaw Worm","floor":8.0,"turns":4.0},{"damage":1.0,"enemies":"2 Louse","floor":10.0,"turns":2.0},{"damage":13.0,"enemies":"3 Sentries","floor":12.0,"turns":3.0},{"damage":0.0,"enemies":"Looter","floor":14.0,"turns":4.0},{"damage":28.0,"enemies":"Hexaghost","floor":16.0,"turns":11.0},{"damage":19.0,"enemies":"Spheric Guardian","floor":18.0,"turns":7.0},{"damage":15.0,"enemies":"Chosen","floor":20.0,"turns":6.0},{"damage":2.0,"enemies":"Book of Stabbing","floor":24.0,"turns":8.0},{"damage":27.0,"enemies":"Shelled Parasite and Fungi","floor":25.0,"turns":4.0},{"damage":3.0,"enemies":"Snake Plant","floor":28.0,"turns":3.0},{"damage":42.0,"enemies":"Centurion and Healer","floor":29.0,"turns":6.0},{"damage":23.0,"enemies":"Automaton","floor":33.0,"turns":12.0},{"damage":26.0,"enemies":"3 Darklings","floor":35.0,"turns":5.0},{"damage":1.0,"enemies":"3 Shapes","floor":39.0,"turns":5.0},{"damage":13.0,"enemies":"Sphere and 2 Shapes","floor":45.0,"turns":4.0},{"damage":10.0,"enemies":"Transient","floor":47.0,"turns":6.0},{"damage":62,"enemies":"Time Eater","floor":50,"turns":19}],"seed_played":"-8022749480073660677","potions_obtained":[{"floor":1.0,"key":"Energy Potion"},{"floor":7.0,"key":"EssenceOfSteel"},{"floor":18.0,"key":"Regen Potion"},{"floor":20.0,"key":"Weak Potion"},{"floor":24.0,"key":"SpeedPotion"},{"floor":33.0,"key":"SteroidPotion"},{"floor":45.0,"key":"Fruit Juice"}],"is_trial":false,"path_per_floor":["M","?","?","?","?","R","E","M","T","M","R","?","T","M","R","B",null,"M","?","M","?","$","R","E","M","T","R","M","M","?","$","R","B",null,"M","?","$","?","M","R","T","R","T","R","M","R","M","?","R","B",null],"character_chosen":"THE_SILENT","items_purchased":["Footwork","Calculated Gamble","The Bomb","Catalyst","Juzu Bracelet","Dexterity Potion","SteroidPotion","Mummified Hand","Master of Strategy","Escape Plan","Deflect","HornCleat"],"campfire_rested":8,"item_purchase_floors":[22,22,22,31,31,31,31,37,37,37,37,37],"current_hp_per_floor":[51,16,16,38,38,57,25,25,32,31,52,44,44,44,65,37,64,45,39,24,24,24,45,48,38,38,59,61,19,19,19,40,22,60,34,34,34,34,33,54,54,54,54,54,56,56,46,46,70,8],"gold":231,"neow_bonus":"UPGRADE_CARD","is_prod":false,"is_daily":false,"chose_seed":false,"campfire_upgraded":3,"win_rate":0,"timestamp":1568619464,"path_taken":["M","?","?","?","?","R","E","M","T","M","R","?","?","M","R","BOSS","M","?","M","?","$","R","E","M","T","R","M","?","?","?","R","BOSS","M","?","$","?","M","R","?","R","T","R","M","R","M","?","R","BOSS"],"build_version":"2019-09-12","purchased_purges":1,"victory":true,"max_hp_per_floor":[66,66,66,66,66,66,66,66,73,73,73,73,73,73,73,73,73,73,73,73,73,73,73,73,73,73,73,73,73,73,73,73,73,73,73,73,73,73,73,73,73,73,73,73,83,83,83,83,83,83],"card_choices":[{"not_picked":["Infinite Blades","Choke"],"picked":"Caltrops","floor":1.0},{"not_picked":["Choke","Sucker Punch"],"picked":"Cloak And Dagger","floor":7.0},{"not_picked":["Bane","Well Laid Plans","Setup"],"picked":"SKIP","floor":8.0},{"not_picked":["Outmaneuver","Predator","Accuracy"],"picked":"SKIP","floor":10.0},{"not_picked":["Outmaneuver","Predator","Accuracy"],"picked":"SKIP","floor":10.0},{"not_picked":["Backflip","Poisoned Stab"],"picked":"Leg Sweep","floor":12.0},{"not_picked":["Concentrate","Dagger Spray"],"picked":"Choke","floor":14.0},{"not_picked":["Unload","Corpse Explosion"],"picked":"Wraith Form v2","floor":16.0},{"not_picked":["Backstab+1","Leg Sweep"],"picked":"Dodge and Roll","floor":18.0},{"not_picked":["Outmaneuver","Bane"],"picked":"Distraction","floor":20.0},{"not_picked":["Slice","PiercingWail"],"picked":"Finisher","floor":24.0},{"not_picked":["Dodge and Roll","Quick Slash"],"picked":"Bouncing Flask","floor":25.0},{"not_picked":["Blade Dance","Dagger Throw"],"picked":"Terror","floor":28.0},{"not_picked":["Blade Dance","Predator"],"picked":"Night Terror","floor":29.0},{"not_picked":["Wraith Form v2","Die Die Die"],"picked":"After Image","floor":33.0},{"not_picked":["Dagger Spray+1","Sucker Punch"],"picked":"Dodge and Roll+1","floor":35.0},{"not_picked":["Deflect","Sucker Punch+1"],"picked":"Crippling Poison+1","floor":39.0},{"not_picked":["Predator","Sucker Punch+1"],"picked":"Deadly Poison+1","floor":45.0},{"not_picked":["Blade Dance","Dodge and Roll+1"],"picked":"Backflip+1","floor":47.0}],"player_experience":1352068,"relics_obtained":[{"floor":7.0,"key":"Toy Ornithopter"},{"floor":9.0,"key":"Strawberry"},{"floor":12.0,"key":"Old Coin"},{"floor":13.0,"key":"Paper Crane"},{"floor":24.0,"key":"Boot"},{"floor":26.0,"key":"Bottled Flame"},{"floor":41.0,"key":"Art of War"},{"floor":43.0,"key":"Lantern"}],"event_choices":[{"damage_healed":0.0,"max_hp_gain":0.0,"max_hp_loss":0.0,"gold_gain":0.0,"event_name":"Scrap Ooze","player_choice":"Success","floor":2.0,"gold_loss":0.0,"damage_taken":35.0,"relics_obtained":["Mercury Hourglass"]},{"damage_healed":0.0,"max_hp_gain":0.0,"max_hp_loss":0.0,"gold_gain":0.0,"event_name":"Shining Light","player_choice":"Ignored","floor":3.0,"gold_loss":0.0,"damage_taken":0.0},{"damage_healed":22.0,"max_hp_gain":0.0,"max_hp_loss":0.0,"gold_gain":0.0,"event_name":"Big Fish","player_choice":"Banana","floor":4.0,"gold_loss":0.0,"damage_taken":0.0},{"damage_healed":0.0,"max_hp_gain":0.0,"max_hp_loss":0.0,"gold_gain":0.0,"cards_transformed":["Strike_G"],"event_name":"Living Wall","player_choice":"Change","floor":5.0,"gold_loss":0.0,"damage_taken":0.0,"cards_obtained":["Corpse Explosion"]},{"damage_healed":0.0,"max_hp_gain":0.0,"max_hp_loss":0.0,"gold_gain":0.0,"event_name":"Dead Adventurer","player_choice":"Searched \u00272\u0027 times","floor":12.0,"gold_loss":0.0,"damage_taken":0.0},{"damage_healed":0.0,"max_hp_gain":0.0,"max_hp_loss":0.0,"gold_gain":0.0,"event_name":"Nest","player_choice":"Joined the Cult","floor":19.0,"gold_loss":0.0,"damage_taken":6.0,"cards_obtained":["RitualDagger"]},{"damage_healed":0.0,"max_hp_gain":0.0,"max_hp_loss":0.0,"gold_gain":0.0,"cards_transformed":["Strike_G"],"event_name":"Transmorgrifier","player_choice":"Transformed","floor":21.0,"gold_loss":0.0,"damage_taken":0.0,"cards_obtained":["Dodge and Roll"]},{"cards_removed":["Strike_G"],"damage_healed":0.0,"max_hp_gain":0.0,"max_hp_loss":0.0,"gold_gain":0.0,"event_name":"Beggar","player_choice":"Gave Gold","floor":30.0,"gold_loss":75.0,"damage_taken":0.0},{"damage_healed":0.0,"max_hp_gain":0.0,"max_hp_loss":0.0,"gold_gain":999.0,"event_name":"MindBloom","player_choice":"Gold","floor":36.0,"gold_loss":0.0,"damage_taken":0.0,"cards_obtained":["Normality","Normality"]},{"damage_healed":0.0,"max_hp_gain":0.0,"max_hp_loss":0.0,"gold_gain":0.0,"event_name":"Mysterious Sphere","player_choice":"Ignored","floor":38.0,"gold_loss":0.0,"damage_taken":0.0},{"damage_healed":0.0,"max_hp_gain":0.0,"max_hp_loss":0.0,"gold_gain":0.0,"event_name":"SensoryStone","player_choice":"Memory 1","floor":48.0,"gold_loss":0.0,"damage_taken":0.0}],"is_beta":true,"boss_relics":[{"not_picked":["Calling Bell","Sozu"],"picked":"Philosopher\u0027s Stone"},{"not_picked":["Tiny House","SlaversCollar"],"picked":"SacredBark"}],"items_purged_floors":[37],"is_endless":false,"potions_floor_spawned":[1,7,18,20,24,33,45],"ascension_level":17}