{"gold_per_floor":[109,123,123,123,48,48,63,77,104,104,118,18,18,41,41,171,171,189,204,217,217,316,316,339,339,339,339,339],"floor_reached":28,"playtime":1008,"items_purged":["Strike_B","Strike_B"],"score":242,"play_id":"3f0ed4db-b5bc-45e1-8d62-bc54fc79bfb8","local_time":"20181224000025","is_ascension_mode":true,"campfire_choices":[{"data":"Dualcast","floor":6,"key":"SMITH"},{"data":"Self Repair","floor":10,"key":"SMITH"},{"data":"Defragment","floor":15,"key":"SMITH"},{"data":"Reboot","floor":23,"key":"SMITH"},{"data":"Glacier","floor":25,"key":"SMITH"},{"data":"Leap","floor":27,"key":"SMITH"}],"neow_cost":"NONE","seed_source_timestamp":281093231102899,"circlet_count":0,"master_deck":["Strike_B","Defend_B","Defend_B","Defend_B","Defend_B","Zap+1","Dualcast+1","Leap","Self Repair+1","Leap+1","Glacier+1","Defragment+1","Reboot+1","Reinforced Body+1"],"relics":["Cracked Core","Golden Idol","DataDisk","Smiling Mask","Coffee Dripper","Unceasing Top"],"potions_floor_usage":[19,24,28],"damage_taken":[{"damage":6,"enemies":"2 Louse","floor":1,"turns":3},{"damage":0,"enemies":"Cultist","floor":2,"turns":3},{"damage":3,"enemies":"Small Slimes","floor":7,"turns":3},{"damage":6,"enemies":"Exordium Wildlife","floor":8,"turns":4},{"damage":0,"enemies":"3 Louse","floor":11,"turns":3},{"damage":0,"enemies":"Blue Slaver","floor":14,"turns":5},{"damage":11,"enemies":"The Guardian","floor":16,"turns":18},{"damage":8,"enemies":"3 Byrds","floor":18,"turns":7},{"damage":5,"enemies":"Chosen","floor":19,"turns":7},{"damage":8,"enemies":"Shelled Parasite and Fungi","floor":20,"turns":15},{"damage":5,"enemies":"Colosseum Slavers","floor":21,"turns":9},{"damage":0,"enemies":"Centurion and Healer","floor":24,"turns":7},{"damage":102,"enemies":"Cultist and Chosen","floor":28,"turns":8}],"seed_played":"6487162478270821917","potions_obtained":[{"floor":2,"key":"Regen Potion"},{"floor":8,"key":"Poison Potion"},{"floor":11,"key":"Explosive Potion"}],"is_trial":false,"path_per_floor":["M","M","?","?","$","R","M","M","T","R","M","$","?","M","R","B",null,"M","M","M","?","?","R","M","R","T","R","M"],"character_chosen":"DEFECT","items_purchased":[],"campfire_rested":0,"item_purchase_floors":[],"current_hp_per_floor":[69,69,69,69,69,69,69,69,69,69,69,69,66,69,69,68,69,69,69,69,69,69,69,69,69,69,69,0],"gold":339,"neow_bonus":"UPGRADE_CARD","is_prod":false,"is_daily":false,"chose_seed":false,"campfire_upgraded":6,"win_rate":0,"timestamp":1545606025,"path_taken":["M","M","?","?","$","R","?","M","T","R","M","$","?","M","R","BOSS","M","M","M","?","?","R","M","R","T","R","M"],"build_version":"2018-12-20","purchased_purges":2,"victory":false,"max_hp_per_floor":[75,75,69,69,69,69,69,69,69,69,69,69,69,69,69,69,69,69,69,69,69,69,69,69,69,69,69,69],"card_choices":[{"not_picked":["Hologram","Chaos"],"picked":"Leap","floor":1},{"not_picked":["Gash","Cold Snap"],"picked":"Self Repair","floor":2},{"not_picked":["Beam Cell","Go for the Eyes"],"picked":"Leap","floor":7},{"not_picked":["Redo","Rip and Tear","Turbo"],"picked":"SKIP","floor":8},{"not_picked":["Doom and Gloom","Hello World"],"picked":"Glacier","floor":11},{"not_picked":["Turbo","Steam"],"picked":"Defragment","floor":14},{"not_picked":["Hyperbeam","Rainbow"],"picked":"Reboot","floor":16},{"not_picked":["Ball Lightning","Hologram+1"],"picked":"Reinforced Body+1","floor":18},{"not_picked":["Beam Cell","Gash","Conserve Battery"],"picked":"SKIP","floor":19},{"not_picked":["Conserve Battery","Blizzard+1","Sweeping Beam+1"],"picked":"SKIP","floor":20},{"not_picked":["Rip and Tear+1","Compile Driver","Go for the Eyes"],"picked":"SKIP","floor":24}],"player_experience":329827,"relics_obtained":[{"floor":9,"key":"DataDisk"},{"floor":26,"key":"Unceasing Top"}],"event_choices":[{"damage_healed":0,"gold_gain":0,"player_choice":"Lose Max HP","damage_taken":0,"relics_obtained":["Golden Idol"],"max_hp_gain":0,"max_hp_loss":6,"event_name":"Golden Idol","floor":3,"gold_loss":0},{"cards_removed":["Strike_B"],"damage_healed":0,"gold_gain":0,"player_choice":"Purged","damage_taken":0,"max_hp_gain":0,"max_hp_loss":0,"event_name":"Purifier","floor":4,"gold_loss":0},{"damage_healed":0,"gold_gain":0,"player_choice":"Success","damage_taken":3,"relics_obtained":["Smiling Mask"],"max_hp_gain":0,"max_hp_loss":0,"event_name":"Scrap Ooze","floor":13,"gold_loss":0},{"damage_healed":0,"gold_gain":0,"player_choice":"Fight","damage_taken":0,"max_hp_gain":0,"max_hp_loss":0,"event_name":"Colosseum","floor":21,"gold_loss":0},{"damage_healed":0,"gold_gain":0,"player_choice":"Fled From Nobs","damage_taken":0,"max_hp_gain":0,"max_hp_loss":0,"event_name":"Colosseum","floor":21,"gold_loss":0},{"damage_healed":0,"gold_gain":99,"player_choice":"Stole From Cult","damage_taken":0,"max_hp_gain":0,"max_hp_loss":0,"event_name":"Nest","floor":22,"gold_loss":0}],"is_beta":false,"boss_relics":[{"not_picked":["Snecko Eye","Fusion Hammer"],"picked":"Coffee Dripper"}],"items_purged_floors":[5,12],"is_endless":false,"potions_floor_spawned":[2,8,11,18,21],"killed_by":"Cultist and Chosen","ascension_level":3}