{"gold_per_floor":[219,219,219,235,246,246,246,246,246,261,55,387,397,415,415,415],"floor_reached":16,"playtime":421,"items_purged":[],"score":199,"play_id":"422af3f3-eabd-4790-8606-895c883113e6","local_time":"20190917011704","is_ascension_mode":true,"campfire_choices":[{"data":"Neutralize","floor":6.0,"key":"SMITH"},{"data":"Riddle With Holes","floor":8.0,"key":"SMITH"},{"floor":15.0,"key":"REST"}],"neow_cost":"NONE","seed_source_timestamp":214689560789900,"circlet_count":0,"master_deck":["AscendersBane","Strike_G","Strike_G","Strike_G","Strike_G","Strike_G","Defend_G","Defend_G","Defend_G","Defend_G","Defend_G","Survivor","Neutralize+1","Dagger Spray","Quick Slash","Riddle With Holes+1","Wraith Form v2","Escape Plan","Leg Sweep","Cloak And Dagger","Backflip"],"special_seed":0,"relics":["Ring of the Snake","CultistMask","Ancient Tea Set","Bronze Scales","Old Coin"],"potions_floor_usage":[16],"damage_taken":[{"damage":3.0,"enemies":"2 Louse","floor":1.0,"turns":3.0},{"damage":0.0,"enemies":"Cultist","floor":4.0,"turns":3.0},{"damage":2.0,"enemies":"Jaw Worm","floor":5.0,"turns":5.0},{"damage":21.0,"enemies":"Red Slaver","floor":10.0,"turns":5.0},{"damage":8.0,"enemies":"Gremlin Nob","floor":12.0,"turns":5.0},{"damage":11.0,"enemies":"Lots of Slimes","floor":13.0,"turns":3.0},{"damage":3.0,"enemies":"Looter","floor":14.0,"turns":3.0},{"damage":40,"enemies":"Hexaghost","floor":16,"turns":13}],"seed_played":"8540821818867639802","potions_obtained":[{"floor":4.0,"key":"Poison Potion"},{"floor":14.0,"key":"DuplicationPotion"}],"is_trial":false,"path_per_floor":["M","$","?","M","M","R","?","R","T","M","$","E","M","M","R","B"],"character_chosen":"THE_SILENT","items_purchased":["Escape Plan","Bronze Scales"],"campfire_rested":1,"item_purchase_floors":[11,11],"current_hp_per_floor":[56,56,66,66,64,64,64,64,64,43,43,35,24,21,40,0],"gold":415,"neow_bonus":"HUNDRED_GOLD","is_prod":false,"is_daily":false,"chose_seed":false,"campfire_upgraded":2,"win_rate":0,"timestamp":1568701024,"path_taken":["M","$","?","?","M","R","?","R","T","M","$","E","?","M","R","BOSS"],"build_version":"2019-09-12","purchased_purges":0,"victory":false,"max_hp_per_floor":[66,66,66,66,66,66,66,66,66,66,66,66,66,66,66,66],"card_choices":[{"not_picked":["Quick Slash","Reflex"],"picked":"Dagger Spray","floor":1.0},{"not_picked":["Escape Plan","Acrobatics"],"picked":"Quick Slash","floor":4.0},{"not_picked":["Dodge and Roll","Endless Agony"],"picked":"Riddle With Holes","floor":5.0},{"not_picked":["Sucker Punch","Blade Dance"],"picked":"Wraith Form v2","floor":10.0},{"not_picked":["Dagger Throw","Concentrate"],"picked":"Leg Sweep","floor":12.0},{"not_picked":["Acrobatics","Dagger Throw"],"picked":"Cloak And Dagger","floor":13.0},{"not_picked":["Sucker Punch","Distraction"],"picked":"Backflip","floor":14.0}],"player_experience":1362197,"relics_obtained":[{"floor":9.0,"key":"Ancient Tea Set"},{"floor":12.0,"key":"Old Coin"}],"event_choices":[{"damage_healed":10.0,"max_hp_gain":0.0,"max_hp_loss":0.0,"gold_gain":0.0,"event_name":"Wheel of Change","player_choice":"Full Heal","floor":3.0,"gold_loss":0.0,"damage_taken":0.0},{"damage_healed":0.0,"max_hp_gain":0.0,"max_hp_loss":0.0,"gold_gain":0.0,"event_name":"FaceTrader","player_choice":"Trade","floor":7.0,"gold_loss":0.0,"damage_taken":0.0,"relics_obtained":["CultistMask"]}],"is_beta":true,"boss_relics":[],"items_purged_floors":[],"is_endless":false,"potions_floor_spawned":[4,14],"killed_by":"Hexaghost","ascension_level":19}