{"path_per_floor":["M","M","?","M","$","E","M","R","T","R","E","?","E","?","R","B",null,"M","M","M","$","M"],"character_chosen":"IRONCLAD","items_purchased":["Battle Trance","Inflame","Apotheosis","Red Skull","Madness"],"gold_per_floor":[119,132,132,146,38,82,102,102,129,129,163,238,274,334,334,462,462,485,499,514,53,78,78],"floor_reached":23,"campfire_rested":2,"playtime":1689,"current_hp_per_floor":[80,80,60,60,60,31,23,23,23,47,38,27,20,20,44,47,80,75,54,45,45,33,0],"items_purged":[],"gold":78,"score":313,"play_id":"a4b1aa3a-bf16-4d83-b432-95d827a62fa6","local_time":"20180411210222","is_prod":false,"is_daily":false,"is_ascension_mode":true,"campfire_upgraded":1,"timestamp":1523505742,"path_taken":["M","?","?","?","$","E","M","R","T","R","E","?","E","?","R","BOSS","M","M","M","$","M","E"],"build_version":"2018-04-05v2","purchased_purges":0,"victory":false,"master_deck":["Strike_R","Strike_R","Strike_R","Strike_R","Strike_R","Defend_R","Defend_R","Defend_R","Bash","Sentinel","Combust","Inflame","Battle Trance","Inflame","Heavy Blade+1","Sword Boomerang","Anger","Shrug It Off","Demon Form+1","Rage","Havoc+1","Iron Wave+1","Apotheosis","Madness","Clash"],"max_hp_per_floor":[80,80,80,80,80,80,80,80,80,80,80,80,80,80,80,80,80,80,80,80,80,80,80],"relics":["Burning Blood","Golden Idol","Frozen Egg 2","Happy Flower","The Courier","Lantern","Eternal Feather","Red Skull"],"card_choices":[{"not_picked":["Sword Boomerang","Clash"],"picked":"Sentinel","floor":1},{"not_picked":["True Grit","Searing Blow"],"picked":"Combust","floor":2},{"not_picked":["Bloodletting","Shockwave"],"picked":"Inflame","floor":4},{"not_picked":["Brutality","Dropkick"],"picked":"Heavy Blade","floor":6},{"not_picked":["True Grit","Pommel Strike"],"picked":"Sword Boomerang","floor":7},{"not_picked":["Entrench","Havoc"],"picked":"Anger","floor":11},{"not_picked":["Clothesline","Warcry"],"picked":"Shrug It Off","floor":13},{"not_picked":["Reaper","Bludgeon"],"picked":"Demon Form","floor":16},{"not_picked":["Intimidate","Havoc"],"picked":"Rage","floor":18},{"not_picked":["Cleave","Hemokinesis"],"picked":"Havoc","floor":19},{"not_picked":["Intimidate","Shrug It Off"],"picked":"Iron Wave","floor":20},{"not_picked":["Second Wind","Shrug It Off"],"picked":"Clash","floor":22}],"player_experience":221935,"potions_floor_usage":[11,18,20,22,22,22],"damage_taken":[{"damage":6,"enemies":"Cultist","floor":1,"turns":4},{"damage":4,"enemies":"2 Louse","floor":2,"turns":3},{"damage":6,"enemies":"Jaw Worm","floor":4,"turns":5},{"damage":35,"enemies":"Gremlin Nob","floor":6,"turns":4},{"damage":14,"enemies":"Blue Slaver","floor":7,"turns":4},{"damage":15,"enemies":"Lagavulin","floor":11,"turns":5},{"damage":13,"enemies":"3 Sentries","floor":13,"turns":4},{"damage":3,"enemies":"Slime Boss","floor":16,"turns":5},{"damage":11,"enemies":"3 Byrds","floor":18,"turns":5},{"damage":27,"enemies":"Shell Parasite","floor":19,"turns":4},{"damage":15,"enemies":"Snake Plant","floor":20,"turns":4},{"damage":18,"enemies":"Slaver and Parasite","floor":22,"turns":4},{"damage":39,"enemies":"Book of Stabbing","floor":23,"turns":3}],"event_choices":[{"event_name":"Golden Idol","player_choice":"Take Damage","floor":3,"damage_taken":0},{"event_name":"World of Goop","player_choice":"Gather Gold","floor":12,"damage_taken":0},{"event_name":"Golden Wing","player_choice":"Gained Gold","floor":14,"damage_taken":0}],"boss_relics":[{"not_picked":["Lizard Tail","Runic Pyramid"],"picked":"Eternal Feather"}],"potions_floor_spawned":[1,6,7,16,19,20],"seed_played":"5480390580034392725","killed_by":"Book of Stabbing","ascension_level":4,"is_trial":false}