{"gold_per_floor":[115,115,13,31,31,31,66,66,66,84,84,84,84,103,103,200,300,311,311,311,323,345,357,385,397,409,421,444,456,481,507,519,626,638,669,736,767,789,801,813,835,847,859,871,883,895,907,935,947,1113],"floor_reached":51,"playtime":1678,"items_purged":["Strike_G"],"score":720,"play_id":"7652c231-6d86-4858-be2a-876ed11003b7","local_time":"20190212154319","is_ascension_mode":false,"campfire_choices":[{"data":"Neutralize","floor":6,"key":"SMITH"},{"data":"Blade Dance","floor":8,"key":"SMITH"},{"floor":15,"key":"REST"},{"data":"Atom Bomb","floor":23,"key":"SMITH"},{"data":"Leg Sweep","floor":25,"key":"SMITH"},{"data":"Outmaneuver","floor":27,"key":"SMITH"},{"floor":29,"key":"REST"},{"data":"Adrenaline","floor":40,"key":"SMITH"},{"floor":46,"key":"REST"},{"floor":49,"key":"REST"}],"neow_cost":"NO_GOLD","seed_source_timestamp":143987700028646,"circlet_count":0,"master_deck":["Defend_G","Defend_G","Defend_G","Defend_G","Strike_G","Strike_G","Survivor+1","Neutralize+1","Outmaneuver+1","Blade Dance+1","Blade Dance+1","Leg Sweep+1","Atom Bomb+1","Blur","Adrenaline+1","Terror+1","Flash of Steel"],"relics":["Ring of the Snake","hubris:BundleOfHerbs","infinitespire:EmpoweringShard","Pear","Mirror","Replay:Wanted Poster","MawBank","infinitespire:Lucky Rock","Sozu","Ginger","Juzu Bracelet","Quantum Egg","Art of War","Golden Egg"],"potions_floor_usage":[50],"damage_taken":[{"damage":0,"enemies":"2 Louse","floor":1,"turns":3},{"damage":0,"enemies":"Small Slimes","floor":4,"turns":5},{"damage":50,"enemies":"Gremlin Nob","floor":7,"turns":6},{"damage":0,"enemies":"Jaw Worm","floor":10,"turns":2},{"damage":4,"enemies":"Gremlin Gang","floor":14,"turns":6},{"damage":32,"enemies":"The Guardian","floor":16,"turns":20},{"damage":24,"enemies":"Chosen","floor":18,"turns":7},{"damage":6,"enemies":"3 Byrds","floor":22,"turns":5},{"damage":15,"enemies":"Cultist and Chosen","floor":24,"turns":3},{"damage":10,"enemies":"Shelled Parasite and Fungi","floor":28,"turns":3},{"damage":4,"enemies":"Chosen and Byrds","floor":30,"turns":3},{"damage":0,"enemies":"Snecko","floor":31,"turns":2},{"damage":83,"enemies":"Champ","floor":33,"turns":20},{"damage":0,"enemies":"Orb Walker","floor":35,"turns":4},{"damage":31,"enemies":"2 Orb Walkers","floor":36,"turns":4},{"damage":7,"enemies":"3 Darklings","floor":37,"turns":9},{"damage":0,"enemies":"Spire Growth","floor":38,"turns":5},{"damage":0,"enemies":"Maw","floor":41,"turns":2},{"damage":8,"enemies":"4 Shapes","floor":48,"turns":6},{"damage":97,"enemies":"Donu and Deca","floor":50,"turns":18}],"seed_played":"-6395017846771998418","potions_obtained":[{"floor":1,"key":"Weak Potion"},{"floor":4,"key":"Languid Potion"},{"floor":28,"key":"SkillPotion"},{"floor":30,"key":"Energy Potion"},{"floor":33,"key":"PowerPotion"}],"is_trial":false,"path_per_floor":["M","?","$","M","?","R","E","R","T","M","?","$","T","M","R","B",null,"M","?","T","$","M","R","M","R","T","R","M","R","M","M","R","B",null,"M","?","M","M","?","R","M","$","T","T","?","R","?","M","R","B",null],"character_chosen":"THE_SILENT","items_purchased":["Blade Dance","Pear","Quantum Egg"],"campfire_rested":4,"item_purchase_floors":[3,12,42],"current_hp_per_floor":[70,70,70,70,70,70,20,20,20,20,20,14,14,10,34,2,80,56,56,56,56,50,50,35,35,35,35,25,49,45,45,45,7,80,80,49,42,42,42,42,42,26,26,26,26,50,50,42,66,67],"gold":1125,"neow_bonus":"REMOVE_TWO","is_prod":false,"is_daily":false,"chose_seed":false,"campfire_upgraded":6,"win_rate":0,"timestamp":1550004199,"path_taken":["M","?","$","M","?","R","E","R","T","M","?","?","?","M","R","BOSS","M","?","?","?","M","R","M","R","T","R","M","R","M","?","R","BOSS","M","?","M","M","?","R","M","?","T","?","?","R","?","M","R","BOSS"],"build_version":"2019-01-23","purchased_purges":1,"victory":true,"max_hp_per_floor":[70,70,70,70,70,70,70,70,70,70,70,80,80,80,80,80,80,80,80,80,80,80,80,80,80,80,80,80,80,80,80,80,80,80,80,80,80,80,80,80,80,80,80,80,80,80,80,80,80,80],"card_choices":[{"not_picked":["Acrobatics","Quick Slash"],"picked":"Outmaneuver","floor":1},{"not_picked":["Riddle With Holes","Deadly Poison"],"picked":"Blade Dance","floor":4},{"not_picked":["hubris:SlightOfHand","Setup","Deflect"],"picked":"SKIP","floor":7},{"not_picked":["Bane","Flechettes","Deflect"],"picked":"SKIP","floor":10},{"not_picked":["Dodge and Roll","Deflect"],"picked":"Leg Sweep","floor":14},{"not_picked":["Adrenaline","Phantasmal Killer"],"picked":"Atom Bomb","floor":16},{"not_picked":["Hidden Blade","Bane","Eviscerate+1"],"picked":"SKIP","floor":18},{"not_picked":["Quick Slash","Hidden Blade","ReplayTheSpireMod:Tripwire"],"picked":"SKIP","floor":22},{"not_picked":["Masterful Stab","Fluid Movement","Flying Knee"],"picked":"SKIP","floor":24},{"not_picked":["Underhanded Strike+1","ReplayTheSpireMod:Speed Training","Infinite Blades+1"],"picked":"SKIP","floor":28},{"not_picked":["Hidden Blade","Dagger Throw","Deadly Poison"],"picked":"SKIP","floor":30},{"not_picked":["Poisoned Stab+1","Dagger Spray","Catalyst"],"picked":"SKIP","floor":31},{"not_picked":["Tools of the Trade","Phantasmal Killer"],"picked":"Adrenaline","floor":33},{"not_picked":["Outmaneuver+1","Slice","Poisoned Stab+1"],"picked":"SKIP","floor":35},{"not_picked":["Dagger Throw+1","Outmaneuver+1"],"picked":"Terror+1","floor":36},{"not_picked":["Blade Dance","hubris:Sniper","Escape Plan"],"picked":"SKIP","floor":37},{"not_picked":["Flying Knee+1","Acrobatics+1","Slice+1"],"picked":"SKIP","floor":38},{"not_picked":["Sucker Punch+1","Hidden Blade","Night Terror"],"picked":"SKIP","floor":41},{"not_picked":["Poisoned Strike","Replay:Sssssssssshield"],"picked":"Flash of Steel","floor":47},{"not_picked":["Deflect+1","Fluid Movement+1","ReplayTheSpireMod:The Works+1"],"picked":"SKIP","floor":48}],"player_experience":689344,"relics_obtained":[{"floor":7,"key":"hubris:BundleOfHerbs"},{"floor":9,"key":"infinitespire:EmpoweringShard"},{"floor":13,"key":"Mirror"},{"floor":20,"key":"MawBank"},{"floor":26,"key":"infinitespire:Lucky Rock"},{"floor":36,"key":"Ginger"},{"floor":43,"key":"Art of War"},{"floor":44,"key":"Golden Egg"}],"event_choices":[{"damage_healed":0,"gold_gain":0,"player_choice":"Grow","damage_taken":0,"max_hp_gain":0,"max_hp_loss":0,"event_name":"Living Wall","floor":5,"gold_loss":0,"cards_upgraded":["Blade Dance"]},{"damage_healed":0,"gold_gain":0,"player_choice":"Ignored","damage_taken":0,"max_hp_gain":0,"max_hp_loss":0,"event_name":"Golden Wing","floor":11,"gold_loss":0},{"damage_healed":0,"gold_gain":0,"player_choice":"Fight","damage_taken":0,"max_hp_gain":0,"max_hp_loss":0,"event_name":"Mysterious Sphere","floor":36,"gold_loss":0},{"damage_healed":0,"gold_gain":0,"player_choice":"Ignored","damage_taken":0,"max_hp_gain":0,"max_hp_loss":0,"event_name":"Tomb of Lord Red Mask","floor":39,"gold_loss":0},{"damage_healed":0,"gold_gain":0,"player_choice":"Memory 1","damage_taken":0,"max_hp_gain":0,"max_hp_loss":0,"event_name":"SensoryStone","floor":47,"gold_loss":0}],"is_beta":false,"boss_relics":[{"not_picked":["hubris:CrackedHourglass","hubris:GrandSneckoEye"],"picked":"Replay:Wanted Poster"},{"not_picked":["Runic Dome","Coffee Dripper"],"picked":"Sozu"}],"items_purged_floors":[3],"is_endless":false,"potions_floor_spawned":[1,4,28,30,33,36,37,48],"ascension_level":0}