{"gold_per_floor":[111,111,111,124,25,50,50,82,82,82,112,132,132,146,146,245,245,265,265,265,265,276,304,304,50,50,50,70,96,96,126,126,228,228,246,32,0,0,15,47,47,62,62,62,62,62,92,43,43,43,43,43,43,69,69],"floor_reached":56,"playtime":10683,"items_purged":["Defend_P","Defend_P","Bite"],"score":1893,"play_id":"b4d259f5-1c5d-4428-bdf9-99d35c49ec69","local_time":"20190912124925","is_ascension_mode":true,"campfire_choices":[{"data":"Devotion","floor":7.0,"key":"SMITH"},{"data":"Eruption","floor":10.0,"key":"SMITH"},{"data":"Protect","floor":13.0,"key":"SMITH"},{"data":"ReachHeaven","floor":15.0,"key":"SMITH"},{"data":"RitualDagger","floor":24.0,"key":"SMITH"},{"data":"TalkToTheHand","floor":27.0,"key":"SMITH"},{"data":"CrushJoints","floor":32.0,"key":"SMITH"},{"data":"Ghostly","floor":41.0,"key":"SMITH"},{"data":"Ghostly","floor":44.0,"key":"SMITH"},{"data":"Ghostly","floor":46.0,"key":"SMITH"},{"floor":49.0,"key":"RECALL"},{"data":"PanicButton","floor":52.0,"key":"SMITH"}],"neow_cost":"NONE","seed_source_timestamp":0,"circlet_count":0,"master_deck":["Eruption+1","Vigilance","Devotion+1","Protect+1","FollowUp","Swivel","EmptyFist","Prostrate","Crescendo","ReachHeaven+1","Omniscience","Adaptation","RitualDagger+1","Ghostly+1","Ghostly+1","Ghostly+1","Ghostly+1","Ghostly","TalkToTheHand+1","TalkToTheHand+1","Ghostly+1","Devotion","Tantrum","Bite","Bite","Bite","Bite","CrushJoints+1","Omniscience","PanicButton+1","EmptyMind+1","Adaptation+1","DeceiveReality+1"],"special_seed":0,"relics":["PureWater","NeowsBlessing","Yang","Bottled Flame","Orichalcum","Letter Opener","VioletLotus","Anchor","DollysMirror","War Paint","Melange","CloakClasp","Coffee Dripper","Red Mask","Strawberry","Centennial Puzzle","TeardropLocket"],"potions_floor_usage":[55],"damage_taken":[{"damage":0.0,"enemies":"Jaw Worm","floor":1.0,"turns":1.0},{"damage":0.0,"enemies":"Small Slimes","floor":4.0,"turns":1.0},{"damage":0.0,"enemies":"3 Sentries","floor":6.0,"turns":1.0},{"damage":9.0,"enemies":"Lagavulin","floor":8.0,"turns":6.0},{"damage":10.0,"enemies":"Gremlin Nob","floor":11.0,"turns":3.0},{"damage":0.0,"enemies":"Cultist","floor":12.0,"turns":2.0},{"damage":0.0,"enemies":"Large Slime","floor":14.0,"turns":3.0},{"damage":6.0,"enemies":"Hexaghost","floor":16.0,"turns":8.0},{"damage":8.0,"enemies":"Shell Parasite","floor":18.0,"turns":3.0},{"damage":0.0,"enemies":"2 Thieves","floor":22.0,"turns":5.0},{"damage":0.0,"enemies":"Book of Stabbing","floor":23.0,"turns":6.0},{"damage":0.0,"enemies":"Snake Plant","floor":28.0,"turns":6.0},{"damage":0.0,"enemies":"Slavers","floor":29.0,"turns":7.0},{"damage":0.0,"enemies":"Gremlin Leader","floor":31.0,"turns":5.0},{"damage":0.0,"enemies":"Automaton","floor":33.0,"turns":9.0},{"damage":0.0,"enemies":"3 Shapes","floor":35.0,"turns":1.0},{"damage":0.0,"enemies":"3 Darklings","floor":39.0,"turns":4.0},{"damage":0.0,"enemies":"Giant Head","floor":40.0,"turns":5.0},{"damage":0.0,"enemies":"Writhing Mass","floor":42.0,"turns":1.0},{"damage":0.0,"enemies":"Nemesis","floor":47.0,"turns":7.0},{"damage":0.0,"enemies":"Time Eater","floor":50.0,"turns":8.0},{"damage":1,"enemies":"Shield and Spear","floor":54,"turns":6},{"damage":20,"enemies":"The Heart","floor":55,"turns":11}],"seed_played":"-2599004289574307912","potions_obtained":[{"floor":1.0,"key":"SpeedPotion"},{"floor":8.0,"key":"GamblersBrew"},{"floor":11.0,"key":"Strength Potion"},{"floor":14.0,"key":"SteroidPotion"},{"floor":28.0,"key":"SpeedPotion"},{"floor":29.0,"key":"Strength Potion"},{"floor":31.0,"key":"AttackPotion"},{"floor":33.0,"key":"Energy Potion"},{"floor":47.0,"key":"Swift Potion"}],"is_trial":false,"path_per_floor":["M","?","?","M","$","E","R","E","T","R","E","M","R","M","R","B",null,"M","?","?","?","M","E","R","$","T","R","M","E","?","E","R","B",null,"M","$","?","$","M","E","R","M","T","R","$","R","E","$","R","B",null,"R","$","E","B",null],"character_chosen":"WATCHER","items_purchased":["FollowUp","DollysMirror","PanicButton","SteroidPotion"],"campfire_rested":0,"item_purchase_floors":[5,25,36,48],"current_hp_per_floor":[59,59,59,59,59,59,59,50,50,50,40,40,40,40,40,34,57,49,43,32,32,32,32,32,32,32,32,32,32,24,24,24,24,24,24,24,24,24,24,31,31,31,31,31,31,31,31,31,31,31,31,31,31,31,25],"gold":69,"neow_bonus":"THREE_ENEMY_KILL","is_prod":false,"is_daily":false,"chose_seed":false,"campfire_upgraded":11,"win_rate":0,"timestamp":1568317765,"path_taken":["M","?","?","?","$","E","R","E","T","R","E","M","R","M","R","BOSS","M","?","?","?","M","E","R","$","T","R","M","E","?","E","R","BOSS","M","$","?","?","?","E","R","M","T","R","?","R","E","$","R","BOSS","R","$","E","BOSS"],"build_version":"2019-09-11v2","purchased_purges":3,"victory":true,"max_hp_per_floor":[65,65,65,65,65,65,65,65,65,65,65,65,65,65,65,65,65,65,65,70,35,35,35,35,35,35,35,35,35,24,24,24,24,24,24,24,24,24,24,31,31,31,31,31,31,31,31,31,31,31,31,31,31,31,31],"card_choices":[{"not_picked":["Wireheading","Clarity"],"picked":"Devotion","floor":1.0},{"not_picked":["CutThroughFate","BowlingBash"],"picked":"Protect","floor":4.0},{"not_picked":["Worship","Sanctity"],"picked":"Swivel","floor":6.0},{"not_picked":["PathToVictory","JustLucky"],"picked":"EmptyFist","floor":8.0},{"not_picked":["SpiritShield","EmptyMind"],"picked":"Prostrate","floor":11.0},{"not_picked":["Sanctity","FollowUp"],"picked":"Crescendo","floor":12.0},{"not_picked":["EmptyFist","JustLucky"],"picked":"ReachHeaven","floor":14.0},{"not_picked":["DeusExMachina","Blasphemy"],"picked":"Omniscience","floor":16.0},{"not_picked":["JustLucky","FlyingSleeves"],"picked":"Adaptation","floor":18.0},{"not_picked":["FlyingSleeves+1","MentalFortress"],"picked":"TalkToTheHand+1","floor":22.0},{"not_picked":["DevaForm","Protect+1"],"picked":"TalkToTheHand","floor":23.0},{"not_picked":["FlyingSleeves","BowlingBash"],"picked":"Devotion","floor":28.0},{"not_picked":["EmptyMind","FlyingSleeves"],"picked":"Tantrum","floor":29.0},{"not_picked":["Weave","ClearTheMind"],"picked":"CrushJoints","floor":31.0},{"not_picked":["Nirvana","Pray"],"picked":"Omniscience","floor":33.0},{"not_picked":["CutThroughFate+1","Worship","Protect"],"picked":"SKIP","floor":35.0},{"not_picked":["Consecrate+1","EmptyFist"],"picked":"EmptyMind+1","floor":39.0},{"not_picked":["CrushJoints","EmptyFist"],"picked":"Adaptation+1","floor":40.0},{"not_picked":["Swivel+1","CutThroughFate","JustLucky+1"],"picked":"SKIP","floor":42.0},{"not_picked":["BowlingBash","EmptyFist","Protect"],"picked":"SKIP","floor":47.0},{"not_picked":["BowlingBash","EmptyFist","Protect"],"picked":"SKIP","floor":47.0},{"not_picked":["Prostrate","Collect+1"],"picked":"DeceiveReality+1","floor":54}],"player_experience":109176,"relics_obtained":[{"floor":6.0,"key":"Yang"},{"floor":8.0,"key":"Bottled Flame"},{"floor":9.0,"key":"Orichalcum"},{"floor":11.0,"key":"Letter Opener"},{"floor":23.0,"key":"Anchor"},{"floor":26.0,"key":"War Paint"},{"floor":29.0,"key":"Melange"},{"floor":31.0,"key":"CloakClasp"},{"floor":40.0,"key":"Strawberry"},{"floor":47.0,"key":"Centennial Puzzle"},{"floor":54,"key":"TeardropLocket"}],"event_choices":[{"cards_removed":["Defend_P"],"damage_healed":0.0,"max_hp_gain":0.0,"max_hp_loss":0.0,"gold_gain":0.0,"event_name":"Living Wall","player_choice":"Forget","floor":2.0,"gold_loss":0.0,"damage_taken":0.0},{"cards_removed":["Defend_P"],"damage_healed":0.0,"max_hp_gain":0.0,"max_hp_loss":0.0,"gold_gain":0.0,"event_name":"Purifier","player_choice":"Purged","floor":3.0,"gold_loss":0.0,"damage_taken":0.0},{"damage_healed":0.0,"max_hp_gain":0.0,"max_hp_loss":0.0,"gold_gain":0.0,"event_name":"Nest","player_choice":"Joined the Cult","floor":19.0,"gold_loss":0.0,"damage_taken":6.0,"cards_obtained":["RitualDagger"]},{"damage_healed":0.0,"max_hp_gain":5.0,"max_hp_loss":0.0,"gold_gain":0.0,"event_name":"Forgotten Altar","player_choice":"Shed Blood","floor":20.0,"gold_loss":0.0,"damage_taken":16.0},{"damage_healed":0.0,"max_hp_gain":0.0,"max_hp_loss":35.0,"gold_gain":0.0,"event_name":"Ghosts","player_choice":"Became a Ghost","floor":21.0,"gold_loss":0.0,"damage_taken":0.0,"cards_obtained":["Ghostly","Ghostly","Ghostly","Ghostly","Ghostly"]},{"damage_healed":0.0,"max_hp_gain":0.0,"max_hp_loss":11.0,"gold_gain":0.0,"event_name":"Vampires","player_choice":"Became a vampire","floor":30.0,"gold_loss":0.0,"damage_taken":0.0,"cards_obtained":["Bite","Bite","Bite","Bite","Bite"]},{"damage_healed":0.0,"max_hp_gain":0.0,"max_hp_loss":0.0,"gold_gain":0.0,"event_name":"Tomb of Lord Red Mask","player_choice":"Paid","floor":37.0,"gold_loss":32.0,"damage_taken":0.0,"relics_obtained":["Red Mask"]}],"is_beta":true,"boss_relics":[{"not_picked":["Fusion Hammer","Philosopher\u0027s Stone"],"picked":"VioletLotus"},{"not_picked":["Busted Crown","Velvet Choker"],"picked":"Coffee Dripper"}],"items_purged_floors":[5,25,36],"is_endless":false,"potions_floor_spawned":[1,8,11,14,28,29,31,33,47,54],"ascension_level":6}