{"gold_per_floor":[113,59,71,87,98,98,48,48,48,48,67,84,98,110,110,215,215,229,229,35,51,68,68,88,106,106,123,138,138,138],"floor_reached":30,"playtime":984,"items_purged":["Defend_B"],"score":322,"play_id":"7311e4e8-74ca-4d76-852a-28329b16836e","local_time":"20181230114733","is_ascension_mode":true,"campfire_choices":[{"data":"Zap","floor":6,"key":"SMITH"},{"data":"Conserve Battery","floor":8,"key":"SMITH"},{"data":"Zap","floor":15,"key":"SMITH"},{"data":"Zap","floor":23,"key":"SMITH"},{"floor":29,"key":"REST"}],"neow_cost":"NONE","seed_source_timestamp":841968375158413,"circlet_count":0,"master_deck":["Strike_B","Strike_B","Defend_B","Defend_B","Zap+1","Dualcast+1","Self Repair","Ball Lightning","Conserve Battery+1","Zap+1","BootSequence","BootSequence","Leap","Machine Learning","Zap+1","Self Repair","Ball Lightning","Core Surge","Defragment","Storm+1","Sunder+1"],"relics":["Cracked Core","Mummified Hand","Empty Cage","The Courier"],"potions_floor_usage":[16,16,25,25,27,28],"damage_taken":[{"damage":1,"enemies":"Cultist","floor":1,"turns":3},{"damage":0,"enemies":"Small Slimes","floor":3,"turns":2},{"damage":2,"enemies":"2 Louse","floor":4,"turns":3},{"damage":6,"enemies":"Red Slaver","floor":5,"turns":3},{"damage":7,"enemies":"3 Louse","floor":11,"turns":5},{"damage":20,"enemies":"Gremlin Gang","floor":12,"turns":4},{"damage":0,"enemies":"Blue Slaver","floor":13,"turns":3},{"damage":0,"enemies":"Large Slime","floor":14,"turns":4},{"damage":51,"enemies":"Hexaghost","floor":16,"turns":9},{"damage":2,"enemies":"Shell Parasite","floor":18,"turns":5},{"damage":20,"enemies":"Spheric Guardian","floor":21,"turns":4},{"damage":19,"enemies":"Shelled Parasite and Fungi","floor":22,"turns":5},{"damage":39,"enemies":"Cultist and Chosen","floor":24,"turns":6},{"damage":29,"enemies":"Snake Plant","floor":25,"turns":5},{"damage":23,"enemies":"Centurion and Healer","floor":27,"turns":8},{"damage":21,"enemies":"Cultist and Chosen","floor":28,"turns":5},{"damage":49,"enemies":"Snecko","floor":30,"turns":4}],"seed_played":"-1480415462517489330","potions_obtained":[{"floor":1,"key":"Regen Potion"},{"floor":4,"key":"LiquidBronze"},{"floor":5,"key":"Poison Potion"},{"floor":12,"key":"LiquidBronze"},{"floor":18,"key":"Weak Potion"},{"floor":24,"key":"Dexterity Potion"},{"floor":27,"key":"AttackPotion"}],"is_trial":false,"path_per_floor":["M","$","M","M","M","R","?","R","T","?","M","M","M","M","R","B",null,"M","?","$","M","M","R","M","M","T","M","M","R","M"],"character_chosen":"DEFECT","items_purchased":["Ball Lightning","Self Repair","Ball Lightning"],"campfire_rested":1,"item_purchase_floors":[2,20,20],"current_hp_per_floor":[67,67,74,75,75,75,75,75,75,75,75,62,69,75,75,31,64,69,69,69,63,58,58,33,32,32,23,16,38,0],"gold":138,"neow_bonus":"UPGRADE_CARD","is_prod":false,"is_daily":false,"chose_seed":false,"campfire_upgraded":4,"win_rate":0,"timestamp":1546166853,"path_taken":["M","$","M","M","?","R","?","R","T","?","M","M","?","M","R","BOSS","M","?","$","M","M","R","M","M","T","M","M","R","M"],"build_version":"2018-12-20","purchased_purges":1,"victory":false,"max_hp_per_floor":[75,75,75,75,75,75,75,75,75,75,75,75,75,75,75,75,75,75,75,75,75,75,75,75,75,75,75,75,75,75],"card_choices":[{"not_picked":["Force Field","Streamline"],"picked":"Self Repair","floor":1},{"not_picked":["Storm","Glacier"],"picked":"Conserve Battery","floor":3},{"not_picked":["Steam","Rip and Tear","Blizzard"],"picked":"SKIP","floor":4},{"not_picked":["Cold Snap","Steam","Barrage"],"picked":"SKIP","floor":5},{"not_picked":["All For One","Cold Snap","Recycle"],"picked":"SKIP","floor":11},{"not_picked":["All For One","Cold Snap","Recycle"],"picked":"SKIP","floor":11},{"not_picked":["Double Energy","Go for the Eyes"],"picked":"BootSequence","floor":12},{"not_picked":["Blizzard","Beam Cell"],"picked":"BootSequence","floor":13},{"not_picked":["Reprogram","Steam"],"picked":"Leap","floor":14},{"not_picked":["Hyperbeam","Rainbow"],"picked":"Machine Learning","floor":16},{"not_picked":["Go for the Eyes","Barrage","Double Energy"],"picked":"SKIP","floor":18},{"not_picked":["Darkness","Steam","Conserve Battery+1"],"picked":"SKIP","floor":21},{"not_picked":["Genetic Algorithm","Barrage"],"picked":"Core Surge","floor":22},{"not_picked":["Leap","Force Field","Beam Cell"],"picked":"SKIP","floor":24},{"not_picked":["Barrage","Blizzard+1"],"picked":"Defragment","floor":25},{"not_picked":["Redo","Turbo"],"picked":"Storm+1","floor":27},{"not_picked":["Force Field","Go for the Eyes"],"picked":"Sunder+1","floor":28}],"player_experience":356924,"relics_obtained":[{"floor":9,"key":"Mummified Hand"},{"floor":26,"key":"The Courier"}],"event_choices":[{"cards_removed":["Strike_B"],"damage_healed":0,"gold_gain":0,"player_choice":"Card Removal","damage_taken":0,"max_hp_gain":0,"max_hp_loss":0,"event_name":"The Cleric","floor":7,"gold_loss":50},{"damage_healed":0,"gold_gain":0,"player_choice":"1 cards matched","damage_taken":0,"max_hp_gain":0,"max_hp_loss":0,"event_name":"Match and Keep!","floor":10,"gold_loss":0,"cards_obtained":["Zap"]},{"damage_healed":0,"gold_gain":0,"player_choice":"1 cards matched","damage_taken":0,"max_hp_gain":0,"max_hp_loss":0,"event_name":"Match and Keep!","floor":19,"gold_loss":0,"cards_obtained":["Zap"]}],"is_beta":false,"boss_relics":[{"not_picked":["Busted Crown","FrozenCore"],"picked":"Empty Cage"}],"items_purged_floors":[20],"is_endless":false,"potions_floor_spawned":[1,4,5,12,18,24,27],"killed_by":"Snecko","ascension_level":8}