{"gold_per_floor":[116,116,116,42,56,56,73,73,98,118,118,152,163,176,176,274,274,293,303,314,46,46,46,46,74,98,133,133,150,150,169,169,270,270,287,299,53,0,11,42,42,42,42,70,100,180,217,245,257,269],"floor_reached":51,"playtime":4260,"items_purged":["Strike_B"],"score":843,"play_id":"48df579a-52c1-48b8-ada1-0f19641ccf01","local_time":"20190724051453","is_ascension_mode":true,"campfire_choices":[{"floor":6,"key":"REST"},{"data":"Storm","floor":8,"key":"SMITH"},{"floor":11,"key":"REST"},{"floor":15,"key":"REST"},{"floor":23,"key":"REST"},{"floor":30,"key":"REST"},{"floor":32,"key":"REST"},{"floor":41,"key":"REST"},{"floor":49,"key":"REST"}],"neow_cost":"NONE","seed_source_timestamp":90739745951472,"circlet_count":0,"master_deck":["Defend_B+1","Defend_B+1","Defend_B+1","Defend_B+1","Zap","Dualcast","FTL","Melter","Storm+1","Conserve Battery","Ball Lightning","Reinforced Body","Creative AI","Go for the Eyes","Heatsinks","Biased Cognition","Leap","Capacitor","Coolheaded+1","Core Surge","Fusion","Genetic Algorithm","Go for the Eyes","Redo","Biased Cognition","Heatsinks","Capacitor+1","Seek","Capacitor+1"],"relics":["Cracked Core","Omamori","Potion Belt","Mummified Hand","Cursed Key","ClockworkSouvenir","Mango","Blood Vial","Oddly Smooth Stone","Black Star","Frozen Egg 2","Red Mask","Incense Burner","Smiling Mask","SsserpentHead","Bag of Marbles","MawBank","Anchor","Singing Bowl","Dream Catcher"],"potions_floor_usage":[13,16,19,25,27,35,40,40,40,44,50,50],"damage_taken":[{"damage":10,"enemies":"Small Slimes","floor":1,"turns":2},{"damage":6,"enemies":"Jaw Worm","floor":5,"turns":2},{"damage":1,"enemies":"Cultist","floor":7,"turns":4},{"damage":13,"enemies":"Lots of Slimes","floor":10,"turns":3},{"damage":30,"enemies":"3 Sentries","floor":12,"turns":7},{"damage":0,"enemies":"Blue Slaver","floor":13,"turns":2},{"damage":3,"enemies":"Large Slime","floor":14,"turns":4},{"damage":10,"enemies":"Slime Boss","floor":16,"turns":6},{"damage":5,"enemies":"Chosen","floor":18,"turns":3},{"damage":21,"enemies":"3 Byrds","floor":19,"turns":3},{"damage":8,"enemies":"Snecko","floor":20,"turns":4},{"damage":36,"enemies":"Slavers","floor":25,"turns":5},{"damage":15,"enemies":"Gremlin Leader","floor":27,"turns":5},{"damage":9,"enemies":"Centurion and Healer","floor":29,"turns":5},{"damage":3,"enemies":"Snake Plant","floor":31,"turns":3},{"damage":0,"enemies":"Champ","floor":33,"turns":7},{"damage":10,"enemies":"3 Shapes","floor":35,"turns":3},{"damage":10,"enemies":"Orb Walker","floor":36,"turns":2},{"damage":8,"enemies":"Sphere and 2 Shapes","floor":39,"turns":3},{"damage":31,"enemies":"Reptomancer","floor":40,"turns":5},{"damage":9,"enemies":"Giant Head","floor":44,"turns":6},{"damage":4,"enemies":"Jaw Worm Horde","floor":45,"turns":4},{"damage":0,"enemies":"3 Darklings","floor":46,"turns":4},{"damage":9,"enemies":"Nemesis","floor":47,"turns":5},{"damage":0,"enemies":"Maw","floor":48,"turns":6},{"damage":49,"enemies":"Awakened One","floor":50,"turns":7}],"seed_played":"-7003918764693818396","potions_obtained":[{"floor":5,"key":"Weak Potion"},{"floor":10,"key":"Explosive Potion"},{"floor":13,"key":"SteroidPotion"},{"floor":16,"key":"LiquidBronze"},{"floor":18,"key":"LiquidBronze"},{"floor":20,"key":"Dexterity Potion"},{"floor":25,"key":"AttackPotion"},{"floor":29,"key":"Dexterity Potion"},{"floor":33,"key":"SkillPotion"},{"floor":39,"key":"Block Potion"},{"floor":40,"key":"FocusPotion"},{"floor":44,"key":"Weak Potion"},{"floor":48,"key":"Ancient Potion"}],"is_trial":false,"path_per_floor":["M","?","?","$","M","R","M","R","T","M","R","E","M","M","R","B",null,"M","M","M","$","?","R","?","E","T","E","?","M","R","M","R","B",null,"M","M","$","?","M","E","R","?","T","E","M","M","E","M","R","B",null],"character_chosen":"DEFECT","items_purchased":["Storm","ClockworkSouvenir","Frozen Egg 2"],"campfire_rested":8,"item_purchase_floors":[4,21,37],"current_hp_per_floor":[72,54,54,54,48,72,71,71,71,58,82,52,52,49,73,63,82,77,56,48,48,48,72,72,50,50,37,37,30,58,57,85,87,96,86,78,78,78,72,43,71,71,71,64,62,64,59,63,93,46],"gold":281,"neow_bonus":"TEN_PERCENT_HP_BONUS","is_prod":false,"is_daily":false,"chose_seed":false,"campfire_upgraded":1,"win_rate":0,"timestamp":1563959693,"path_taken":["M","?","?","$","M","R","M","R","T","M","R","E","?","M","R","BOSS","M","?","M","$","?","R","?","E","T","E","?","M","R","?","R","BOSS","M","M","$","?","M","E","R","?","T","E","M","?","E","M","R","BOSS"],"build_version":"2019-07-17","purchased_purges":1,"victory":true,"max_hp_per_floor":[82,82,82,82,82,82,82,82,82,82,82,82,82,82,82,82,82,82,82,82,82,82,82,82,96,96,96,96,96,96,96,96,96,96,96,96,96,96,96,96,96,96,96,96,96,96,98,100,100,100],"card_choices":[{"not_picked":["Barrage","Streamline"],"picked":"FTL","floor":1},{"not_picked":["Barrage","Hologram"],"picked":"Conserve Battery","floor":5},{"not_picked":["Beam Cell","Streamline"],"picked":"Ball Lightning","floor":7},{"not_picked":["Leap","Hologram"],"picked":"Reinforced Body","floor":10},{"not_picked":["Steam","Skim"],"picked":"Creative AI","floor":12},{"not_picked":["Recycle","Sunder"],"picked":"Go for the Eyes","floor":13},{"not_picked":["Leap","Aggregate"],"picked":"Heatsinks","floor":14},{"not_picked":["Multi-Cast","Reboot"],"picked":"Biased Cognition","floor":16},{"not_picked":["Sweeping Beam","Streamline+1"],"picked":"Leap","floor":18},{"not_picked":["Ball Lightning","Steam Power+1"],"picked":"Capacitor","floor":19},{"not_picked":["Leap","Stack+1"],"picked":"Coolheaded+1","floor":20},{"not_picked":["Fission","Aggregate","Coolheaded"],"picked":"SKIP","floor":25},{"not_picked":["Leap","Sweeping Beam"],"picked":"Genetic Algorithm","floor":27},{"not_picked":["Reinforced Body","Doom and Gloom"],"picked":"Go for the Eyes","floor":29},{"not_picked":["Barrage+1","Hologram"],"picked":"Redo","floor":31},{"not_picked":["Reboot","Core Surge"],"picked":"Biased Cognition","floor":33},{"not_picked":["Reprogram+1","Aggregate"],"picked":"Heatsinks","floor":35},{"not_picked":["Compile Driver+1","Leap+1","Hologram+1"],"picked":"SKIP","floor":36},{"not_picked":["Go for the Eyes+1","Double Energy+1"],"picked":"Capacitor+1","floor":39},{"not_picked":["Consume+1","Gash+1"],"picked":"Seek","floor":40},{"not_picked":["Scrape+1","Genetic Algorithm+1","Sweeping Beam+1"],"picked":"SKIP","floor":44},{"not_picked":["Fusion","Stack+1","Steam"],"picked":"SKIP","floor":45},{"not_picked":["Blizzard","Reprogram","Barrage+1"],"picked":"SKIP","floor":46},{"not_picked":["Leap+1","Steam Power+1","Aggregate+1"],"picked":"Singing Bowl","floor":47},{"not_picked":["Steam","Rip and Tear+1","Beam Cell+1"],"picked":"Singing Bowl","floor":48},{"not_picked":["Double Energy+1","Coolheaded+1"],"picked":"Capacitor+1","floor":49}],"player_experience":183077,"relics_obtained":[{"floor":9,"key":"Potion Belt"},{"floor":12,"key":"Mummified Hand"},{"floor":25,"key":"Mango"},{"floor":26,"key":"Blood Vial"},{"floor":27,"key":"Oddly Smooth Stone"},{"floor":40,"key":"Incense Burner"},{"floor":40,"key":"Smiling Mask"},{"floor":43,"key":"Bag of Marbles"},{"floor":44,"key":"MawBank"},{"floor":44,"key":"Anchor"},{"floor":47,"key":"Singing Bowl"},{"floor":47,"key":"Dream Catcher"}],"event_choices":[{"damage_healed":0,"gold_gain":0,"player_choice":"Success","damage_taken":18,"relics_obtained":["Omamori"],"max_hp_gain":0,"max_hp_loss":0,"event_name":"Scrap Ooze","floor":2,"gold_loss":0},{"damage_healed":0,"gold_gain":0,"cards_transformed":["Strike_B"],"player_choice":"Transformed","damage_taken":0,"max_hp_gain":0,"max_hp_loss":0,"event_name":"Transmorgrifier","floor":3,"gold_loss":0,"cards_obtained":["Melter"]},{"damage_healed":0,"gold_gain":0,"player_choice":"Ignored","damage_taken":0,"max_hp_gain":0,"max_hp_loss":0,"event_name":"Vampires","floor":22,"gold_loss":0},{"damage_healed":0,"gold_gain":0,"cards_transformed":["Strike_B","Strike_B"],"player_choice":"Became Test Subject","damage_taken":0,"max_hp_gain":0,"max_hp_loss":0,"event_name":"Drug Dealer","floor":24,"gold_loss":0,"cards_obtained":["Core Surge","Fusion"]},{"damage_healed":0,"gold_gain":0,"player_choice":"Simplicity","damage_taken":0,"max_hp_gain":0,"max_hp_loss":0,"event_name":"Back to Basics","floor":28,"gold_loss":0,"cards_upgraded":["Defend_B","Defend_B","Defend_B","Defend_B"]},{"damage_healed":0,"gold_gain":0,"player_choice":"Paid","damage_taken":0,"relics_obtained":["Red Mask"],"max_hp_gain":0,"max_hp_loss":0,"event_name":"Tomb of Lord Red Mask","floor":38,"gold_loss":53},{"damage_healed":0,"gold_gain":0,"player_choice":"Trade","damage_taken":0,"relics_obtained":["SsserpentHead"],"max_hp_gain":0,"max_hp_loss":0,"event_name":"FaceTrader","floor":42,"gold_loss":0}],"is_beta":false,"boss_relics":[{"not_picked":["Runic Pyramid","Empty Cage"],"picked":"Cursed Key"},{"not_picked":["Philosopher\u0027s Stone","White Beast Statue"],"picked":"Black Star"}],"items_purged_floors":[21],"is_endless":false,"potions_floor_spawned":[5,10,13,16,18,20,25,29,33,39,40,44,48],"ascension_level":1}