{"gold_per_floor":[119,136,136,136,154,154,169,181,181,181,191,207,207,242,242,339,339,349,361,371,371],"floor_reached":21,"playtime":1186,"items_purged":[],"score":185,"play_id":"139e2c02-e077-4f26-842c-dc270f6e61d0","local_time":"20190914190142","is_ascension_mode":false,"campfire_choices":[{"data":"Strike_R","floor":6,"key":"SMITH"},{"data":"Infernal Blade","floor":10,"key":"SMITH"},{"data":"Infernal Blade","floor":13,"key":"SMITH"},{"data":"Rampage","floor":15,"key":"SMITH"}],"neow_cost":"NONE","seed_source_timestamp":2471667244711100,"circlet_count":0,"master_deck":["Strike_R","Strike_R","Strike_R","Strike_R","Strike_R+1","Defend_R","Defend_R","Defend_R","Defend_R","Bash+1","Infernal Blade+1","Rampage+1","Infernal Blade+1","Barricade","Entrench","Ghostly Armor"],"relics":["Coffee Dripper"],"potions_floor_usage":[7,14,14,16,18,21],"damage_taken":[{"damage":0,"enemies":"Cultist","floor":1,"turns":3},{"damage":0,"enemies":"Small Slimes","floor":2,"turns":2},{"damage":6,"enemies":"Jaw Worm","floor":5,"turns":3},{"damage":0,"enemies":"Blue Slaver","floor":7,"turns":3},{"damage":0,"enemies":"Large Slime","floor":8,"turns":4},{"damage":0,"enemies":"Looter","floor":11,"turns":2},{"damage":0,"enemies":"Blue Slaver","floor":12,"turns":3},{"damage":6,"enemies":"3 Sentries","floor":14,"turns":8},{"damage":27,"enemies":"The Guardian","floor":16,"turns":7},{"damage":5,"enemies":"Spheric Guardian","floor":18,"turns":3},{"damage":12,"enemies":"3 Byrds","floor":19,"turns":7},{"damage":31,"enemies":"Sentry and Sphere","floor":20,"turns":5},{"damage":33,"enemies":"Shelled Parasite and Fungi","floor":21,"turns":4}],"seed_played":"-2277296754458404599","potions_obtained":[{"floor":2,"key":"Block Potion"},{"floor":8,"key":"EssenceOfSteel"},{"floor":11,"key":"SteroidPotion"},{"floor":12,"key":"Swift Potion"},{"floor":16,"key":"Swift Potion"},{"floor":19,"key":"Weak Potion"}],"is_trial":false,"path_per_floor":["M","M","?","?","M","R","M","M","T","R","M","M","R","E","R","B",null,"M","M","M","M"],"character_chosen":"IRONCLAD","items_purchased":[],"campfire_rested":0,"item_purchase_floors":[],"current_hp_per_floor":[80,80,80,80,74,74,74,74,74,74,74,74,74,68,68,41,80,75,63,32,0],"gold":371,"neow_bonus":"BOSS_RELIC","is_prod":false,"is_daily":false,"chose_seed":false,"campfire_upgraded":4,"win_rate":0,"timestamp":1568502102,"path_taken":["M","M","?","?","?","R","M","M","T","R","M","M","R","E","R","BOSS","M","M","M","M"],"build_version":"2019-07-17","purchased_purges":0,"victory":false,"max_hp_per_floor":[80,80,80,80,80,80,80,80,80,80,80,80,80,80,80,80,80,80,80,80,80],"card_choices":[{"not_picked":["Clash","Dropkick","Warcry"],"picked":"SKIP","floor":1},{"not_picked":["Flex","Warcry","Dropkick"],"picked":"SKIP","floor":2},{"not_picked":["Shockwave","Anger","Headbutt"],"picked":"SKIP","floor":5},{"not_picked":["Cleave","Inflame"],"picked":"Infernal Blade","floor":7},{"not_picked":["Anger","Iron Wave","Heavy Blade"],"picked":"SKIP","floor":8},{"not_picked":["Body Slam","Shrug It Off"],"picked":"Rampage","floor":11},{"not_picked":["Reckless Charge","Dropkick"],"picked":"Infernal Blade","floor":12},{"not_picked":["Twin Strike","Second Wind","Berserk"],"picked":"SKIP","floor":14},{"not_picked":["Dark Embrace","Juggernaut"],"picked":"Barricade","floor":16},{"not_picked":["Clothesline+1","Body Slam"],"picked":"Entrench","floor":18},{"not_picked":["Feel No Pain+1","True Grit","Rage"],"picked":"SKIP","floor":19},{"not_picked":["Shockwave","Flex"],"picked":"Ghostly Armor","floor":20}],"player_experience":464211,"relics_obtained":[],"event_choices":[{"damage_healed":0,"gold_gain":0,"player_choice":"Ignored","damage_taken":0,"max_hp_gain":0,"max_hp_loss":0,"event_name":"Shining Light","floor":3,"gold_loss":0},{"damage_healed":0,"gold_gain":0,"player_choice":"Forge","damage_taken":0,"max_hp_gain":0,"max_hp_loss":0,"event_name":"Accursed Blacksmith","floor":4,"gold_loss":0,"cards_upgraded":["Bash"]}],"is_beta":false,"boss_relics":[{"not_picked":["Mark of Pain","Runic Dome","Astrolabe"]}],"items_purged_floors":[],"is_endless":false,"potions_floor_spawned":[2,8,11,12,16,19],"killed_by":"Shelled Parasite and Fungi","ascension_level":0}