{"gold_per_floor":[113,113,125,125,138,138,164,89,141,216,230,230,230,249,249,346,346,364,380,70,84,101,101,111,111,160,174,27,27,44,61,61,164,164,175,175,175,185,197,197,117,135,206,206,14,14,27,27,27,27],"floor_reached":51,"playtime":2005,"items_purged":["Defend_G","Strike_G"],"score":926,"play_id":"3db0ecff-4b16-4a15-a111-5b697c7a5591","local_time":"20180708135927","is_ascension_mode":false,"campfire_choices":[{"data":"Footwork","floor":6,"key":"SMITH"},{"data":"Envenom","floor":13,"key":"SMITH"},{"data":"Bane","floor":15,"key":"SMITH"},{"data":"Neutralize","floor":23,"key":"SMITH"},{"data":"Dagger Spray","floor":25,"key":"SMITH"},{"data":"Acrobatics","floor":29,"key":"SMITH"},{"floor":32,"key":"REST"},{"data":"Masterful Stab","floor":40,"key":"SMITH"},{"data":"Footwork","floor":44,"key":"SMITH"},{"data":"Noxious Fumes","floor":46,"key":"SMITH"},{"data":"Riddle With Holes","floor":49,"key":"SMITH"}],"neow_cost":"NONE","seed_source_timestamp":5775154618427,"circlet_count":0,"master_deck":["Defend_G","Defend_G","Defend_G","Defend_G","Strike_G","Strike_G","Survivor","Neutralize+1","Dagger Spray+1","Quick Slash","Footwork+1","Envenom+1","Bane+1","Bullet Time","Riddle With Holes+1","Bane+1","Slice","Deadly Poison+1","Acrobatics+1","Quick Slash+1","Grand Finale","Masterful Stab+1","Catalyst+1","Noxious Fumes+1","Footwork+1","Finisher+1"],"relics":["Ring of the Snake","Oddly Smooth Stone","Lantern","Runic Pyramid","Medical Kit","Dream Catcher","Bag of Preparation","Coffee Dripper","Unceasing Top","Mummified Hand","Lee\u0027s Waffle"],"potions_floor_usage":[7,18,33,33,50,50,50],"damage_taken":[{"damage":0,"enemies":"Small Slimes","floor":1,"turns":4},{"damage":1,"enemies":"Cultist","floor":3,"turns":4},{"damage":0,"enemies":"Jaw Worm","floor":5,"turns":4},{"damage":11,"enemies":"Gremlin Nob","floor":7,"turns":5},{"damage":6,"enemies":"Blue Slaver","floor":11,"turns":4},{"damage":0,"enemies":"Large Slime","floor":14,"turns":4},{"damage":24,"enemies":"The Guardian","floor":16,"turns":12},{"damage":5,"enemies":"Spheric Guardian","floor":18,"turns":5},{"damage":14,"enemies":"Shell Parasite","floor":19,"turns":5},{"damage":0,"enemies":"Snecko","floor":21,"turns":3},{"damage":0,"enemies":"Chosen and Byrds","floor":22,"turns":5},{"damage":15,"enemies":"Snake Plant","floor":24,"turns":4},{"damage":4,"enemies":"3 Cultists","floor":27,"turns":5},{"damage":0,"enemies":"Chosen and Byrds","floor":30,"turns":3},{"damage":3,"enemies":"Snake Plant","floor":31,"turns":3},{"damage":32,"enemies":"Champ","floor":33,"turns":9},{"damage":4,"enemies":"Flame Bruiser 1 Orb","floor":35,"turns":4},{"damage":0,"floor":37,"turns":6},{"damage":17,"enemies":"3 Shapes","floor":38,"turns":2},{"damage":3,"enemies":"Flame Bruiser 2 Orb","floor":39,"turns":5},{"damage":0,"enemies":"Transient","floor":42,"turns":5},{"damage":2,"enemies":"Sphere and 2 Shapes","floor":47,"turns":4},{"damage":46,"enemies":"Time Eater","floor":50,"turns":7}],"seed_played":"-6806087935870960734","potions_obtained":[{"floor":5,"key":"Weak Potion"},{"floor":7,"key":"Block Potion"},{"floor":16,"key":"AttackPotion"},{"floor":19,"key":"PowerPotion"},{"floor":21,"key":"GhostInAJar"},{"floor":22,"key":"Fire Potion"},{"floor":33,"key":"Block Potion"},{"floor":35,"key":"Poison Potion"}],"is_trial":false,"path_per_floor":["M","?","M","?","M","R","E","$","T","?","M","?","R","M","R","B",null,"M","M","$","M","M","R","M","R","T","M","$","R","M","M","R","B",null,"M","?","?","M","M","R","$","M","T","R","$","R","M","?","R","B"],"character_chosen":"THE_SILENT","items_purchased":["Medical Kit","Bag of Preparation","Noxious Fumes","Lee\u0027s Waffle"],"campfire_rested":1,"item_purchase_floors":[20,28,41,45],"current_hp_per_floor":[77,77,76,69,69,69,58,58,58,47,41,66,66,66,66,42,77,72,58,58,58,58,58,43,43,43,39,39,39,39,36,59,27,77,73,73,73,56,53,53,53,53,53,53,84,84,82,82,82,36],"gold":27,"neow_bonus":"TEN_PERCENT_HP_BONUS","is_prod":false,"is_daily":false,"chose_seed":false,"campfire_upgraded":10,"win_rate":0,"timestamp":1531072767,"path_taken":["M","?","M","?","M","R","E","$","T","?","M","?","R","M","R","BOSS","M","M","$","M","M","R","M","R","T","M","$","R","M","M","R","BOSS","M","?","?","M","M","R","$","M","T","R","$","R","M","?","R","BOSS"],"build_version":"2018-07-05","purchased_purges":2,"victory":true,"max_hp_per_floor":[77,77,77,77,77,77,77,77,77,77,77,77,77,77,77,77,77,77,77,77,77,77,77,77,77,77,77,77,77,77,77,77,77,77,77,77,77,77,77,77,77,77,77,77,84,84,84,84,84,84],"card_choices":[{"not_picked":["Bane","Distraction"],"picked":"Dagger Spray","floor":1},{"not_picked":["Underhanded Strike","Dagger Throw"],"picked":"Quick Slash","floor":3},{"not_picked":["Riddle With Holes","Backflip"],"picked":"Footwork","floor":5},{"not_picked":["Dash","Distraction"],"picked":"Envenom","floor":7},{"not_picked":["Predator","Dash"],"picked":"Bane","floor":11},{"not_picked":["Quick Slash","PiercingWail","Predator"],"picked":"SKIP","floor":14},{"not_picked":["Adrenaline","Tactician"],"picked":"Bullet Time","floor":16},{"not_picked":["Terror","Poisoned Stab"],"picked":"Riddle With Holes","floor":18},{"not_picked":["Underhanded Strike","Dagger Spray"],"picked":"Bane+1","floor":19},{"not_picked":["Predator","Poisoned Stab"],"picked":"Slice","floor":21},{"not_picked":["Expertise","Prepared"],"picked":"Deadly Poison+1","floor":22},{"not_picked":["Deadly Poison","Reflex+1","Underhanded Strike"],"picked":"SKIP","floor":24},{"not_picked":["Dodge and Roll+1","Eviscerate"],"picked":"Acrobatics","floor":27},{"not_picked":["Blade Dance","Acrobatics","Underhanded Strike"],"picked":"SKIP","floor":30},{"not_picked":["Venomology","Deflect","Terror"],"picked":"SKIP","floor":31},{"not_picked":["Flechettes","Dash"],"picked":"Quick Slash+1","floor":32},{"not_picked":["Venomology","Burst"],"picked":"Grand Finale","floor":33},{"not_picked":["Deflect","PiercingWail","Dagger Spray+1"],"picked":"SKIP","floor":35},{"not_picked":["Sucker Punch","Predator"],"picked":"Masterful Stab","floor":37},{"not_picked":["Flechettes","PiercingWail","Skewer+1"],"picked":"SKIP","floor":38},{"not_picked":["Sucker Punch","Acrobatics+1"],"picked":"Catalyst+1","floor":39},{"not_picked":["Backflip","Cloak And Dagger"],"picked":"Footwork","floor":42},{"not_picked":["Dodge and Roll","Footwork"],"picked":"Finisher+1","floor":47}],"player_experience":730737,"relics_obtained":[{"floor":7,"key":"Oddly Smooth Stone"},{"floor":9,"key":"Lantern"},{"floor":26,"key":"Dream Catcher"},{"floor":37,"key":"Unceasing Top"},{"floor":43,"key":"Mummified Hand"}],"event_choices":[{"event_name":"Purifier","player_choice":"One Purge","floor":2,"damage_taken":0},{"event_name":"Golden Wing","player_choice":"Card Removal","floor":4,"damage_taken":0},{"event_name":"World of Goop","player_choice":"Gather Gold","floor":10,"damage_taken":0},{"event_name":"Big Fish","player_choice":"Banana","floor":12,"damage_taken":0},{"event_name":"The Woman in Blue","player_choice":"Bought 0 Potions","floor":36,"damage_taken":0},{"event_name":"MindBloom","player_choice":"Fight","floor":37,"damage_taken":0},{"event_name":"Mysterious Sphere","player_choice":"Ignore","floor":48,"damage_taken":0}],"boss_relics":[{"not_picked":["Pandora\u0027s Box","Orrery"],"picked":"Runic Pyramid"},{"not_picked":["Empty Cage","Velvet Choker"],"picked":"Coffee Dripper"}],"items_purged_floors":[8,20],"is_endless":false,"potions_floor_spawned":[5,7,16,19,21,22,27,33,35,37,42],"ascension_level":0}