{"gold_per_floor":[109,121,131,131,149,149,174,174,174,174,187,203,203,233,233,337,337,356,271,271,271,287,287,287],"floor_reached":24,"playtime":633,"items_purged":[],"score":319,"play_id":"a42de74f-e5bf-4745-a835-606109d400c0","local_time":"20190101044727","is_ascension_mode":true,"campfire_choices":[{"data":"Multi-Cast","floor":6,"key":"SMITH"},{"data":"Zap","floor":8,"key":"SMITH"},{"floor":13,"key":"REST"},{"data":"Buffer","floor":15,"key":"SMITH"},{"data":"Auto Shields","floor":23,"key":"SMITH"}],"neow_cost":"NONE","seed_source_timestamp":989926428672193,"circlet_count":0,"master_deck":["AscendersBane","Strike_B","Strike_B","Defend_B","Defend_B","Defend_B","Defend_B","Zap+1","Dualcast+1","Multi-Cast+1","Darkness+1","Buffer+1","Echo Form","Auto Shields+1","Necronomicurse","Rebound","Force Field","White Noise+1"],"relics":["Cracked Core","Pantograph","The Courier","Darkstone Periapt","Sozu","Juzu Bracelet","Necronomicon"],"potions_floor_usage":[7,12,16,22],"damage_taken":[{"damage":2,"enemies":"Jaw Worm","floor":1,"turns":4},{"damage":0,"enemies":"2 Louse","floor":2,"turns":2},{"damage":1,"enemies":"Cultist","floor":3,"turns":3},{"damage":14,"enemies":"Exordium Wildlife","floor":5,"turns":5},{"damage":19,"enemies":"Gremlin Nob","floor":7,"turns":4},{"damage":1,"enemies":"Looter","floor":11,"turns":2},{"damage":0,"enemies":"2 Fungi Beasts","floor":12,"turns":2},{"damage":20,"enemies":"Lagavulin","floor":14,"turns":5},{"damage":37,"enemies":"Hexaghost","floor":16,"turns":6},{"damage":11,"enemies":"Spheric Guardian","floor":18,"turns":4},{"damage":31,"enemies":"2 Thieves","floor":22,"turns":5},{"damage":17,"enemies":"3 Cultists","floor":24,"turns":5}],"seed_played":"5958245445138611511","potions_obtained":[{"floor":2,"key":"SkillPotion"},{"floor":7,"key":"EssenceOfSteel"},{"floor":11,"key":"SneckoOil"},{"floor":12,"key":"PowerPotion"}],"is_trial":false,"path_per_floor":["M","M","M","?","M","R","E","R","T","?","M","M","R","E","R","B",null,"M","?","?","?","M","R","M"],"character_chosen":"DEFECT","items_purchased":[],"campfire_rested":1,"item_purchase_floors":[],"current_hp_per_floor":[66,66,65,70,56,56,37,37,37,37,36,36,60,40,40,28,67,56,56,46,46,15,15,0],"gold":287,"neow_bonus":"UPGRADE_CARD","is_prod":false,"is_daily":false,"chose_seed":false,"campfire_upgraded":4,"win_rate":0,"timestamp":1546314447,"path_taken":["M","M","M","?","M","R","E","R","T","?","?","M","R","E","R","BOSS","M","?","?","?","M","R","M"],"build_version":"2018-12-20","purchased_purges":0,"victory":false,"max_hp_per_floor":[75,75,75,80,80,80,80,80,80,80,80,80,80,80,80,80,80,80,80,86,86,86,86,86],"card_choices":[{"not_picked":["Conserve Battery","Go for the Eyes","Recycle"],"picked":"SKIP","floor":1},{"not_picked":["Go for the Eyes","Chill","Conserve Battery"],"picked":"SKIP","floor":2},{"not_picked":["Hologram","Turbo"],"picked":"Multi-Cast","floor":3},{"not_picked":["Melter","Coolheaded","Genetic Algorithm"],"picked":"SKIP","floor":5},{"not_picked":["Meteor Strike","Biased Cognition"],"picked":"Darkness","floor":7},{"not_picked":["Rebound","Ball Lightning","Turbo"],"picked":"SKIP","floor":11},{"not_picked":["Stack","Rebound","Static Discharge"],"picked":"SKIP","floor":12},{"not_picked":["Redo","Beam Cell"],"picked":"Buffer","floor":14},{"not_picked":["All For One","Fission"],"picked":"Echo Form","floor":16},{"not_picked":["Genetic Algorithm","Redo"],"picked":"Auto Shields","floor":18},{"not_picked":["Genetic Algorithm","Fusion"],"picked":"White Noise+1","floor":22}],"player_experience":375019,"relics_obtained":[{"floor":7,"key":"Pantograph"},{"floor":9,"key":"The Courier"},{"floor":14,"key":"Darkstone Periapt"},{"floor":20,"key":"Necronomicon"}],"event_choices":[{"damage_healed":0,"gold_gain":0,"player_choice":"Donut","damage_taken":0,"max_hp_gain":5,"max_hp_loss":0,"event_name":"Big Fish","floor":4,"gold_loss":0},{"damage_healed":0,"gold_gain":0,"player_choice":"Forge","damage_taken":0,"max_hp_gain":0,"max_hp_loss":0,"event_name":"Accursed Blacksmith","floor":10,"gold_loss":0,"cards_upgraded":["Darkness"]},{"damage_healed":0,"gold_gain":0,"player_choice":"Obtained Relic","damage_taken":0,"relics_obtained":["Juzu Bracelet"],"max_hp_gain":0,"max_hp_loss":0,"event_name":"Addict","floor":19,"gold_loss":85},{"damage_healed":0,"gold_gain":0,"player_choice":"Obtained Book","damage_taken":16,"max_hp_gain":0,"max_hp_loss":0,"event_name":"Cursed Tome","floor":20,"gold_loss":0},{"damage_healed":0,"gold_gain":0,"cards_transformed":["Strike_B","Strike_B"],"player_choice":"Became Test Subject","damage_taken":0,"max_hp_gain":0,"max_hp_loss":0,"event_name":"Drug Dealer","floor":21,"gold_loss":0,"cards_obtained":["Rebound","Force Field"]}],"is_beta":false,"boss_relics":[{"not_picked":["Black Star","Fusion Hammer"],"picked":"Sozu"}],"items_purged_floors":[],"is_endless":false,"potions_floor_spawned":[2,7,11,12,18,22],"killed_by":"3 Cultists","ascension_level":11}