{"gold_per_floor":[119,130,130,147,147,185,185,220,220,18,18,31,69,69,69,192,192,216,141,30,54,14,57,76,76,76,76,91,6,44,64,64,190,190,211,235,89,108,121,121,164,184,184,184,204,204,228,271,271,271,271,271,0,44,44],"floor_reached":55,"playtime":7772,"items_purged":["Defend_B","Strike_B"],"score":1057,"play_id":"910a320d-d537-4460-81e2-d8561476730c","local_time":"20190731004838","is_ascension_mode":true,"campfire_choices":[{"data":"Zap","floor":7.0,"key":"SMITH"},{"data":"Genetic Algorithm","floor":11.0,"key":"SMITH"},{"floor":15.0,"key":"REST"},{"data":"Defragment","floor":25.0,"key":"SMITH"},{"data":"Dualcast","floor":27.0,"key":"SMITH"},{"data":"Defragment","floor":32.0,"key":"SMITH"},{"data":"Capacitor","floor":40,"key":"SMITH"},{"floor":49,"key":"RECALL"},{"data":"Buffer","floor":52,"key":"SMITH"}],"neow_cost":"NONE","seed_source_timestamp":0,"circlet_count":0,"master_deck":["Strike_B","Defend_B","Defend_B","Defend_B","Zap+1","Dualcast+1","Chill","Sweeping Beam","Cold Snap","Barrage","Genetic Algorithm+1","Defragment+1","Machine Learning","White Noise","Undo","Barrage+1","Compile Driver","Self Repair","Melter+1","Defragment+1","FTL+1","Creative AI","Go for the Eyes+1","Conserve Battery+1","Capacitor+1","Core Surge","Redo+1","Force Field+1","Lockon+1","Coolheaded+1","Storm+1","Coolheaded+1","Buffer+1","Echo Form","Chrysalis","Turbo+1"],"special_seed":0,"relics":["Cracked Core","NeowsBlessing","Torii","Golden Idol","Mango","Pocketwatch","Bird Faced Urn","Strange Spoon","Mummified Hand","Coffee Dripper","Lantern","Kunai","Regal Pillow","Bottled Flame","Empty Cage","Art of War","Prayer Wheel","Blue Candle","Emotion Chip"],"potions_floor_usage":[41,50,55,55,55],"damage_taken":[{"damage":0.0,"enemies":"Cultist","floor":1.0,"turns":1.0},{"damage":0.0,"enemies":"2 Louse","floor":2.0,"turns":1.0},{"damage":0.0,"enemies":"Jaw Worm","floor":4.0,"turns":1.0},{"damage":48.0,"enemies":"Gremlin Nob","floor":6.0,"turns":6.0},{"damage":9.0,"enemies":"3 Sentries","floor":8.0,"turns":8.0},{"damage":0.0,"enemies":"2 Fungi Beasts","floor":12.0,"turns":3.0},{"damage":27.0,"enemies":"Gremlin Nob","floor":13.0,"turns":4.0},{"damage":19.0,"enemies":"Slime Boss","floor":16.0,"turns":10.0},{"damage":14.0,"enemies":"Chosen","floor":18.0,"turns":5.0},{"damage":7.0,"enemies":"Shell Parasite","floor":21.0,"turns":6.0},{"damage":37.0,"enemies":"Gremlin Leader","floor":23.0,"turns":6.0},{"damage":2.0,"enemies":"Snake Plant","floor":24.0,"turns":5.0},{"damage":7.0,"enemies":"Cultist and Chosen","floor":28.0,"turns":5.0},{"damage":19.0,"enemies":"Book of Stabbing","floor":30.0,"turns":5.0},{"damage":0.0,"enemies":"3 Cultists","floor":31.0,"turns":6.0},{"damage":14.0,"enemies":"Collector","floor":33.0,"turns":8.0},{"damage":0,"enemies":"3 Shapes","floor":35,"turns":6},{"damage":1,"enemies":"Orb Walker","floor":36,"turns":4},{"damage":9,"enemies":"4 Shapes","floor":38,"turns":4},{"damage":0,"enemies":"Jaw Worm Horde","floor":39,"turns":6},{"damage":19,"enemies":"Giant Head","floor":41,"turns":9},{"damage":47,"enemies":"Transient","floor":42,"turns":5},{"damage":17,"enemies":"Sphere and 2 Shapes","floor":45,"turns":5},{"damage":9,"enemies":"Jaw Worm Horde","floor":47,"turns":5},{"damage":1,"enemies":"Nemesis","floor":48,"turns":7},{"damage":20,"enemies":"Time Eater","floor":50,"turns":10},{"damage":83,"enemies":"Shield and Spear","floor":54,"turns":7},{"damage":53,"enemies":"The Heart","floor":55,"turns":3}],"seed_played":"4351226484080900198","potions_obtained":[{"floor":1.0,"key":"Regen Potion"},{"floor":8.0,"key":"Poison Potion"},{"floor":13.0,"key":"AttackPotion"},{"floor":22.0,"key":"SpeedPotion"},{"floor":22.0,"key":"SmokeBomb"},{"floor":22.0,"key":"Ancient Potion"},{"floor":23.0,"key":"SpeedPotion"},{"floor":28.0,"key":"FocusPotion"},{"floor":30.0,"key":"Strength Potion"},{"floor":31.0,"key":"SkillPotion"},{"floor":38,"key":"FocusPotion"},{"floor":39,"key":"Weak Potion"},{"floor":41,"key":"Poison Potion"},{"floor":42,"key":"Dexterity Potion"},{"floor":54,"key":"SteroidPotion"}],"is_trial":false,"path_per_floor":["M","M","?","M","?","E","R","E","T","$","R","M","E","?","R","B",null,"M","?","$","M","?","E","M","R","T","R","M","?","E","M","R","B",null,"M","M","$","M","M","R","E","M","T","?","M","?","M","E","R","B",null,"R","$","E","B"],"character_chosen":"DEFECT","items_purchased":["Strange Spoon","Undo","Capacitor","Core Surge","Chrysalis"],"campfire_rested":1,"item_purchase_floors":[10,20,37,37,53],"current_hp_per_floor":[68,68,68,68,68,34,34,40,40,40,40,40,13,13,39,22,72,62,62,62,61,61,30,34,34,34,34,44,44,40,57,57,64,83,89,89,89,89,89,89,89,63,63,63,65,65,77,89,89,89,89,89,89,31,0],"gold":44,"neow_bonus":"THREE_ENEMY_KILL","is_prod":false,"is_daily":false,"chose_seed":false,"campfire_upgraded":7,"win_rate":0,"timestamp":1564559318,"path_taken":["M","M","?","?","?","E","R","E","T","?","R","M","E","?","R","BOSS","M","?","$","M","?","E","?","R","T","R","M","?","E","M","R","BOSS","M","M","$","M","M","R","E","M","T","?","M","?","M","E","R","BOSS","R","$","E","BOSS"],"build_version":"2019-07-17","purchased_purges":2,"victory":false,"max_hp_per_floor":[75,75,75,75,75,89,89,89,89,89,89,89,89,89,89,89,89,89,89,89,89,89,89,89,89,89,89,89,89,89,89,89,89,89,89,89,89,89,89,89,89,89,89,89,89,89,89,89,89,89,89,89,89,89,89],"card_choices":[{"not_picked":["Go for the Eyes","Auto Shields"],"picked":"Chill","floor":1.0},{"not_picked":["Storm","Redo"],"picked":"Sweeping Beam","floor":2.0},{"not_picked":["Consume","Beam Cell"],"picked":"Cold Snap","floor":4.0},{"not_picked":["Self Repair","Leap"],"picked":"Barrage","floor":6.0},{"not_picked":["Streamline","Redo"],"picked":"Genetic Algorithm","floor":8.0},{"not_picked":["Redo","Fusion","Melter"],"picked":"SKIP","floor":12.0},{"not_picked":["Seek","Rip and Tear"],"picked":"Defragment","floor":13.0},{"not_picked":["Reboot","Electrodynamics"],"picked":"Machine Learning","floor":16.0},{"not_picked":["Barrage","Go for the Eyes"],"picked":"White Noise","floor":18.0},{"not_picked":["Turbo","Reinforced Body"],"picked":"Barrage+1","floor":21.0},{"not_picked":["Consume+1","Gash"],"picked":"Compile Driver","floor":23.0},{"not_picked":["Steam+1","Storm"],"picked":"Self Repair","floor":24.0},{"not_picked":["Consume+1","Barrage"],"picked":"Melter+1","floor":28.0},{"not_picked":["Cold Snap","Streamline"],"picked":"Defragment","floor":30.0},{"not_picked":["Leap","Barrage"],"picked":"FTL+1","floor":31.0},{"not_picked":["Fission","Reboot"],"picked":"Creative AI","floor":33.0},{"not_picked":["Leap+1","Barrage"],"picked":"Go for the Eyes+1","floor":35},{"not_picked":["Leap+1","Skim"],"picked":"Conserve Battery+1","floor":36},{"not_picked":["Recycle","Ball Lightning"],"picked":"Redo+1","floor":38},{"not_picked":["Genetic Algorithm+1","Gash+1"],"picked":"Force Field+1","floor":39},{"not_picked":["Leap+1","Cold Snap"],"picked":"Lockon+1","floor":41},{"not_picked":["Conserve Battery+1","Static Discharge+1"],"picked":"Coolheaded+1","floor":42},{"not_picked":["Redo+1","Self Repair+1"],"picked":"Storm+1","floor":45},{"not_picked":["Sweeping Beam+1","Go for the Eyes"],"picked":"Coolheaded+1","floor":47},{"not_picked":["Compile Driver","Redo+1"],"picked":"Buffer","floor":47},{"not_picked":["Reprogram","Blizzard+1"],"picked":"Echo Form","floor":48},{"not_picked":["Genetic Algorithm","Cold Snap+1"],"picked":"Turbo+1","floor":54}],"player_experience":535750,"relics_obtained":[{"floor":3.0,"key":"Torii"},{"floor":6.0,"key":"Mango"},{"floor":8.0,"key":"Pocketwatch"},{"floor":9.0,"key":"Bird Faced Urn"},{"floor":13.0,"key":"Mummified Hand"},{"floor":23.0,"key":"Lantern"},{"floor":26.0,"key":"Kunai"},{"floor":30.0,"key":"Bottled Flame"},{"floor":41,"key":"Art of War"},{"floor":46,"key":"Prayer Wheel"},{"floor":48,"key":"Blue Candle"},{"floor":54,"key":"Emotion Chip"}],"event_choices":[{"damage_healed":0.0,"max_hp_gain":0.0,"max_hp_loss":0.0,"gold_gain":0.0,"event_name":"Wheel of Change","player_choice":"Relic","floor":3.0,"gold_loss":0.0,"damage_taken":0.0},{"damage_healed":0.0,"max_hp_gain":0.0,"max_hp_loss":0.0,"gold_gain":0.0,"event_name":"Golden Idol","player_choice":"Take Wound","floor":5.0,"gold_loss":0.0,"damage_taken":0.0,"relics_obtained":["Golden Idol"],"cards_obtained":["Injury"]},{"damage_healed":0.0,"max_hp_gain":0.0,"max_hp_loss":0.0,"gold_gain":0.0,"event_name":"Scrap Ooze","player_choice":"Fled","floor":14.0,"gold_loss":0.0,"damage_taken":0.0},{"cards_removed":["Injury"],"damage_healed":0.0,"max_hp_gain":0.0,"max_hp_loss":0.0,"gold_gain":0.0,"event_name":"Beggar","player_choice":"Gave Gold","floor":19.0,"gold_loss":75.0,"damage_taken":0.0},{"damage_healed":0.0,"max_hp_gain":0.0,"max_hp_loss":0.0,"gold_gain":0.0,"event_name":"The Woman in Blue","player_choice":"Bought 3 Potions","floor":22.0,"gold_loss":0.0,"damage_taken":0.0},{"damage_healed":0.0,"max_hp_gain":0.0,"max_hp_loss":0.0,"gold_gain":0.0,"event_name":"Addict","player_choice":"Obtained Relic","floor":29.0,"gold_loss":85.0,"damage_taken":0.0,"relics_obtained":["Regal Pillow"]},{"damage_healed":0,"gold_gain":0,"player_choice":"Ignored","damage_taken":0,"max_hp_gain":0,"max_hp_loss":0,"event_name":"Tomb of Lord Red Mask","floor":44,"gold_loss":0},{"damage_healed":0,"gold_gain":0,"player_choice":"Relic","damage_taken":0,"max_hp_gain":0,"max_hp_loss":0,"event_name":"Wheel of Change","floor":46,"gold_loss":0}],"is_beta":false,"boss_relics":[{"not_picked":["Runic Dome","Cursed Key"],"picked":"Coffee Dripper"},{"not_picked":["Philosopher\u0027s Stone","Velvet Choker"],"picked":"Empty Cage"}],"items_purged_floors":[20,53],"is_endless":false,"potions_floor_spawned":[1,8,13,23,28,30,31,38,39,41,42,48,54],"killed_by":"The Heart","ascension_level":8}