{"path_per_floor":["M","M","M","M","?","R","?","R","T","M","E","M","M","M","R","B",null,"M","M"],"character_chosen":"THE_SILENT","items_purchased":[],"gold_per_floor":[116,132,146,158,108,108,108,108,154,171,202,222,240,259,259,363,363,382,366],"floor_reached":20,"campfire_rested":1,"playtime":1049,"current_hp_per_floor":[60,60,56,55,55,55,52,52,52,50,36,28,16,8,29,26,70,21,8],"items_purged":[],"gold":366,"score":180,"play_id":"d2d4b88e-ad6b-43bc-b2b7-747fa30a91ee","local_time":"20180320203351","is_prod":false,"is_daily":false,"is_ascension_mode":false,"campfire_upgraded":2,"timestamp":1521592431,"path_taken":["M","M","M","M","?","R","?","R","T","M","E","M","M","M","R","BOSS","M","M","M"],"build_version":"2018-03-15v3","purchased_purges":0,"victory":false,"master_deck":["Defend_G","Defend_G","Defend_G","Defend_G","Strike_G+1","Strike_G","Survivor","Neutralize","Prepared+1","Bullet Time+1","Deadly Poison+1","Dagger Spray+1","Sucker Punch+1","After Image+1","Footwork","Footwork","Unload","Footwork+1","Noxious Fumes"],"max_hp_per_floor":[70,70,70,70,70,70,70,70,70,70,70,70,70,70,70,70,70,70,70],"relics":["Astrolabe","Ornamental Fan","Whetstone","Happy Flower","Runic Dome"],"card_choices":[{"not_picked":["Bane","Well Laid Plans"],"picked":"Dagger Spray"},{"not_picked":["Flying Knee","Slice"],"picked":"Sucker Punch"},{"not_picked":["Sucker Punch","Outmaneuver"],"picked":"After Image"},{"not_picked":["Flying Knee","Backflip"],"picked":"Footwork"},{"not_picked":["Poisoned Stab","Expertise"],"picked":"Footwork"},{"not_picked":["Phantasmal Killer","Corpse Explosion"],"picked":"Unload"},{"not_picked":["PiercingWail","Eviscerate"],"picked":"Footwork"},{"not_picked":["Outmaneuver","Sucker Punch"],"picked":"Noxious Fumes"}],"player_experience":219909,"potions_floor_usage":[],"damage_taken":[{"damage":10,"enemies":"Jaw Worm","floor":1,"turns":4},{"damage":0,"enemies":"Cultist","floor":2,"turns":3},{"damage":4,"enemies":"Small Slimes","floor":3,"turns":3},{"damage":1,"enemies":"Blue Slaver","floor":4,"turns":3},{"damage":2,"enemies":"Large Slime","floor":10,"turns":4},{"damage":14,"enemies":"Gremlin Nob","floor":11,"turns":5},{"damage":8,"enemies":"Exordium Wildlife","floor":12,"turns":4},{"damage":12,"enemies":"3 Louse","floor":13,"turns":4},{"damage":8,"enemies":"Large Slime","floor":14,"turns":7},{"damage":3,"enemies":"Hexaghost","floor":16,"turns":10},{"damage":49,"enemies":"Chosen","floor":18,"turns":8},{"damage":13,"enemies":"2 Thieves","floor":19,"turns":5},{"damage":9,"enemies":"Slaver and Parasite","floor":20,"turns":2}],"event_choices":[{"event_name":"The Cleric","player_choice":"Card Removal","floor":5,"damage_taken":0},{"event_name":"Scrap Ooze","player_choice":"success","floor":7,"damage_taken":3}],"boss_relics":[{"not_picked":["White Beast Statue","Eternal Feather"],"picked":"Runic Dome"}],"potions_floor_spawned":[2,4,12,13],"seed_played":"-3336408057478435262","killed_by":"Slaver and Parasite","ascension_level":0,"is_trial":false}