{"gold_per_floor":[114,114,134,56,56,82,95,130,130,130,130,130,143,153,153,153],"floor_reached":16,"playtime":390,"items_purged":[],"score":209,"play_id":"5026822f-4844-4785-9c0b-bdd51cd509a5","local_time":"20190101032815","is_ascension_mode":true,"campfire_choices":[{"data":"Sunder","floor":10,"key":"SMITH"},{"data":"Zap","floor":11,"key":"SMITH"},{"floor":12,"key":"REST"},{"data":"Redo","floor":15,"key":"SMITH"}],"neow_cost":"NONE","seed_source_timestamp":985417231526866,"circlet_count":0,"master_deck":["AscendersBane","Strike_B","Strike_B","Strike_B","Strike_B","Defend_B","Defend_B+1","Defend_B","Defend_B","Zap+1","Dualcast+1","Hologram","Sunder+1","Redo+1","Core Surge","Leap"],"relics":["Cracked Core","NeowsBlessing","WingedGreaves","Ornamental Fan","Blue Candle"],"potions_floor_usage":[16],"damage_taken":[{"damage":0,"enemies":"2 Louse","floor":1,"turns":1},{"damage":0,"enemies":"Jaw Worm","floor":3,"turns":1},{"damage":0,"enemies":"3 Sentries","floor":6,"turns":1},{"damage":0,"enemies":"Cultist","floor":7,"turns":2},{"damage":30,"enemies":"Gremlin Nob","floor":8,"turns":4},{"damage":0,"enemies":"2 Fungi Beasts","floor":13,"turns":3},{"damage":3,"enemies":"Blue Slaver","floor":14,"turns":3},{"damage":42,"enemies":"The Guardian","floor":16,"turns":8}],"seed_played":"2735874273124070877","potions_obtained":[{"floor":3,"key":"Ancient Potion"},{"floor":6,"key":"Explosive Potion"}],"is_trial":false,"path_per_floor":["M","?","M","$","?","E","M","E","T","R","R","R","M","M","R","B"],"character_chosen":"DEFECT","items_purchased":["Sunder"],"campfire_rested":1,"item_purchase_floors":[4],"current_hp_per_floor":[68,53,53,53,53,53,53,23,23,23,23,45,45,42,42,0],"gold":153,"neow_bonus":"THREE_ENEMY_KILL","is_prod":false,"is_daily":false,"chose_seed":false,"campfire_upgraded":3,"win_rate":0,"timestamp":1546309695,"path_taken":["M","?","M","$","?","E","M","E","T","R","R","R","M","M","R","BOSS"],"build_version":"2018-12-20","purchased_purges":0,"victory":false,"max_hp_per_floor":[75,75,75,75,75,75,75,75,75,75,75,75,75,75,75,75],"card_choices":[{"not_picked":["Turbo","Steam","Sweeping Beam"],"picked":"SKIP","floor":1},{"not_picked":["Go for the Eyes","Sweeping Beam"],"picked":"Hologram","floor":3},{"not_picked":["Stack","Turbo"],"picked":"Redo","floor":6},{"not_picked":["Redo","Turbo","Conserve Battery"],"picked":"SKIP","floor":7},{"not_picked":["Meteor Strike","Gash"],"picked":"Core Surge","floor":8},{"not_picked":["Rebound","Barrage"],"picked":"Leap","floor":13},{"not_picked":["Redo","Rebound","Coolheaded"],"picked":"SKIP","floor":14}],"player_experience":372248,"relics_obtained":[{"floor":6,"key":"WingedGreaves"},{"floor":8,"key":"Ornamental Fan"},{"floor":9,"key":"Blue Candle"}],"event_choices":[{"damage_healed":0,"gold_gain":0,"player_choice":"Entered Light","damage_taken":15,"max_hp_gain":0,"max_hp_loss":0,"event_name":"Shining Light","floor":2,"gold_loss":0,"cards_upgraded":["Dualcast","Defend_B"]},{"damage_healed":0,"gold_gain":0,"player_choice":"Bought 0 Potions","damage_taken":0,"max_hp_gain":0,"max_hp_loss":0,"event_name":"The Woman in Blue","floor":5,"gold_loss":0}],"is_beta":false,"boss_relics":[],"items_purged_floors":[],"is_endless":false,"potions_floor_spawned":[3,6,7],"killed_by":"The Guardian","ascension_level":11}