{"gold_per_floor":[109,109,109,71,96,136,136,156,156,170,198,198,198,223,223,344,344,369,188,203,218,239,239,574,574,574,613,613,613,613,629,629,629],"floor_reached":33,"playtime":1129,"items_purged":["Strike_G"],"score":310,"play_id":"c4a4e697-64dd-4946-a9c3-a4241c0bccee","local_time":"20181031005716","is_ascension_mode":false,"campfire_choices":[{"data":"Cloak And Dagger","floor":7,"key":"SMITH"},{"data":"Blade Dance","floor":12,"key":"SMITH"},{"data":"Choke","floor":15,"key":"SMITH"},{"data":"Accuracy","floor":23,"key":"SMITH"},{"data":"Cloak And Dagger","floor":25,"key":"SMITH"},{"floor":30,"key":"REST"},{"data":"Die Die Die","floor":32,"key":"SMITH"}],"neow_cost":"NONE","seed_source_timestamp":33642591487251,"circlet_count":0,"master_deck":["Defend_G+1","Defend_G+1","Defend_G+1","Defend_G+1","Defend_G+1","Strike_G+1","Strike_G+1","Strike_G+1","Strike_G+1","Survivor","Neutralize+1","Dodge and Roll","Well Laid Plans","Choke+1","Cloak And Dagger+1","Cloak And Dagger+1","Blade Dance+1","Backstab","Die Die Die+1","Accuracy+1","Slice+1","Slice"],"relics":["Ring of the Snake","Bloody Idol","The Courier","Mercury Hourglass","Odd Mushroom","Black Star","Vajra","Old Coin","Prayer Wheel","Bag of Marbles","Toxic Egg 2","Shuriken"],"potions_floor_usage":[16,24,33,33],"damage_taken":[{"damage":0,"enemies":"Cultist","floor":1,"turns":4},{"damage":1,"enemies":"Jaw Worm","floor":5,"turns":6},{"damage":32,"enemies":"3 Sentries","floor":6,"turns":10},{"damage":0,"enemies":"Small Slimes","floor":8,"turns":3},{"damage":2,"enemies":"Exordium Wildlife","floor":10,"turns":3},{"damage":5,"enemies":"The Mushroom Lair","floor":11,"turns":3},{"damage":0,"enemies":"2 Fungi Beasts","floor":14,"turns":2},{"damage":32,"enemies":"Hexaghost","floor":16,"turns":12},{"damage":10,"enemies":"Spheric Guardian","floor":18,"turns":3},{"damage":7,"enemies":"Shell Parasite","floor":20,"turns":5},{"damage":13,"enemies":"Sentry and Sphere","floor":21,"turns":4},{"damage":10,"enemies":"Snecko","floor":22,"turns":5},{"damage":0,"enemies":"Gremlin Leader","floor":24,"turns":5},{"damage":15,"enemies":"Slavers","floor":27,"turns":4},{"damage":0,"enemies":"Cultist and Chosen","floor":31,"turns":3},{"damage":83,"enemies":"Automaton","floor":33,"turns":6}],"seed_played":"5335186473582880135","potions_obtained":[{"floor":10,"key":"Block Potion"},{"floor":16,"key":"Fire Potion"},{"floor":22,"key":"Ancient Potion"},{"floor":24,"key":"Swift Potion"},{"floor":27,"key":"FearPotion"}],"is_trial":false,"path_per_floor":["M","?","?","$","M","E","R","M","T","M","?","R","?","M","R","B",null,"M","$","M","M","M","R","E","R","T","E","?","?","R","M","R"],"character_chosen":"THE_SILENT","items_purchased":["Well Laid Plans","Vajra"],"campfire_rested":1,"item_purchase_floors":[4,19],"current_hp_per_floor":[77,58,58,58,57,25,25,25,25,23,18,18,43,43,43,11,77,67,67,60,47,37,37,37,37,37,22,22,22,45,50,50,0],"gold":629,"neow_bonus":"TEN_PERCENT_HP_BONUS","is_prod":false,"is_daily":false,"chose_seed":false,"campfire_upgraded":6,"win_rate":0,"timestamp":1540961836,"path_taken":["M","?","?","?","M","E","R","M","T","M","?","R","?","?","R","BOSS","M","$","M","M","M","R","E","R","T","E","?","?","R","M","R","BOSS"],"build_version":"2018-10-29v2","purchased_purges":1,"victory":false,"max_hp_per_floor":[77,77,77,77,77,77,77,77,77,77,77,77,77,77,77,77,77,77,77,77,77,77,77,77,77,77,77,77,77,77,77,77,77],"card_choices":[{"not_picked":["Backflip","Tactician"],"picked":"Dodge and Roll","floor":1},{"not_picked":["Flying Knee","Outmaneuver"],"picked":"Choke","floor":5},{"not_picked":["Terror","Outmaneuver"],"picked":"Cloak And Dagger","floor":6},{"not_picked":["Outmaneuver","Choke","Acrobatics"],"picked":"SKIP","floor":8},{"not_picked":["Masterful Stab","Deadly Poison"],"picked":"Cloak And Dagger","floor":10},{"not_picked":["Slice","Sucker Punch"],"picked":"Blade Dance","floor":11},{"not_picked":["Deflect","Quick Slash"],"picked":"Backstab","floor":14},{"not_picked":["Night Terror","Venomology"],"picked":"Die Die Die","floor":16},{"not_picked":["Bane","Dagger Throw","Outmaneuver"],"picked":"SKIP","floor":18},{"not_picked":["Footwork","Sucker Punch+1"],"picked":"Accuracy","floor":20},{"not_picked":["Acrobatics","Poisoned Stab","Dagger Spray"],"picked":"SKIP","floor":21},{"not_picked":["Blade Dance","Crippling Poison"],"picked":"Slice+1","floor":22},{"not_picked":["Acrobatics","Wraith Form v2","Backflip"],"picked":"SKIP","floor":24},{"not_picked":["Flying Knee","Quick Slash+1","Catalyst"],"picked":"SKIP","floor":27},{"not_picked":["Sucker Punch","Prepared+1"],"picked":"Slice","floor":31},{"not_picked":["Distraction+1","Outmaneuver+1","Catalyst+1"],"picked":"SKIP","floor":31}],"player_experience":955511,"relics_obtained":[{"floor":6,"key":"The Courier"},{"floor":9,"key":"Mercury Hourglass"},{"floor":11,"key":"Odd Mushroom"},{"floor":24,"key":"Old Coin"},{"floor":24,"key":"Prayer Wheel"},{"floor":26,"key":"Bag of Marbles"},{"floor":27,"key":"Toxic Egg 2"},{"floor":27,"key":"Shuriken"}],"event_choices":[{"damage_healed":0,"gold_gain":0,"player_choice":"Take Damage","damage_taken":19,"relics_obtained":["Golden Idol"],"max_hp_gain":0,"max_hp_loss":0,"event_name":"Golden Idol","floor":2,"gold_loss":0},{"damage_healed":0,"gold_gain":0,"player_choice":"Grow","damage_taken":0,"max_hp_gain":0,"max_hp_loss":0,"event_name":"Living Wall","floor":3,"gold_loss":0,"cards_upgraded":["Neutralize"]},{"damage_healed":0,"gold_gain":0,"player_choice":"Fought Mushrooms","damage_taken":0,"max_hp_gain":0,"max_hp_loss":0,"event_name":"Mushrooms","floor":11,"gold_loss":0},{"damage_healed":25,"gold_gain":0,"player_choice":"Banana","damage_taken":0,"max_hp_gain":0,"max_hp_loss":0,"event_name":"Big Fish","floor":13,"gold_loss":0},{"damage_healed":0,"gold_gain":0,"player_choice":"Simplicity","damage_taken":0,"max_hp_gain":0,"max_hp_loss":0,"event_name":"Back to Basics","floor":28,"gold_loss":0,"cards_upgraded":["Defend_G","Defend_G","Defend_G","Defend_G","Defend_G","Strike_G","Strike_G","Strike_G","Strike_G"]},{"damage_healed":0,"gold_gain":0,"player_choice":"Gave Idol","damage_taken":0,"relics_obtained":["Bloody Idol"],"max_hp_gain":0,"max_hp_loss":0,"event_name":"Forgotten Altar","floor":29,"relics_lost":["Golden Idol"],"gold_loss":0}],"is_beta":true,"boss_relics":[{"not_picked":["Runic Pyramid","Sozu"],"picked":"Black Star"}],"items_purged_floors":[19],"is_endless":false,"potions_floor_spawned":[10,16,22,24,27,31],"killed_by":"Automaton","ascension_level":0}