{"gold_per_floor":[116,116,291,308,43,43,43,43,92,117,117,129,144,154,154,257,257,274,293,72,72,87,87,187,187,237,237,87,101,121,121,121,218,218,238,158,177,0,0,0,0,35,35,35,45,65,65,76,76,76],"floor_reached":50,"playtime":1551,"items_purged":["Doubt"],"score":495,"play_id":"2f6a4045-ef45-42fd-9665-a2b8a0218e47","local_time":"20180707212357","is_ascension_mode":false,"campfire_choices":[{"data":"Mayhem","floor":6,"key":"SMITH"},{"data":"Zap","floor":11,"key":"SMITH"},{"data":"Rip and Tear","floor":15,"key":"SMITH"},{"data":"Self Repair","floor":23,"key":"SMITH"},{"data":"Coolheaded","floor":25,"key":"SMITH"},{"data":"Reprogram","floor":27,"key":"SMITH"},{"data":"Mind Blast","floor":32,"key":"SMITH"},{"data":"Redo","floor":41,"key":"SMITH"},{"data":"Static Discharge","floor":44,"key":"SMITH"},{"data":"Meteor Strike","floor":49,"key":"SMITH"}],"neow_cost":"NONE","seed_source_timestamp":588165138739970,"circlet_count":0,"master_deck":["Strike_B","Strike_B","Defend_B+1","Defend_B+1","Defend_B","Defend_B","Zap+1","Dualcast","Coolheaded+1","Rip and Tear+1","Mayhem+1","Gash","BootSequence","Electrodynamics","Cold Snap","Self Repair+1","Reprogram+1","Mind Blast+1","Redo+1","Rebound","Gash","All For One","Gash+1","Static Discharge+1","Glacier","Panacea","Gash","Meteor Strike+1"],"relics":["Cracked Core","Juzu Bracelet","Bronze Scales","Question Card","Coffee Dripper","DataDisk","War Paint","Sozu","Red Mask","Letter Opener","Smiling Mask"],"potions_floor_usage":[22,33,33,33,42,42,46],"damage_taken":[{"damage":10,"enemies":"Small Slimes","floor":1,"turns":3},{"damage":0,"enemies":"Cultist","floor":4,"turns":3},{"damage":13,"enemies":"Lagavulin","floor":10,"turns":5},{"damage":5,"enemies":"2 Louse","floor":12,"turns":2},{"damage":3,"enemies":"2 Fungi Beasts","floor":13,"turns":3},{"damage":10,"enemies":"Blue Slaver","floor":14,"turns":2},{"damage":14,"enemies":"Hexaghost","floor":16,"turns":9},{"damage":7,"enemies":"Spheric Guardian","floor":18,"turns":4},{"damage":0,"enemies":"Chosen","floor":19,"turns":4},{"damage":15,"enemies":"Snake Plant","floor":22,"turns":3},{"damage":4,"enemies":"Cultist and Chosen","floor":29,"turns":6},{"damage":0,"enemies":"Centurion and Healer","floor":30,"turns":4},{"damage":74,"enemies":"Collector","floor":33,"turns":11},{"damage":5,"enemies":"3 Shapes","floor":35,"turns":3},{"damage":20,"enemies":"Flame Bruiser 1 Orb","floor":37,"turns":4},{"damage":5,"enemies":"Nemesis","floor":42,"turns":5},{"damage":2,"enemies":"4 Shapes","floor":45,"turns":5},{"damage":10,"enemies":"Spire Growth","floor":46,"turns":3},{"damage":10,"enemies":"Sphere and 2 Shapes","floor":48,"turns":3},{"damage":92,"enemies":"Time Eater","floor":50,"turns":8}],"seed_played":"1658481877684358936","potions_obtained":[{"floor":1,"key":"Energy Potion"},{"floor":4,"key":"Swift Potion"},{"floor":10,"key":"Weak Potion"},{"floor":16,"key":"AttackPotion"},{"floor":22,"key":"EntropicBrew"}],"is_trial":false,"path_per_floor":["M","?","?","M","$","R","?","?","T","E","R","M","M","M","R","B",null,"M","M","$","?","M","R","?","R","T","R","$","M","M","?","R","B",null,"M","$","M","?","?","?","R","E","T","R","M","M","?","M","R"],"character_chosen":"DEFECT","items_purchased":["Mayhem","Self Repair","DataDisk","Mind Blast","Redo","Static Discharge"],"campfire_rested":0,"item_purchase_floors":[5,20,20,28,28,36],"current_hp_per_floor":[65,65,65,65,65,65,65,70,70,57,57,52,49,39,39,25,80,73,73,73,73,65,65,65,65,65,65,65,71,80,80,80,16,80,80,80,70,70,70,70,70,75,75,75,80,80,80,80,80,0],"gold":76,"neow_bonus":"RANDOM_COMMON_RELIC","is_prod":false,"is_daily":false,"chose_seed":false,"campfire_upgraded":10,"win_rate":0,"timestamp":1531013037,"path_taken":["M","?","?","M","?","R","?","?","T","E","R","M","M","M","R","BOSS","M","M","$","?","M","R","?","R","T","R","$","M","M","?","R","BOSS","M","$","M","?","?","?","R","E","T","R","M","M","?","M","R","BOSS"],"build_version":"2018-07-05","purchased_purges":1,"victory":false,"max_hp_per_floor":[75,75,75,75,75,75,75,80,80,80,80,80,80,80,80,80,80,80,80,80,80,80,80,80,80,80,80,80,80,80,80,80,80,80,80,80,80,80,80,80,80,80,80,80,80,80,80,80,80,80],"card_choices":[{"not_picked":["Doom and Gloom","Darkness"],"picked":"Coolheaded","floor":1},{"not_picked":["Streamline","FTL"],"picked":"Rip and Tear","floor":4},{"not_picked":["Consume","Stack","Coolheaded"],"picked":"SKIP","floor":10},{"not_picked":["Barrage","Compile Driver","Sweeping Beam"],"picked":"Gash","floor":12},{"not_picked":["Steam","Undo","Doom and Gloom","Hologram"],"picked":"SKIP","floor":13},{"not_picked":["Coolheaded","Fusion","Go for the Eyes"],"picked":"BootSequence","floor":14},{"not_picked":["Meteor Strike","Buffer","Seek"],"picked":"Electrodynamics","floor":16},{"not_picked":["Compile Driver","Stack","Leap"],"picked":"Cold Snap","floor":18},{"not_picked":["Cold Snap","Compile Driver","Barrage+1","Steam+1"],"picked":"SKIP","floor":19},{"not_picked":["Steam Power","Capacitor","Chill"],"picked":"Reprogram","floor":22},{"not_picked":["Compile Driver","Buffer","Go for the Eyes"],"picked":"Rebound","floor":29},{"not_picked":["Beam Cell+1","Steam+1","Coolheaded"],"picked":"Gash","floor":30},{"not_picked":["Echo Form","Electrodynamics","Multi-Cast"],"picked":"All For One","floor":33},{"not_picked":["Beam Cell+1","Steam Power","Barrage+1"],"picked":"Gash+1","floor":35},{"not_picked":["Static Discharge","Aggregate+1","Lockon"],"picked":"Glacier","floor":37},{"not_picked":["PanicButton","Trip","Swift Strike"],"picked":"Panacea","floor":40},{"not_picked":["Sweeping Beam+1","Compile Driver+1","Multi-Cast","Coolheaded"],"picked":"SKIP","floor":42},{"not_picked":["Beam Cell","Sweeping Beam+1","Conserve Battery+1","Turbo"],"picked":"SKIP","floor":45},{"not_picked":["Stack","Reinforced Body","Compile Driver"],"picked":"Gash","floor":46},{"not_picked":["Cold Snap+1","Beam Cell","Reinforced Body"],"picked":"Meteor Strike","floor":48}],"player_experience":725760,"relics_obtained":[{"floor":9,"key":"Bronze Scales"},{"floor":10,"key":"Question Card"},{"floor":26,"key":"War Paint"},{"floor":42,"key":"Letter Opener"},{"floor":43,"key":"Smiling Mask"}],"event_choices":[{"event_name":"Purifier","player_choice":"One Purge","floor":2,"damage_taken":0},{"event_name":"Liars Game","player_choice":"agreed","floor":3,"damage_taken":0},{"event_name":"Transmorgrifier","player_choice":"Transform","floor":7,"damage_taken":0},{"event_name":"Big Fish","player_choice":"Donut","floor":8,"damage_taken":0},{"event_name":"Vampires","player_choice":"Ignored","floor":21,"damage_taken":0},{"event_name":"Golden Shrine","player_choice":"Pray","floor":24,"damage_taken":0},{"event_name":"N\u0027loth","player_choice":"Ignored","floor":31,"damage_taken":0},{"event_name":"Tomb of Lord Red Mask","player_choice":"Paid","floor":38,"damage_taken":0},{"event_name":"Falling","player_choice":"Removed Power","floor":39,"damage_taken":0},{"event_name":"SensoryStone","player_choice":"Memory 1","floor":40,"damage_taken":0},{"event_name":"Mysterious Sphere","player_choice":"Ignore","floor":47,"damage_taken":0}],"boss_relics":[{"not_picked":["Eternal Feather","Runic Dome"],"picked":"Coffee Dripper"},{"not_picked":["Tiny House","Fusion Hammer"],"picked":"Sozu"}],"items_purged_floors":[5],"is_endless":false,"potions_floor_spawned":[1,4,10,16,22,33,37,42,45],"killed_by":"Time Eater","ascension_level":0}