{"path_per_floor":["M","?","$","M","$","R","$","M","T","M","R","E","M","M","R","B",null,"M","$","M","T","?","R","M","T","T","?","M","M","M","M","R","B",null,"M","M","$","?","M","R","M","M","T","R","M","?","?","M","R"],"character_chosen":"IRONCLAD","items_purchased":["Lantern","Flex","Question Card","Heavy Blade","Paper Frog"],"gold_per_floor":[112,287,66,80,55,55,55,73,152,172,172,203,216,229,229,328,328,345,60,74,74,74,74,87,87,87,186,200,217,235,255,255,360,360,380,397,140,0,15,15,29,48,48,48,60,60,60,79,79,79],"floor_reached":50,"campfire_rested":2,"playtime":1262,"item_purchase_floors":[3,5,19,19,37],"current_hp_per_floor":[80,80,80,80,80,80,80,80,80,80,80,80,85,85,85,85,85,85,85,79,79,79,79,84,84,84,84,63,58,46,34,34,20,85,85,50,50,50,54,64,20,10,10,45,38,37,37,43,80,0],"items_purged":["Doubt"],"gold":79,"score":625,"play_id":"189da939-b1e6-4fae-a8c9-99f3ce43387b","local_time":"20180614193347","is_prod":false,"is_daily":false,"chose_seed":false,"is_ascension_mode":false,"campfire_upgraded":6,"win_rate":0,"timestamp":1529019227,"campfire_choices":[{"data":"Body Slam","floor":6,"key":"SMITH"},{"data":"Perfected Strike","floor":11,"key":"SMITH"},{"data":"Perfected Strike","floor":15,"key":"SMITH"},{"data":"Demon Form","floor":23,"key":"SMITH"},{"data":"Heavy Blade","floor":32,"key":"SMITH"},{"data":"Shockwave","floor":40,"key":"SMITH"},{"floor":44,"key":"REST"},{"floor":49,"key":"REST"}],"path_taken":["M","?","$","M","$","R","$","M","T","M","R","E","M","M","R","BOSS","M","$","M","?","?","R","M","?","T","?","M","?","M","M","R","BOSS","M","M","$","?","M","R","M","M","T","R","M","?","?","M","R","BOSS"],"build_version":"2018-06-13v3","seed_source_timestamp":1292201820406547,"purchased_purges":1,"victory":false,"master_deck":["Strike_R","Strike_R","Strike_R","Strike_R","Strike_R","Defend_R","Defend_R","Defend_R","Defend_R","Bash","Body Slam+1","Sword Boomerang","Flex","Shockwave+1","Perfected Strike+1","Perfected Strike+1","Demon Form+1","Double Tap","Whirlwind+1","Heavy Blade+1","Uppercut+1","Perfected Strike+1","Flex+1","Pummel","Reaper","Headbutt","Pommel Strike+1","Sword Boomerang+1","Metallicize+1","Flame Barrier+1","Rage+1"],"max_hp_per_floor":[80,80,80,80,80,80,80,80,80,80,80,80,85,85,85,85,85,85,85,85,85,85,85,85,85,85,85,85,85,85,85,85,85,85,85,85,85,85,85,85,85,85,85,85,85,85,85,85,85,85],"relics":["Burning Blood","NeowsBlessing","Lantern","Dodecahedron","Oddly Smooth Stone","Philosopher\u0027s Stone","Question Card","Darkstone Periapt","Sundial","Toxic Egg 2","Eternal Feather","Paper Frog","Red Mask","Blue Candle","Girya"],"card_choices":[{"not_picked":["Uppercut","Entrench"],"picked":"Body Slam","floor":1},{"not_picked":["Power Through","Uppercut"],"picked":"Sword Boomerang","floor":4},{"not_picked":["Anger","Spot Weakness"],"picked":"Shockwave","floor":8},{"not_picked":["Dual Wield","Thunderclap"],"picked":"Perfected Strike","floor":10},{"not_picked":["Warcry","Clash","Shockwave"],"picked":"SKIP","floor":12},{"not_picked":["Wild Strike","Rampage"],"picked":"Perfected Strike","floor":13},{"not_picked":["True Grit","Pommel Strike"],"picked":"Demon Form","floor":14},{"not_picked":["Impervious","Demon Form"],"picked":"Double Tap","floor":16},{"not_picked":["Rage","Inflame"],"picked":"Whirlwind+1","floor":18},{"not_picked":["Iron Wave","Warcry","Power Through"],"picked":"Uppercut+1","floor":20},{"not_picked":["Rage","Entrench+1","Clash"],"picked":"Perfected Strike+1","floor":24},{"not_picked":["Rage+1","Burning Pact+1","Ghostly Armor+1","Heavy Blade"],"picked":"SKIP","floor":28},{"not_picked":["Sentinel+1","Rupture+1","Sword Boomerang"],"picked":"Flex+1","floor":29},{"not_picked":["Cleave","Fire Breathing","Burning Pact+1","Rupture+1"],"picked":"SKIP","floor":30},{"not_picked":["Cleave","Fire Breathing","Burning Pact+1","Rupture+1"],"picked":"SKIP","floor":30},{"not_picked":["Berserk","Warcry+1","Flex+1"],"picked":"Pummel","floor":31},{"not_picked":["Demon Form","Brutality","Double Tap+1"],"picked":"Reaper","floor":33},{"not_picked":["Shockwave+1","Disarm+1","Heavy Blade+1"],"picked":"Headbutt","floor":35},{"not_picked":["Clothesline","Armaments+1","Wild Strike"],"picked":"Pommel Strike+1","floor":36},{"not_picked":["Sever Soul","Pommel Strike+1","Headbutt+1"],"picked":"Sword Boomerang+1","floor":39},{"not_picked":["Combust","Cleave+1","Demon Form"],"picked":"Metallicize+1","floor":41},{"not_picked":["Heavy Blade+1","Clothesline+1","Rampage","Second Wind+1"],"picked":"SKIP","floor":42},{"not_picked":["Sentinel+1","Pommel Strike+1","Cleave","Havoc+1"],"picked":"SKIP","floor":45},{"not_picked":["Reckless Charge","Blood for Blood","Perfected Strike+1"],"picked":"Flame Barrier+1","floor":46},{"not_picked":["Iron Wave+1","Fire Breathing+1","Pommel Strike"],"picked":"Rage+1","floor":48}],"player_experience":553558,"potions_floor_usage":[12,13,16,36,45,50],"damage_taken":[{"damage":0,"enemies":"Small Slimes","floor":1,"turns":1},{"damage":0,"enemies":"2 Louse","floor":4,"turns":1},{"damage":0,"enemies":"Cultist","floor":8,"turns":1},{"damage":0,"enemies":"2 Fungi Beasts","floor":10,"turns":2},{"damage":0,"enemies":"Gremlin Nob","floor":12,"turns":3},{"damage":0,"enemies":"Large Slime","floor":13,"turns":4},{"damage":0,"enemies":"Looter","floor":14,"turns":1},{"damage":6,"enemies":"The Guardian","floor":16,"turns":6},{"damage":6,"enemies":"Shell Parasite","floor":18,"turns":3},{"damage":12,"enemies":"Spheric Guardian","floor":20,"turns":3},{"damage":1,"enemies":"Centurion and Healer","floor":24,"turns":3},{"damage":27,"enemies":"Snake Plant","floor":28,"turns":3},{"damage":11,"enemies":"Chosen and Byrds","floor":29,"turns":3},{"damage":18,"enemies":"Centurion and Healer","floor":30,"turns":4},{"damage":18,"enemies":"Snake Plant","floor":31,"turns":3},{"damage":20,"enemies":"Collector","floor":33,"turns":5},{"damage":0,"enemies":"Flame Bruiser 1 Orb","floor":35,"turns":2},{"damage":41,"enemies":"3 Darklings","floor":36,"turns":3},{"damage":29,"enemies":"Flame Bruiser 2 Orb","floor":39,"turns":4},{"damage":50,"enemies":"Spire Growth","floor":41,"turns":4},{"damage":16,"enemies":"4 Shapes","floor":42,"turns":4},{"damage":14,"enemies":"Maw","floor":45,"turns":6},{"damage":7,"floor":46,"turns":6},{"damage":0,"enemies":"Transient","floor":48,"turns":5},{"damage":94,"enemies":"Awakened One","floor":50,"turns":5}],"relics_obtained":[{"floor":9,"key":"Dodecahedron"},{"floor":12,"key":"Oddly Smooth Stone"},{"floor":21,"key":"Darkstone Periapt"},{"floor":25,"key":"Sundial"},{"floor":26,"key":"Toxic Egg 2"},{"floor":43,"key":"Blue Candle"},{"floor":46,"key":"Girya"}],"event_choices":[{"event_name":"Liars Game","player_choice":"agreed","floor":2,"damage_taken":0},{"event_name":"Drug Dealer","player_choice":"Ignored","floor":22,"damage_taken":0},{"event_name":"Nest","player_choice":"Stole From Cult","floor":27,"damage_taken":0},{"event_name":"Tomb of Lord Red Mask","player_choice":"Paid","floor":38,"damage_taken":0},{"event_name":"MindBloom","player_choice":"Fight","floor":46,"damage_taken":0},{"event_name":"The Lab","player_choice":"Got Potions","floor":47,"damage_taken":0}],"boss_relics":[{"not_picked":["Orrery","Black Blood"],"picked":"Philosopher\u0027s Stone"},{"not_picked":["Pandora\u0027s Box","Tiny House"],"picked":"Eternal Feather"}],"items_purged_floors":[3],"potions_floor_spawned":[1,8,12,14,18,20,24,28,30,36,39,42,45],"seed_played":"-8788426443583839078","killed_by":"Awakened One","ascension_level":0,"potions_obtained":[{"floor":1,"key":"Dexterity Potion"},{"floor":8,"key":"Block Potion"},{"floor":12,"key":"Fruit Juice"},{"floor":14,"key":"Block Potion"},{"floor":18,"key":"Strength Potion"},{"floor":20,"key":"GamblersBrew"},{"floor":30,"key":"EssenceOfSteel"},{"floor":36,"key":"FairyPotion"},{"floor":45,"key":"FearPotion"},{"floor":47,"key":"SteroidPotion"}],"is_trial":false}