{"gold_per_floor":[114,114,60,72,90,90,119,131,157,175,175,188,206,216,216,321,321,333,164,164,177,177,177,188,188,188,207,207,27,39,52,52,149,149,161,171,171,218,93,93,111,111,111,111,124,142,142,159,159,159],"floor_reached":51,"playtime":2108,"items_purged":["Strike_G","Strike_G","Strike_G"],"score":771,"play_id":"74f5d21e-37e8-4c36-9cde-3862d325f5c9","local_time":"20180814232629","is_ascension_mode":true,"campfire_choices":[{"data":"Neutralize","floor":6,"key":"SMITH"},{"data":"Glass Knife","floor":11,"key":"SMITH"},{"floor":15,"key":"REST"},{"data":"Envenom","floor":23,"key":"SMITH"},{"data":"Dagger Spray","floor":25,"key":"SMITH"},{"data":"Cloak And Dagger","floor":28,"key":"SMITH"},{"data":"Cloak And Dagger","floor":32,"key":"SMITH"},{"data":"After Image","floor":40,"key":"SMITH"},{"data":"Noxious Fumes","floor":42,"key":"SMITH"},{"floor":49,"key":"REST"}],"neow_cost":"PERCENT_DAMAGE","seed_source_timestamp":804766715451772,"circlet_count":0,"master_deck":["Defend_G","Defend_G","Defend_G","Defend_G","Strike_G+1","Strike_G+1","Survivor","Neutralize+1","Cloak And Dagger+1","Glass Knife+1","Dagger Spray+1","Cloak And Dagger+1","Envenom+1","Forethought","Sucker Punch","Noxious Fumes+1","After Image+1","Slice","Slice+1","Flash of Steel","Blur","Noxious Fumes+1"],"relics":["Ring of the Snake","Strawberry","Vajra","WristBlade","Thread and Needle","Cursed Key","Incense Burner"],"potions_floor_usage":[7,16,18,24,30,38,50,50,50],"damage_taken":[{"damage":0,"enemies":"2 Louse","floor":1,"turns":2},{"damage":1,"enemies":"Jaw Worm","floor":4,"turns":4},{"damage":1,"enemies":"Small Slimes","floor":5,"turns":5},{"damage":22,"enemies":"3 Sentries","floor":7,"turns":10},{"damage":0,"enemies":"Gremlin Gang","floor":8,"turns":5},{"damage":1,"enemies":"Lots of Slimes","floor":10,"turns":3},{"damage":0,"enemies":"Blue Slaver","floor":12,"turns":3},{"damage":0,"enemies":"Red Slaver","floor":13,"turns":3},{"damage":11,"enemies":"Large Slime","floor":14,"turns":4},{"damage":32,"enemies":"The Guardian","floor":16,"turns":16},{"damage":0,"enemies":"Spheric Guardian","floor":18,"turns":3},{"damage":9,"enemies":"Shell Parasite","floor":21,"turns":5},{"damage":48,"enemies":"Chosen and Byrds","floor":24,"turns":9},{"damage":0,"enemies":"Centurion and Healer","floor":27,"turns":5},{"damage":0,"enemies":"3 Cultists","floor":30,"turns":4},{"damage":0,"enemies":"Chosen and Byrds","floor":31,"turns":5},{"damage":31,"enemies":"Automaton","floor":33,"turns":9},{"damage":0,"enemies":"Orb Walker","floor":35,"turns":4},{"damage":17,"enemies":"Flame Bruiser 1 Orb","floor":36,"turns":6},{"damage":14,"floor":38,"turns":5},{"damage":18,"enemies":"Transient","floor":41,"turns":5},{"damage":10,"enemies":"Sphere and 2 Shapes","floor":45,"turns":5},{"damage":7,"enemies":"Spire Growth","floor":46,"turns":5},{"damage":1,"enemies":"4 Shapes","floor":48,"turns":5},{"damage":44,"enemies":"Time Eater","floor":50,"turns":11}],"seed_played":"8657400533879056888","potions_obtained":[{"floor":1,"key":"Block Potion"},{"floor":5,"key":"AttackPotion"},{"floor":12,"key":"Swift Potion"},{"floor":14,"key":"FearPotion"},{"floor":18,"key":"GhostInAJar"},{"floor":21,"key":"Swift Potion"},{"floor":24,"key":"AttackPotion"},{"floor":36,"key":"SteroidPotion"},{"floor":41,"key":"Swift Potion"}],"is_trial":false,"path_per_floor":["M","?","$","M","M","R","E","M","T","M","R","M","M","M","R","B",null,"M","$","?","M","?","R","M","R","T","M","R","$","M","M","R","B",null,"M","M","?","?","$","R","M","R","T","?","M","M","$","M","R","B"],"character_chosen":"THE_SILENT","items_purchased":["Cloak And Dagger","Forethought","Noxious Fumes"],"campfire_rested":2,"item_purchase_floors":[3,19,29],"current_hp_per_floor":[60,43,43,42,41,41,26,26,26,25,25,25,25,14,41,9,91,91,91,91,82,82,82,34,34,34,34,34,34,34,34,34,3,91,91,74,74,60,60,60,42,42,42,42,32,25,25,24,51,7],"gold":159,"neow_bonus":"TWENTY_PERCENT_HP_BONUS","is_prod":false,"is_daily":false,"chose_seed":false,"campfire_upgraded":8,"win_rate":0,"timestamp":1534303589,"path_taken":["M","?","$","?","M","R","E","M","T","?","R","M","M","M","R","BOSS","M","$","?","?","?","R","?","R","T","M","R","$","M","M","R","BOSS","M","?","?","?","?","R","?","R","T","?","?","M","$","M","R","BOSS"],"build_version":"2018-08-13v2","purchased_purges":3,"victory":true,"max_hp_per_floor":[84,84,84,84,84,84,91,91,91,91,91,91,91,91,91,91,91,91,91,91,91,91,91,91,91,91,91,91,91,91,91,91,91,91,91,91,91,91,91,91,91,91,91,91,91,91,91,91,91,91],"card_choices":[{"not_picked":["Escape Plan","Poisoned Stab","Setup"],"picked":"SKIP","floor":1},{"not_picked":["Infinite Blades","Outmaneuver","Setup"],"picked":"SKIP","floor":4},{"not_picked":["Flying Knee","Deflect","Choke"],"picked":"SKIP","floor":5},{"not_picked":["Bouncing Flask","Leg Sweep"],"picked":"Glass Knife","floor":7},{"not_picked":["Deadly Poison","Acrobatics"],"picked":"Dagger Spray","floor":8},{"not_picked":["Dodge and Roll","Blur"],"picked":"Cloak And Dagger","floor":10},{"not_picked":["Backflip","Dagger Throw","Acrobatics"],"picked":"SKIP","floor":12},{"not_picked":["Deflect","Setup","Dagger Throw"],"picked":"SKIP","floor":13},{"not_picked":["Poisoned Stab","Catalyst","Eviscerate"],"picked":"SKIP","floor":14},{"not_picked":["Corpse Explosion","Unload"],"picked":"Envenom","floor":16},{"not_picked":["Terror","Flying Knee","Prepared"],"picked":"SKIP","floor":18},{"not_picked":["Outmaneuver","Deflect"],"picked":"Sucker Punch","floor":21},{"not_picked":["Poisoned Stab","Concentrate","Deflect"],"picked":"SKIP","floor":24},{"not_picked":["Outmaneuver","Bouncing Flask+1"],"picked":"Dodge and Roll","floor":27},{"not_picked":["Night Terror","Dodge and Roll","Dagger Throw+1"],"picked":"SKIP","floor":30},{"not_picked":["Deadly Poison","Deflect","Prepared+1"],"picked":"SKIP","floor":31},{"not_picked":["Wraith Form v2","Tools of the Trade"],"picked":"After Image","floor":33},{"not_picked":["Prepared","Setup+1"],"picked":"Slice","floor":35},{"not_picked":["Crippling Poison+1","Flechettes"],"picked":"Slice+1","floor":36},{"not_picked":["Violence","Discovery"],"picked":"Flash of Steel","floor":37},{"not_picked":["Acrobatics+1","Deadly Poison"],"picked":"Blur","floor":41},{"not_picked":["Flechettes+1","Setup+1","Outmaneuver+1"],"picked":"SKIP","floor":45},{"not_picked":["Deadly Poison+1","Deflect","Quick Slash"],"picked":"SKIP","floor":46},{"not_picked":["Outmaneuver","Dagger Spray+1"],"picked":"Noxious Fumes+1","floor":48}],"player_experience":860929,"relics_obtained":[{"floor":7,"key":"Strawberry"},{"floor":9,"key":"Vajra"},{"floor":26,"key":"Thread and Needle"},{"floor":38,"key":"Incense Burner"}],"event_choices":[{"event_name":"Shining Light","player_choice":"Entered Light","floor":2,"damage_taken":0},{"event_name":"Bonfire Elementals","player_choice":"BASIC","floor":20,"damage_taken":0},{"event_name":"Cursed Tome","player_choice":"Ignored","floor":22,"damage_taken":0},{"event_name":"SensoryStone","player_choice":"Memory 1","floor":37,"damage_taken":0},{"event_name":"Mysterious Sphere","player_choice":"Fight","floor":38,"damage_taken":0},{"event_name":"Falling","player_choice":"Removed Skill","floor":44,"damage_taken":0}],"is_beta":true,"boss_relics":[{"not_picked":["Lizard Tail","Eternal Feather"],"picked":"WristBlade"},{"not_picked":["Tiny House","Velvet Choker"],"picked":"Cursed Key"}],"items_purged_floors":[19,29,39],"is_endless":false,"potions_floor_spawned":[1,5,12,14,18,21,24,36,41,48],"ascension_level":3}