{"gold_per_floor":[116,291,33,33,45,60,60,89,89,115,135,170,170,13,13,109,109,127,146,146,173,186,186,213,213,259,259,271,100,131,131,131,236,236,250,250,40,53,72,72,72,72,72,46,75,75,102,102,102,102],"floor_reached":51,"playtime":4118,"items_purged":["Doubt","Strike_B","Defend_B"],"score":772,"play_id":"9fb7c70a-a23c-461f-a4b2-b63436039575","local_time":"20190909164854","is_ascension_mode":false,"campfire_choices":[{"data":"Zap","floor":7.0,"key":"SMITH"},{"data":"Loop","floor":13.0,"key":"SMITH"},{"data":"Dualcast","floor":15.0,"key":"SMITH"},{"data":"Fission","floor":23,"key":"SMITH"},{"data":"White Noise","floor":25,"key":"SMITH"},{"floor":32,"key":"REST"},{"data":"Defragment","floor":40,"key":"SMITH"},{"data":"Multi-Cast","floor":42,"key":"SMITH"},{"floor":49,"key":"REST"}],"neow_cost":"NONE","seed_source_timestamp":110559627180287,"circlet_count":0,"master_deck":["Strike_B+1","Strike_B+1","Defend_B","Defend_B","Defend_B","Zap+1","Dualcast+1","Steam","Leap","Ball Lightning","Electrodynamics","Conserve Battery","Loop+1","All For One","Darkness","Fission+1","Coolheaded+1","Genetic Algorithm","Rainbow","White Noise+1","Defragment+1","Capacitor","Multi-Cast+1","Compile Driver+1","Finesse","Leap+1","Hologram+1","Redo","Hologram+1","Coolheaded+1","Writhe"],"special_seed":0,"relics":["Cracked Core","NeowsBlessing","Toolbox","Odd Mushroom","Unceasing Top","Regal Pillow","TungstenRod","MealTicket","Sozu","Ornamental Fan","Happy Flower","Whetstone","Centennial Puzzle","Darkstone Periapt","Runic Pyramid","Matryoshka","Bag of Preparation","Pantograph","Bag of Marbles","Potion Belt"],"potions_floor_usage":[16,28,50],"damage_taken":[{"damage":0.0,"enemies":"2 Louse","floor":1.0,"turns":1.0},{"damage":0.0,"enemies":"Cultist","floor":5.0,"turns":1.0},{"damage":0.0,"enemies":"Small Slimes","floor":6.0,"turns":1.0},{"damage":9.0,"enemies":"The Mushroom Lair","floor":8.0,"turns":2.0},{"damage":0.0,"enemies":"3 Sentries","floor":10.0,"turns":2.0},{"damage":1.0,"enemies":"Exordium Thugs","floor":11.0,"turns":2.0},{"damage":8.0,"enemies":"Lagavulin","floor":12.0,"turns":6.0},{"damage":0,"enemies":"Slime Boss","floor":16,"turns":5},{"damage":3,"enemies":"3 Byrds","floor":18,"turns":2},{"damage":11,"enemies":"2 Thieves","floor":19,"turns":3},{"damage":10,"enemies":"Centurion and Healer","floor":22,"turns":8},{"damage":5,"enemies":"Book of Stabbing","floor":24,"turns":5},{"damage":1,"enemies":"Chosen and Byrds","floor":28,"turns":3},{"damage":22,"enemies":"Slavers","floor":30,"turns":2},{"damage":30,"enemies":"Collector","floor":33,"turns":9},{"damage":14,"enemies":"3 Shapes","floor":35,"turns":2},{"damage":0,"enemies":"3 Darklings","floor":38,"turns":3},{"damage":0,"enemies":"Maw","floor":39,"turns":5},{"damage":46,"enemies":"Nemesis","floor":45,"turns":5},{"damage":25,"enemies":"Reptomancer","floor":47,"turns":5},{"damage":24,"enemies":"Time Eater","floor":50,"turns":12}],"seed_played":"-6184744710415114202","potions_obtained":[{"floor":6.0,"key":"Ancient Potion"},{"floor":8.0,"key":"SkillPotion"},{"floor":10.0,"key":"Ancient Potion"},{"floor":11.0,"key":"FearPotion"}],"is_trial":false,"path_per_floor":["M","?","$","?","M","M","R","?","T","E","M","E","R","$","R","B",null,"M","M","?","T","M","R","E","R","T","?","M","$","E","?","R","B",null,"M","T","$","M","M","R","$","R","T","$","E","?","E","?","R","B",null],"character_chosen":"DEFECT","items_purchased":["Toolbox","Leap","MealTicket","Defragment","Finesse","Redo"],"campfire_rested":2,"item_purchase_floors":[3,3,14,29,37,44],"current_hp_per_floor":[75,75,75,75,75,75,75,66,66,66,65,57,57,57,57,57,75,72,61,61,61,51,51,46,46,46,32,31,46,24,24,63,33,80,66,66,80,80,80,80,80,80,80,80,34,34,9,35,75,62],"gold":102,"neow_bonus":"THREE_ENEMY_KILL","is_prod":false,"is_daily":false,"chose_seed":false,"campfire_upgraded":7,"win_rate":0.0,"timestamp":1568072934,"path_taken":["M","?","$","?","?","M","R","?","T","E","M","E","R","$","R","BOSS","M","M","?","?","?","R","E","R","T","?","M","$","E","?","R","BOSS","M","?","$","?","M","R","$","R","T","$","E","?","E","?","R","BOSS"],"build_version":"2019-09-09","purchased_purges":3,"victory":true,"max_hp_per_floor":[75,75,75,75,75,75,75,75,75,75,75,75,75,75,75,75,75,75,75,75,75,75,75,75,75,75,80,80,80,80,80,80,80,80,80,80,80,80,80,80,80,80,80,80,80,80,80,86,86,86],"card_choices":[{"not_picked":["Leap","Stack"],"picked":"Steam","floor":1.0},{"not_picked":["Go for the Eyes","Streamline"],"picked":"Ball Lightning","floor":5.0},{"not_picked":["Compile Driver","Stack"],"picked":"Electrodynamics","floor":6.0},{"not_picked":["Fusion","Sweeping Beam"],"picked":"Conserve Battery","floor":8.0},{"not_picked":["Redo","Reprogram"],"picked":"Loop","floor":10.0},{"not_picked":["Hologram","Cold Snap"],"picked":"All For One","floor":11.0},{"not_picked":["Stack","Streamline"],"picked":"Darkness","floor":12.0},{"not_picked":["Machine Learning","Reboot"],"picked":"Fission","floor":16},{"not_picked":["Compile Driver","Lockon+1"],"picked":"Coolheaded+1","floor":18},{"not_picked":["Beam Cell","BootSequence"],"picked":"Genetic Algorithm","floor":19},{"not_picked":["Ball Lightning","Cold Snap"],"picked":"Rainbow","floor":22},{"not_picked":["Aggregate","Amplify"],"picked":"White Noise","floor":24},{"not_picked":["Tempest","Cold Snap","Leap"],"picked":"SKIP","floor":28},{"not_picked":["Leap","Rainbow"],"picked":"Capacitor","floor":30},{"not_picked":["All For One","Amplify"],"picked":"Multi-Cast","floor":33},{"not_picked":["Stack","Hologram"],"picked":"Compile Driver+1","floor":35},{"not_picked":["Beam Cell","Sweeping Beam"],"picked":"Leap+1","floor":38},{"not_picked":["Reinforced Body+1","Cold Snap"],"picked":"Hologram+1","floor":39},{"not_picked":["Fusion","Leap"],"picked":"Hologram+1","floor":45},{"not_picked":["Cold Snap","Go for the Eyes+1"],"picked":"Coolheaded+1","floor":47}],"player_experience":11195,"relics_obtained":[{"floor":8.0,"key":"Odd Mushroom"},{"floor":9.0,"key":"Unceasing Top"},{"floor":10.0,"key":"Regal Pillow"},{"floor":12.0,"key":"TungstenRod"},{"floor":21,"key":"Happy Flower"},{"floor":24,"key":"Whetstone"},{"floor":26,"key":"Centennial Puzzle"},{"floor":30,"key":"Darkstone Periapt"},{"floor":36,"key":"Matryoshka"},{"floor":43,"key":"Bag of Preparation"},{"floor":43,"key":"Pantograph"},{"floor":45,"key":"Bag of Marbles"},{"floor":47,"key":"Potion Belt"}],"event_choices":[{"damage_healed":0.0,"max_hp_gain":0.0,"max_hp_loss":0.0,"gold_gain":175.0,"event_name":"Liars Game","player_choice":"AGREE","floor":2.0,"gold_loss":0.0,"damage_taken":0.0,"cards_obtained":["Doubt"]},{"damage_healed":0.0,"max_hp_gain":0.0,"max_hp_loss":0.0,"gold_gain":0.0,"cards_transformed":["Strike_B"],"event_name":"Transmorgrifier","player_choice":"Transformed","floor":4.0,"gold_loss":0.0,"damage_taken":0.0,"cards_obtained":["Streamline"]},{"damage_healed":0.0,"max_hp_gain":0.0,"max_hp_loss":0.0,"gold_gain":0.0,"event_name":"Mushrooms","player_choice":"Fought Mushrooms","floor":8.0,"gold_loss":0.0,"damage_taken":0.0},{"damage_healed":0,"gold_gain":0,"player_choice":"Opened","damage_taken":0,"relics_obtained":["Ornamental Fan"],"max_hp_gain":0,"max_hp_loss":0,"event_name":"The Mausoleum","floor":20,"gold_loss":0},{"damage_healed":0,"gold_gain":0,"player_choice":"Shed Blood","damage_taken":19,"max_hp_gain":5,"max_hp_loss":0,"event_name":"Forgotten Altar","floor":27,"gold_loss":0},{"damage_healed":0,"gold_gain":0,"player_choice":"Got Potions","damage_taken":0,"max_hp_gain":0,"max_hp_loss":0,"event_name":"Lab","floor":31,"gold_loss":0},{"cards_removed":["Streamline"],"damage_healed":0,"gold_gain":0,"player_choice":"Removed Attack","damage_taken":0,"max_hp_gain":0,"max_hp_loss":0,"event_name":"Falling","floor":46,"gold_loss":0},{"damage_healed":20,"gold_gain":0,"player_choice":"Writhe","damage_taken":0,"max_hp_gain":0,"max_hp_loss":0,"event_name":"Winding Halls","floor":48,"gold_loss":0,"cards_obtained":["Writhe"]}],"is_beta":true,"boss_relics":[{"not_picked":["Snecko Eye","Empty Cage"],"picked":"Sozu"},{"not_picked":["Cursed Key","Inserter"],"picked":"Runic Pyramid"}],"items_purged_floors":[3,29,37],"is_endless":false,"potions_floor_spawned":[6,8,10,11,18,19,33,38,39,47],"ascension_level":0}