{"path_per_floor":["M","?","$","M","?","E","R","E","T","R","M","R","M","M","R"],"character_chosen":"IRONCLAD","items_purchased":["Potion Belt"],"gold_per_floor":[109,184,32,49,49,80,80,112,112,112,129,129,143,157,157,157],"floor_reached":16,"campfire_rested":1,"playtime":439,"item_purchase_floors":[3],"current_hp_per_floor":[75,64,64,70,70,37,37,12,12,12,18,18,15,19,43,0],"items_purged":[],"gold":157,"score":110,"play_id":"5676cdb5-37a3-48b7-b167-06f699faf50c","local_time":"20180523152218","is_prod":false,"is_daily":false,"chose_seed":false,"is_ascension_mode":false,"campfire_upgraded":3,"win_rate":0.14563107,"timestamp":1527103338,"campfire_choices":[{"data":"Clash","floor":7,"key":"SMITH"},{"data":"Sword Boomerang","floor":10,"key":"SMITH"},{"data":"Bash","floor":12,"key":"SMITH"},{"floor":15,"key":"REST"}],"path_taken":["M","?","$","M","?","E","R","E","T","R","M","R","M","?","R","BOSS"],"build_version":"2018-05-22","seed_source_timestamp":52465242600577,"purchased_purges":0,"victory":false,"master_deck":["Strike_R","Strike_R","Strike_R","Strike_R","Strike_R","Defend_R","Defend_R","Defend_R","Defend_R","Bash+1","Clash+1","Sword Boomerang+1","Burning Pact","Clash","Flex"],"max_hp_per_floor":[80,80,80,80,80,80,80,80,80,80,80,80,80,80,80,80],"relics":["Burning Blood","Potion Belt","Unceasing Top","Blood Vial","Gambling Chip"],"card_choices":[{"not_picked":["Headbutt","Body Slam"],"picked":"Clash","floor":1},{"not_picked":["Carnage","Thunderclap","Battle Trance"],"picked":"SKIP","floor":4},{"not_picked":["Iron Wave","Wild Strike","Headbutt"],"picked":"SKIP","floor":6},{"not_picked":["Anger","Cleave"],"picked":"Sword Boomerang","floor":8},{"not_picked":["Shrug It Off","Clash"],"picked":"Burning Pact","floor":11},{"not_picked":["Second Wind","Shrug It Off"],"picked":"Clash","floor":13},{"not_picked":["Juggernaut","Clash"],"picked":"Flex","floor":14}],"player_experience":489171,"potions_floor_usage":[1,8,13,16,16],"damage_taken":[{"damage":11,"enemies":"Jaw Worm","floor":1,"turns":2},{"damage":0,"enemies":"2 Louse","floor":4,"turns":3},{"damage":39,"enemies":"Gremlin Nob","floor":6,"turns":5},{"damage":31,"enemies":"3 Sentries","floor":8,"turns":12},{"damage":2,"enemies":"Small Slimes","floor":11,"turns":3},{"damage":11,"enemies":"Exordium Wildlife","floor":13,"turns":5},{"damage":4,"enemies":"Exordium Thugs","floor":14,"turns":3},{"damage":47,"enemies":"The Guardian","floor":16,"turns":9}],"relics_obtained":[{"floor":6,"key":"Unceasing Top"},{"floor":8,"key":"Blood Vial"},{"floor":9,"key":"Gambling Chip"}],"event_choices":[{"event_name":"World of Goop","player_choice":"Gather Gold","floor":2,"damage_taken":0},{"event_name":"Liars Game","player_choice":"disagreed","floor":5,"damage_taken":0}],"boss_relics":[],"items_purged_floors":[],"potions_floor_spawned":[6,11,13],"seed_played":"-368336203270278173","killed_by":"The Guardian","ascension_level":0,"potions_obtained":[{"floor":6,"key":"FearPotion"},{"floor":11,"key":"Block Potion"},{"floor":13,"key":"Dexterity Potion"}],"is_trial":false}