{"path_per_floor":["M","$","?","?","M","E","R","?","T","R","M","M","M","M","R"],"character_chosen":"DEFECT","items_purchased":["Capacitor","Axe Kick"],"gold_per_floor":[116,17,17,17,31,67,67,67,145,145,164,178,203,216,216,216],"floor_reached":16,"campfire_rested":0,"playtime":503,"current_hp_per_floor":[75,75,57,42,42,42,42,42,42,42,41,42,37,49,49,0],"items_purged":[],"gold":216,"score":127,"play_id":"b9b9f1b6-0fd1-4ba5-81fa-6fcb3c03f4c5","local_time":"20180428134740","is_prod":false,"is_daily":false,"chose_seed":false,"is_ascension_mode":false,"campfire_upgraded":3,"timestamp":1524937660,"path_taken":["M","$","?","?","?","E","R","?","T","R","M","?","M","?","R","BOSS"],"build_version":"2018-04-27v3","seed_source_timestamp":2383324446080819,"purchased_purges":0,"victory":false,"master_deck":["Strike_B","Strike_B","Strike_B","Strike_B","Defend_B","Defend_B","Defend_B","Defend_B","Zap+1","Dualcast+1","Doom and Gloom","Capacitor+1","Axe Kick+1","Skim","Barrage+1","Genetic Algorithm+1","Tempest","Glacier","Blaster"],"max_hp_per_floor":[75,75,75,75,75,75,75,75,75,75,75,75,75,75,75,75],"relics":["Cracked Core","NeowsBlessing","Golden Idol","Happy Flower","Meat on the Bone"],"card_choices":[{"not_picked":["Sweeping Beam","Steam Power"],"picked":"Doom and Gloom","floor":1},{"not_picked":["Axe Kick","Impulse"],"picked":"Skim","floor":5},{"not_picked":["FTL","Cold Snap"],"picked":"Barrage","floor":6},{"not_picked":["Go for the Eyes","Rip and Tear"],"picked":"Genetic Algorithm","floor":11},{"not_picked":["Beam Cell","Impulse"],"picked":"Tempest","floor":12},{"not_picked":["Impulse","Coolheaded"],"picked":"Glacier","floor":13},{"not_picked":["Axe Kick","Streamline"],"picked":"Blaster","floor":14}],"player_experience":397931,"potions_floor_usage":[13],"damage_taken":[{"damage":0,"enemies":"Jaw Worm","floor":1,"turns":1},{"damage":0,"enemies":"Small Slimes","floor":5,"turns":1},{"damage":0,"enemies":"Lagavulin","floor":6,"turns":2},{"damage":1,"enemies":"2 Louse","floor":11,"turns":2},{"damage":11,"enemies":"2 Fungi Beasts","floor":12,"turns":3},{"damage":17,"enemies":"Exordium Thugs","floor":13,"turns":4},{"damage":0,"enemies":"Large Slime","floor":14,"turns":5},{"damage":50,"enemies":"Hexaghost","floor":16,"turns":9}],"event_choices":[{"event_name":"Golden Idol","player_choice":"Take Damage","floor":3,"damage_taken":0},{"event_name":"Shining Light","player_choice":"Entered Light","floor":4,"damage_taken":0},{"event_name":"Living Wall","player_choice":"Grow","floor":8,"damage_taken":0}],"boss_relics":[],"potions_floor_spawned":[5,6],"seed_played":"-2610146075396514906","killed_by":"Hexaghost","ascension_level":0,"is_trial":false}