{"path_per_floor":["M","$","M","M","M","R","M","E","T","R","?","?","M","$","R","B",null,"M","M","$","?","M","R","M","R","T","R","M"],"character_chosen":"THE_SILENT","items_purchased":["Bottled Tornado"],"gold_per_floor":[111,36,56,73,91,91,109,134,187,187,187,217,238,238,238,363,363,381,402,45,45,59,59,69,69,140,140,150,150],"floor_reached":29,"campfire_rested":3,"playtime":946,"current_hp_per_floor":[62,62,62,62,51,51,39,20,20,41,41,41,32,32,53,38,70,67,53,53,53,37,58,44,44,49,49,37,0],"items_purged":["Decay","Injury"],"gold":150,"score":261,"play_id":"172dcc7e-cc7e-49ab-bf67-e5afdd25d84e","local_time":"20180404015312","is_prod":false,"is_daily":false,"is_ascension_mode":true,"campfire_upgraded":3,"timestamp":1522821192,"path_taken":["M","$","M","M","M","R","M","E","T","R","?","?","M","$","R","BOSS","M","M","$","?","M","R","M","R","T","R","M","M"],"build_version":"2018-03-29v2","purchased_purges":2,"victory":false,"master_deck":["Defend_G","Defend_G","Defend_G","Defend_G","Defend_G","Strike_G","Strike_G","Strike_G","Survivor","Neutralize","Deflect","Blur","Slice","Noxious Fumes+1","Dagger Spray","Backstab","Deadly Poison","Distraction+1","Bane+1","Adrenaline"],"max_hp_per_floor":[70,70,70,70,70,70,70,70,70,70,70,70,70,70,70,70,70,70,70,70,70,70,70,70,70,70,70,70,70],"relics":["Ring of the Snake","Oddly Smooth Stone","Tiny Chest","Bloody Idol","The Specimen","Bottled Tornado","Darkstone Periapt"],"card_choices":[{"not_picked":["Bane","Flying Knee"],"picked":"Slice","floor":1},{"not_picked":["Caltrops","Dagger Spray"],"picked":"Noxious Fumes","floor":3},{"not_picked":["Reflex","Tactician"],"picked":"Dagger Spray","floor":4},{"not_picked":["Dagger Throw","Terror"],"picked":"Backstab","floor":5},{"not_picked":["Sucker Punch","Blade Dance"],"picked":"Deadly Poison","floor":7},{"not_picked":["Deflect","Dagger Throw"],"picked":"Distraction","floor":8},{"not_picked":["Quick Slash","Skewer"],"picked":"Bane","floor":13},{"not_picked":["Die Die Die","Doppelganger"],"picked":"Adrenaline","floor":16}],"player_experience":305843,"potions_floor_usage":[24,28,29],"damage_taken":[{"damage":8,"enemies":"Jaw Worm","floor":1,"turns":7},{"damage":0,"enemies":"2 Louse","floor":3,"turns":3},{"damage":0,"enemies":"Small Slimes","floor":4,"turns":5},{"damage":11,"enemies":"Looter","floor":5,"turns":3},{"damage":12,"enemies":"Large Slime","floor":7,"turns":5},{"damage":19,"enemies":"3 Sentries","floor":8,"turns":6},{"damage":9,"enemies":"Blue Slaver","floor":13,"turns":3},{"damage":15,"enemies":"The Guardian","floor":16,"turns":10},{"damage":3,"enemies":"Chosen","floor":18,"turns":5},{"damage":14,"enemies":"Shell Parasite","floor":19,"turns":6},{"damage":21,"enemies":"Sentry and Sphere","floor":22,"turns":5},{"damage":19,"enemies":"Snecko","floor":24,"turns":6},{"damage":17,"enemies":"Cultist and Chosen","floor":28,"turns":5},{"damage":42,"enemies":"Slaver and Parasite","floor":29,"turns":4}],"event_choices":[{"event_name":"Golden Idol","player_choice":"Take Wound","floor":11,"damage_taken":0},{"event_name":"Dead Adventurer","player_choice":"Searched \u00271\u0027 times","floor":12,"damage_taken":0},{"event_name":"Forgotten Altar","player_choice":"Gave Idol","floor":21,"damage_taken":0}],"boss_relics":[{"not_picked":["Runic Dome","Orrery"],"picked":"The Specimen"}],"potions_floor_spawned":[3,8,13,16,19,22],"seed_played":"4543854617836026048","killed_by":"Slaver and Parasite","ascension_level":3,"is_trial":false}