{"gold_per_floor":[117,135,135,145,145,145,155,155,180,180,180,39,56,6,6,105,105,121,141,141,157,256,256,289,300,348,359,439,439,439,454,454,454],"floor_reached":33,"playtime":1863,"items_purged":[],"score":398,"play_id":"2a601054-1e46-46ff-84c3-e59655fc2406","local_time":"20190306170341","is_ascension_mode":true,"campfire_choices":[{"data":"Bash","floor":6.0,"key":"SMITH"},{"data":"Headbutt","floor":8.0,"key":"SMITH"},{"data":"True Grit","floor":11.0,"key":"SMITH"},{"data":"Pommel Strike","floor":15.0,"key":"SMITH"},{"floor":23,"key":"REST"},{"floor":30,"key":"REST"},{"data":"Feel No Pain","floor":32,"key":"SMITH"}],"neow_cost":"NONE","seed_source_timestamp":0,"circlet_count":0,"master_deck":["Strike_R","Strike_R","Strike_R","Strike_R","Defend_R","Defend_R","Defend_R","Bash+1","True Grit+1","Pommel Strike+1","Headbutt+1","Spot Weakness+1","Shockwave+1","True Grit+1","Offering+1","Carnage+1","Warcry+1","Havoc+1","Metallicize+1","Iron Wave+1","Feel No Pain+1","Ghostly+1","Ghostly+1","Ghostly+1","Ghostly+1","Ghostly+1"],"special_seed":0,"relics":["Burning Blood","Oddly Smooth Stone","Regal Pillow","Toxic Egg 2","Runic Cube","Matryoshka","Anchor","Vajra","Ornamental Fan","Meat on the Bone"],"potions_floor_usage":[24,33],"damage_taken":[{"damage":6.0,"enemies":"Cultist","floor":1.0,"turns":3.0},{"damage":1.0,"enemies":"Small Slimes","floor":2.0,"turns":4.0},{"damage":2.0,"enemies":"Jaw Worm","floor":4.0,"turns":4.0},{"damage":2.0,"enemies":"Gremlin Gang","floor":7.0,"turns":8.0},{"damage":6.0,"enemies":"Looter","floor":13.0,"turns":3.0},{"damage":30.0,"enemies":"Slime Boss","floor":16.0,"turns":8.0},{"damage":61.0,"enemies":"3 Byrds","floor":18.0,"turns":7.0},{"damage":18,"enemies":"Shell Parasite","floor":19,"turns":6},{"damage":9,"enemies":"Snecko","floor":21,"turns":4},{"damage":23,"enemies":"Book of Stabbing","floor":24,"turns":4},{"damage":31,"enemies":"Shelled Parasite and Fungi","floor":25,"turns":4},{"damage":8,"enemies":"Centurion and Healer","floor":27,"turns":5},{"damage":0,"enemies":"Snake Plant","floor":31,"turns":3},{"damage":47,"enemies":"Champ","floor":33,"turns":11}],"seed_played":"8145222647333114149","potions_obtained":[{"floor":2.0,"key":"Explosive Potion"},{"floor":4.0,"key":"Block Potion"},{"floor":19,"key":"LiquidBronze"},{"floor":31,"key":"FearPotion"}],"is_trial":false,"path_per_floor":["M","M","?","M","?","R","M","R","T","T","R","$","M","?","R","B",null,"M","M","?","M","?","R","E","M","T","M","T","?","R","M","R","B"],"character_chosen":"IRONCLAD","items_purchased":["Spot Weakness+1","Shockwave+1"],"campfire_rested":2,"item_purchase_floors":[12,12],"current_hp_per_floor":[80,85,85,88,81,81,85,85,85,85,85,85,85,85,85,61,81,26,14,14,11,11,52,35,10,10,8,8,8,36,42,42,0],"gold":454,"neow_bonus":"TEN_PERCENT_HP_BONUS","is_prod":false,"is_daily":false,"chose_seed":false,"campfire_upgraded":5,"win_rate":0,"timestamp":1551888221,"path_taken":["M","M","?","M","?","R","M","R","T","?","R","$","?","?","R","BOSS","M","M","?","M","?","R","E","M","T","M","?","?","R","M","R","BOSS"],"build_version":"2019-01-23","purchased_purges":0,"victory":false,"max_hp_per_floor":[88,88,88,88,88,88,88,88,88,88,88,88,88,88,88,88,88,88,88,88,88,88,88,88,88,88,88,88,44,44,44,44,44],"card_choices":[{"not_picked":["Clash","Seeing Red"],"picked":"True Grit","floor":1.0},{"not_picked":["Cleave","Evolve","Searing Blow"],"picked":"SKIP","floor":2.0},{"not_picked":["Heavy Blade","Infernal Blade"],"picked":"Pommel Strike","floor":4.0},{"not_picked":["Body Slam","Flex"],"picked":"Headbutt","floor":7.0},{"not_picked":["Cleave","Pommel Strike"],"picked":"True Grit+1","floor":13.0},{"not_picked":["Limit Break+1","Double Tap+1"],"picked":"Offering+1","floor":16.0},{"not_picked":["Twin Strike","Shockwave+1"],"picked":"Carnage+1","floor":18},{"not_picked":["Searing Blow","Cleave"],"picked":"Warcry+1","floor":19},{"not_picked":["Searing Blow","Heavy Blade"],"picked":"Havoc+1","floor":21},{"not_picked":["Double Tap+1","Pommel Strike"],"picked":"Metallicize+1","floor":24},{"not_picked":["Reckless Charge","Shockwave+1"],"picked":"Iron Wave+1","floor":25},{"not_picked":["Armaments+1","Havoc+1"],"picked":"Feel No Pain","floor":27},{"not_picked":["Headbutt","Hemokinesis","Havoc+1"],"picked":"SKIP","floor":31}],"player_experience":325696,"relics_obtained":[{"floor":9.0,"key":"Regal Pillow"},{"floor":10.0,"key":"Toxic Egg 2"},{"floor":24,"key":"Matryoshka"},{"floor":26,"key":"Anchor"},{"floor":26,"key":"Vajra"},{"floor":28,"key":"Ornamental Fan"},{"floor":28,"key":"Meat on the Bone"}],"event_choices":[{"damage_healed":0.0,"max_hp_gain":0.0,"max_hp_loss":0.0,"gold_gain":0.0,"event_name":"Liars Game","player_choice":"Ignored","floor":3.0,"gold_loss":0.0,"damage_taken":0.0},{"damage_healed":0.0,"max_hp_gain":0.0,"max_hp_loss":0.0,"gold_gain":0.0,"event_name":"Scrap Ooze","player_choice":"Success","floor":5.0,"gold_loss":0.0,"damage_taken":7.0,"relics_obtained":["Oddly Smooth Stone"]},{"cards_removed":["Defend_R"],"damage_healed":0.0,"max_hp_gain":0.0,"max_hp_loss":0.0,"gold_gain":0.0,"event_name":"The Cleric","player_choice":"Card Removal","floor":14.0,"gold_loss":50.0,"damage_taken":0.0},{"cards_removed":["Strike_R"],"damage_healed":0,"gold_gain":0,"player_choice":"Elegance","damage_taken":0,"max_hp_gain":0,"max_hp_loss":0,"event_name":"Back to Basics","floor":20,"gold_loss":0},{"damage_healed":0,"gold_gain":99,"player_choice":"Stole From Cult","damage_taken":0,"max_hp_gain":0,"max_hp_loss":0,"event_name":"Nest","floor":22,"gold_loss":0},{"damage_healed":0,"gold_gain":0,"player_choice":"Became a Ghost","damage_taken":0,"max_hp_gain":0,"max_hp_loss":44,"event_name":"Ghosts","floor":29,"gold_loss":0,"cards_obtained":["Ghostly","Ghostly","Ghostly","Ghostly","Ghostly"]}],"is_beta":false,"boss_relics":[{"not_picked":["Ectoplasm","Runic Pyramid"],"picked":"Runic Cube"}],"items_purged_floors":[],"is_endless":false,"potions_floor_spawned":[2,4,19,31],"killed_by":"Champ","ascension_level":9}