{"gold_per_floor":[17,17,33,33,53,85,85,119,144,144,157,157,232,248,248,352,352,366,366,400,400,280,311,311,326,352,32,63,63,83,99,99,201,201,218,218,618,840,852,852,852,852,899,911,936,936,953,985,985,985],"floor_reached":51,"playtime":9134,"items_purged":["Writhe"],"score":751,"play_id":"729c0bba-2ed3-44cd-9ff6-0c26a2c56109","local_time":"20190910234234","is_ascension_mode":false,"campfire_choices":[{"data":"Coolheaded","floor":7,"key":"SMITH"},{"floor":12,"key":"REST"},{"data":"Defragment","floor":15,"key":"SMITH"},{"floor":24,"key":"REST"},{"data":"White Noise","floor":32,"key":"SMITH"},{"data":"Chill","floor":40,"key":"SMITH"},{"data":"Seek","floor":42,"key":"SMITH"},{"floor":46,"key":"REST"},{"data":"Seek","floor":49,"key":"SMITH"}],"neow_cost":"NO_GOLD","seed_source_timestamp":4309453828699,"circlet_count":0,"master_deck":["Strike_B","Strike_B+1","Strike_B","Strike_B+1","Defend_B+1","Defend_B","Defend_B","Defend_B","Zap","Dualcast","Redo+1","Conserve Battery+1","Glacier","Coolheaded+1","Defragment+1","Self Repair","Seek+1","White Noise+1","Chill+1","Hologram","Capacitor","Blizzard","FTL","Darkness","Auto Shields+1","Streamline","Coolheaded","All For One","Double Energy+1","Sweeping Beam+1","FTL+1","Self Repair","Seek+1","Hologram+1"],"relics":["Cracked Core","Ice Cream","War Paint","PreservedInsect","Whetstone","Inserter","Gremlin Horn","Red Mask","Anchor","Pen Nib","MealTicket","Bag of Preparation","Sozu","Old Coin","Molten Egg 2","Bag of Marbles","Happy Flower","Boot"],"potions_floor_usage":[33,47],"damage_taken":[{"damage":1,"enemies":"2 Louse","floor":1,"turns":3},{"damage":3,"enemies":"Jaw Worm","floor":3,"turns":3},{"damage":0,"enemies":"Cultist","floor":5,"turns":3},{"damage":4,"enemies":"3 Sentries","floor":6,"turns":13},{"damage":15,"enemies":"Lagavulin","floor":8,"turns":19},{"damage":5,"enemies":"3 Louse","floor":11,"turns":5},{"damage":12,"enemies":"2 Fungi Beasts","floor":14,"turns":3},{"damage":16,"enemies":"The Guardian","floor":16,"turns":15},{"damage":11,"enemies":"Chosen","floor":18,"turns":6},{"damage":42,"enemies":"Masked Bandits","floor":20,"turns":4},{"damage":19,"enemies":"Slavers","floor":23,"turns":3},{"damage":0,"enemies":"Shell Parasite","floor":25,"turns":8},{"damage":1,"enemies":"Gremlin Leader","floor":28,"turns":8},{"damage":0,"enemies":"Chosen and Byrds","floor":30,"turns":7},{"damage":19,"enemies":"Snake Plant","floor":31,"turns":5},{"damage":20,"enemies":"Champ","floor":33,"turns":13},{"damage":6,"enemies":"Orb Walker","floor":35,"turns":4},{"damage":6,"enemies":"Mind Bloom Boss Battle","floor":37,"turns":10},{"damage":9,"enemies":"3 Shapes","floor":39,"turns":7},{"damage":29,"enemies":"Writhing Mass","floor":44,"turns":7},{"damage":12,"enemies":"Reptomancer","floor":45,"turns":5},{"damage":34,"enemies":"Spire Growth","floor":47,"turns":5},{"damage":0,"enemies":"Giant Head","floor":48,"turns":6},{"damage":63,"enemies":"Time Eater","floor":50,"turns":13}],"seed_played":"5223954994548822645","potions_obtained":[{"floor":1,"key":"GamblersBrew"},{"floor":6,"key":"SmokeBomb"},{"floor":18,"key":"SteroidPotion"},{"floor":23,"key":"Weak Potion"},{"floor":33,"key":"Regen Potion"}],"is_trial":false,"path_per_floor":["M","$","M","?","M","E","R","E","T","$","M","R","?","M","R","B",null,"M","?","?","?","$","E","R","M","T","$","E","$","M","M","R","B",null,"M","$","?","?","M","R","T","R","T","M","E","R","M","E","R","B",null],"character_chosen":"DEFECT","items_purchased":["Hologram","FTL","Darkness","MealTicket"],"campfire_rested":3,"item_purchase_floors":[22,27,27,27],"current_hp_per_floor":[74,74,71,71,71,67,67,52,52,52,47,69,58,53,53,44,75,71,71,36,61,61,49,71,75,75,75,75,75,75,56,56,43,75,75,75,75,75,73,73,73,73,73,51,46,68,57,64,64,8],"gold":985,"neow_bonus":"ONE_RARE_RELIC","is_prod":false,"is_daily":false,"chose_seed":false,"campfire_upgraded":6,"win_rate":0.0,"timestamp":1568151754,"path_taken":["M","$","M","?","M","E","R","E","T","?","?","R","?","M","R","BOSS","M","?","?","?","$","E","R","M","T","$","E","?","M","M","R","BOSS","M","$","?","?","M","R","?","R","T","?","E","R","M","E","R","BOSS"],"build_version":"2019-07-17","purchased_purges":1,"victory":true,"max_hp_per_floor":[75,75,75,75,75,75,75,75,75,75,75,75,75,75,75,75,75,75,75,75,75,75,75,75,75,75,75,75,75,75,75,75,75,75,75,75,75,75,75,75,75,75,75,75,75,75,75,75,75,75],"card_choices":[{"not_picked":["Darkness","Self Repair"],"picked":"Redo","floor":1},{"not_picked":["Leap","Steam"],"picked":"Conserve Battery","floor":3},{"not_picked":["Fusion","Storm"],"picked":"Glacier","floor":5},{"not_picked":["Force Field","Steam Power"],"picked":"Coolheaded","floor":6},{"not_picked":["Reprogram","Undo"],"picked":"Defragment","floor":8},{"not_picked":["Chaos","Stack"],"picked":"Self Repair","floor":11},{"not_picked":["Beam Cell","Steam Power","Undo"],"picked":"SKIP","floor":14},{"not_picked":["Reboot","Buffer"],"picked":"Seek","floor":16},{"not_picked":["Genetic Algorithm","Stack"],"picked":"White Noise","floor":18},{"not_picked":["Gash","Auto Shields"],"picked":"Chill","floor":20},{"not_picked":["Redo","Barrage+1"],"picked":"Capacitor","floor":23},{"not_picked":["Melter+1","Barrage"],"picked":"Blizzard","floor":25},{"not_picked":["Echo Form","Barrage"],"picked":"Auto Shields+1","floor":28},{"not_picked":["Ball Lightning","Darkness"],"picked":"Streamline","floor":30},{"not_picked":["Gash","Compile Driver"],"picked":"Coolheaded","floor":31},{"not_picked":["Multi-Cast","Buffer"],"picked":"All For One","floor":33},{"not_picked":["Go for the Eyes","Steam","Leap+1"],"picked":"SKIP","floor":35},{"not_picked":["Ball Lightning","Barrage+1"],"picked":"Double Energy+1","floor":37},{"not_picked":["Leap","Stack"],"picked":"Sweeping Beam+1","floor":39},{"not_picked":["Beam Cell+1","Redo"],"picked":"FTL+1","floor":44},{"not_picked":["Conserve Battery","Melter+1"],"picked":"Self Repair","floor":45},{"not_picked":["Storm+1","Gash+1"],"picked":"Seek","floor":47},{"not_picked":["Steam","Gash+1"],"picked":"Hologram+1","floor":48}],"player_experience":30907,"relics_obtained":[{"floor":6,"key":"War Paint"},{"floor":8,"key":"PreservedInsect"},{"floor":9,"key":"Whetstone"},{"floor":20,"key":"Red Mask"},{"floor":23,"key":"Anchor"},{"floor":26,"key":"Pen Nib"},{"floor":28,"key":"Bag of Preparation"},{"floor":37,"key":"Old Coin"},{"floor":41,"key":"Molten Egg 2"},{"floor":43,"key":"Bag of Marbles"},{"floor":45,"key":"Happy Flower"},{"floor":48,"key":"Boot"}],"event_choices":[{"damage_healed":0,"gold_gain":0,"player_choice":"Grow","damage_taken":0,"max_hp_gain":0,"max_hp_loss":0,"event_name":"Living Wall","floor":4,"gold_loss":0,"cards_upgraded":["Redo"]},{"damage_healed":0,"gold_gain":75,"player_choice":"Gather Gold","damage_taken":11,"max_hp_gain":0,"max_hp_loss":0,"event_name":"World of Goop","floor":13,"gold_loss":0},{"damage_healed":0,"gold_gain":0,"player_choice":"Opened","damage_taken":0,"relics_obtained":["Gremlin Horn"],"max_hp_gain":0,"max_hp_loss":0,"event_name":"The Mausoleum","floor":19,"gold_loss":0,"cards_obtained":["Writhe"]},{"damage_healed":0,"gold_gain":0,"player_choice":"Fought Bandits","damage_taken":0,"max_hp_gain":0,"max_hp_loss":0,"event_name":"Masked Bandits","floor":20,"gold_loss":0},{"damage_healed":25,"gold_gain":0,"player_choice":"Heal","damage_taken":0,"max_hp_gain":0,"max_hp_loss":0,"event_name":"The Library","floor":21,"gold_loss":0},{"damage_healed":0,"gold_gain":0,"player_choice":"Fight","damage_taken":0,"max_hp_gain":0,"max_hp_loss":0,"event_name":"MindBloom","floor":37,"gold_loss":0},{"damage_healed":0,"gold_gain":222,"player_choice":"Wore Mask","damage_taken":0,"max_hp_gain":0,"max_hp_loss":0,"event_name":"Tomb of Lord Red Mask","floor":38,"gold_loss":0}],"is_beta":false,"boss_relics":[{"not_picked":["Cursed Key","Nuclear Battery"],"picked":"Inserter"},{"not_picked":["Empty Cage","White Beast Statue"],"picked":"Sozu"}],"items_purged_floors":[22],"is_endless":false,"potions_floor_spawned":[1,6,18,23,33,37,45,48],"ascension_level":0}