{"gold_per_floor":[114,114,127,141,158,185,203,203,203,217,246,263,296,326,326,431,431,442,442,459,459,459,459,492,509,535,562,580,599,631,460,460,561,561,573,573,573,473,473,473,499,509,509,527,328,328,342,367,367,367],"floor_reached":51,"playtime":6253,"items_purged":["Strike_B","Defend_B","Turbo"],"score":851,"play_id":"c48a0805-925e-4c27-a3fb-f71c6fb80da3","local_time":"20190916004427","is_ascension_mode":true,"campfire_choices":[{"floor":8,"key":"REST"},{"data":"Scrape","floor":15,"key":"SMITH"},{"data":"Sunder","floor":23,"key":"SMITH"},{"data":"Zap","floor":32,"key":"PURGE"},{"data":"Dualcast","floor":40,"key":"SMITH"},{"data":"Defend_B","floor":46,"key":"PURGE"},{"data":"Hologram","floor":49,"key":"SMITH"}],"neow_cost":"NONE","seed_source_timestamp":207370225731400,"circlet_count":0,"master_deck":["Defend_B","Dualcast+1","Sweeping Beam","Turbo","Gash","Auto Shields","Scrape+1","Gash","Steam","Stack+1","Chill+1","Gash","Gash","Sunder+1","J.A.X.","Glacier","Gash","All For One","Scrape","Hologram+1","Echo Form","Hologram+1","Madness","Madness","Bandage Up","Reprogram","Gash","Rebound","Glacier","Go for the Eyes"],"relics":["Cracked Core","NeowsBlessing","Bag of Marbles","Gremlin Horn","Blue Candle","Pantograph","Odd Mushroom","Astrolabe","Peace Pipe","Potion Belt","Lantern","Oddly Smooth Stone","Coffee Dripper","Bottled Tornado","Thread and Needle"],"potions_floor_usage":[24],"damage_taken":[{"damage":0,"enemies":"Cultist","floor":1,"turns":1},{"damage":0,"enemies":"2 Louse","floor":3,"turns":1},{"damage":0,"enemies":"Jaw Worm","floor":4,"turns":1},{"damage":3,"enemies":"Lots of Slimes","floor":5,"turns":3},{"damage":35,"enemies":"Gremlin Nob","floor":6,"turns":5},{"damage":9,"enemies":"Blue Slaver","floor":7,"turns":4},{"damage":7,"enemies":"2 Fungi Beasts","floor":10,"turns":2},{"damage":15,"enemies":"Lagavulin","floor":11,"turns":9},{"damage":0,"enemies":"3 Louse","floor":12,"turns":3},{"damage":23,"enemies":"Gremlin Nob","floor":13,"turns":4},{"damage":10,"enemies":"The Mushroom Lair","floor":14,"turns":4},{"damage":47,"enemies":"The Guardian","floor":16,"turns":12},{"damage":13,"enemies":"Spheric Guardian","floor":18,"turns":6},{"damage":2,"enemies":"3 Byrds","floor":20,"turns":5},{"damage":35,"enemies":"Book of Stabbing","floor":24,"turns":6},{"damage":7,"enemies":"3 Cultists","floor":25,"turns":6},{"damage":31,"enemies":"Slavers","floor":27,"turns":6},{"damage":6,"enemies":"Cultist and Chosen","floor":28,"turns":4},{"damage":35,"enemies":"Snake Plant","floor":29,"turns":3},{"damage":6,"enemies":"Gremlin Leader","floor":30,"turns":5},{"damage":48,"enemies":"Automaton","floor":33,"turns":7},{"damage":3,"enemies":"3 Darklings","floor":35,"turns":4},{"damage":80,"enemies":"Reptomancer","floor":41,"turns":3},{"damage":25,"enemies":"Orb Walker","floor":42,"turns":4},{"damage":45,"enemies":"Writhing Mass","floor":44,"turns":6},{"damage":31,"enemies":"Transient","floor":47,"turns":5},{"damage":5,"enemies":"Giant Head","floor":48,"turns":5},{"damage":161,"enemies":"Time Eater","floor":50,"turns":11}],"seed_played":"-4918787327675816205","potions_obtained":[{"floor":6,"key":"SpeedPotion"},{"floor":10,"key":"Block Potion"},{"floor":12,"key":"Strength Potion"},{"floor":13,"key":"EssenceOfSteel"},{"floor":14,"key":"FearPotion"},{"floor":25,"key":"Explosive Potion"},{"floor":27,"key":"EssenceOfSteel"},{"floor":28,"key":"Energy Potion"},{"floor":33,"key":"Swift Potion"},{"floor":44,"key":"PowerPotion"}],"is_trial":false,"path_per_floor":["M","?","M","M","M","E","M","R","T","M","E","M","E","?","R","B",null,"M","?","M","?","?","R","E","M","T","E","M","M","E","$","R","B",null,"M","?","?","$","?","R","E","M","T","M","$","R","M","E","R","B",null],"character_chosen":"DEFECT","items_purchased":["Scrape","Hologram","Gash","Rebound"],"campfire_rested":1,"item_purchase_floors":[31,31,45,45],"current_hp_per_floor":[75,75,75,75,72,37,28,50,50,43,28,28,5,90,90,28,75,62,62,60,60,60,60,25,18,18,169,163,128,122,122,122,27,75,72,63,63,63,56,56,220,195,195,43,43,43,16,15,15,131],"gold":367,"neow_bonus":"THREE_ENEMY_KILL","is_prod":false,"is_daily":false,"chose_seed":false,"campfire_upgraded":4,"win_rate":0,"timestamp":1568587467,"path_taken":["M","?","?","?","M","E","M","R","T","M","E","M","E","?","R","BOSS","M","?","?","?","?","R","E","M","T","E","M","M","E","$","R","BOSS","M","?","?","$","?","R","E","M","T","M","$","R","M","E","R","BOSS"],"build_version":"2019-07-17","purchased_purges":3,"victory":true,"max_hp_per_floor":[75,75,75,75,75,75,75,75,75,75,75,75,75,75,75,75,75,75,75,75,75,75,75,75,75,75,75,75,75,75,75,75,75,75,75,75,75,75,75,75,75,75,75,75,75,75,75,75,75,75],"card_choices":[{"not_picked":["Redo","Force Field"],"picked":"Sweeping Beam","floor":1},{"not_picked":["Sweeping Beam","Hologram"],"picked":"Turbo","floor":3},{"not_picked":["Barrage","Force Field"],"picked":"Turbo","floor":4},{"not_picked":["Go for the Eyes","Beam Cell"],"picked":"Gash","floor":5},{"not_picked":["Thunder Strike","Meteor Strike","Barrage"],"picked":"SKIP","floor":6},{"not_picked":["Cold Snap","Sweeping Beam","Defragment"],"picked":"SKIP","floor":7},{"not_picked":["Streamline","Genetic Algorithm"],"picked":"Auto Shields","floor":10},{"not_picked":["Force Field","Coolheaded"],"picked":"Scrape","floor":11},{"not_picked":["Hologram","Aggregate"],"picked":"Gash","floor":12},{"not_picked":["Rip and Tear","Leap","Fission"],"picked":"SKIP","floor":13},{"not_picked":["Consume","Reinforced Body"],"picked":"Steam","floor":14},{"not_picked":["Genetic Algorithm","Go for the Eyes"],"picked":"Gash","floor":18},{"not_picked":["Barrage","Blizzard+1"],"picked":"Sunder","floor":20},{"not_picked":["Undo","Sunder"],"picked":"Glacier","floor":24},{"not_picked":["Streamline","Stack+1"],"picked":"Gash","floor":25},{"not_picked":["Sunder","Redo+1"],"picked":"All For One","floor":27},{"not_picked":["Compile Driver","Tempest","Cold Snap"],"picked":"SKIP","floor":28},{"not_picked":["Compile Driver","Cold Snap","Biased Cognition"],"picked":"SKIP","floor":29},{"not_picked":["Barrage","Reinforced Body+1","Chaos"],"picked":"SKIP","floor":30},{"not_picked":["Rainbow","Multi-Cast"],"picked":"Echo Form","floor":33},{"not_picked":["Rebound","Beam Cell"],"picked":"Hologram+1","floor":35},{"not_picked":["Chrysalis","Enlightenment"],"picked":"Bandage Up","floor":37},{"not_picked":["Biased Cognition","Conserve Battery","Melter+1"],"picked":"SKIP","floor":41},{"not_picked":["Lockon","Leap","Streamline+1"],"picked":"SKIP","floor":42},{"not_picked":["Cold Snap","Blizzard+1"],"picked":"Reprogram","floor":44},{"not_picked":["Coolheaded+1","Undo"],"picked":"Glacier","floor":47},{"not_picked":["Glacier+1","Cold Snap+1"],"picked":"Go for the Eyes","floor":48}],"player_experience":128854,"relics_obtained":[{"floor":6,"key":"Bag of Marbles"},{"floor":9,"key":"Gremlin Horn"},{"floor":11,"key":"Blue Candle"},{"floor":13,"key":"Pantograph"},{"floor":14,"key":"Odd Mushroom"},{"floor":24,"key":"Peace Pipe"},{"floor":26,"key":"Potion Belt"},{"floor":27,"key":"Lantern"},{"floor":30,"key":"Oddly Smooth Stone"},{"floor":41,"key":"Bottled Tornado"},{"floor":48,"key":"Thread and Needle"}],"event_choices":[{"cards_removed":["Strike_B"],"damage_healed":0,"gold_gain":0,"player_choice":"Purged","damage_taken":0,"max_hp_gain":0,"max_hp_loss":0,"event_name":"Purifier","floor":2,"gold_loss":0},{"damage_healed":0,"gold_gain":0,"player_choice":"Fought Mushrooms","damage_taken":0,"max_hp_gain":0,"max_hp_loss":0,"event_name":"Mushrooms","floor":14,"gold_loss":0},{"damage_healed":0,"gold_gain":0,"cards_transformed":["Chaos"],"player_choice":"Transformed","damage_taken":0,"max_hp_gain":0,"max_hp_loss":0,"event_name":"Transmorgrifier","floor":19,"gold_loss":0,"cards_obtained":["Gash"]},{"damage_healed":0,"gold_gain":0,"player_choice":"Ignored","damage_taken":0,"max_hp_gain":0,"max_hp_loss":0,"event_name":"Vampires","floor":21,"gold_loss":0},{"damage_healed":0,"gold_gain":0,"player_choice":"Obtain J.A.X.","damage_taken":0,"max_hp_gain":0,"max_hp_loss":0,"event_name":"Drug Dealer","floor":22,"gold_loss":0,"cards_obtained":["J.A.X."]},{"damage_healed":0,"gold_gain":0,"player_choice":"Embrace Madness","damage_taken":9,"max_hp_gain":0,"max_hp_loss":0,"event_name":"Winding Halls","floor":36,"gold_loss":0,"cards_obtained":["Madness","Madness"]},{"damage_healed":0,"gold_gain":0,"player_choice":"Memory 1","damage_taken":0,"max_hp_gain":0,"max_hp_loss":0,"event_name":"SensoryStone","floor":37,"gold_loss":0},{"damage_healed":0,"gold_gain":0,"player_choice":"Damaged","damage_taken":7,"max_hp_gain":0,"max_hp_loss":0,"event_name":"Wheel of Change","floor":39,"gold_loss":0}],"is_beta":false,"boss_relics":[{"not_picked":["Ectoplasm","Pandora\u0027s Box"],"picked":"Astrolabe"},{"not_picked":["Velvet Choker","Philosopher\u0027s Stone"],"picked":"Coffee Dripper"}],"items_purged_floors":[31,38,45],"is_endless":false,"potions_floor_spawned":[6,10,12,13,14,25,27,28,33,44,47],"ascension_level":1}