{"gold_per_floor":[113,133,149,149,160,188,188,217,294,115,37,51,51,51],"floor_reached":14,"playtime":695,"items_purged":["Defend_R"],"score":105,"play_id":"7c4168f6-249b-476a-9190-c234f170b400","local_time":"20190205061135","is_ascension_mode":true,"campfire_choices":[{"floor":7,"key":"RECALL"}],"neow_cost":"NONE","seed_source_timestamp":597048119072,"circlet_count":0,"master_deck":["Strike_R","Strike_R","Strike_R","Strike_R","Defend_R","Defend_R","Defend_R","Bash","Anger","Iron Wave","Armaments","Battle Trance","Anger","Armaments","Anger","Armaments","Iron Wave","Juggernaut"],"relics":["Burning Blood","NeowsBlessing","Question Card","Gambling Chip"],"potions_floor_usage":[8,8],"damage_taken":[{"damage":0,"enemies":"Cultist","floor":1,"turns":1},{"damage":0,"enemies":"2 Louse","floor":2,"turns":1},{"damage":0,"enemies":"Small Slimes","floor":3,"turns":1},{"damage":12,"enemies":"Blue Slaver","floor":5,"turns":4},{"damage":64,"enemies":"Lagavulin","floor":6,"turns":10},{"damage":19,"enemies":"Gremlin Nob","floor":8,"turns":4},{"damage":0,"enemies":"Looter","floor":12,"turns":3},{"damage":11,"enemies":"Large Slime","floor":14,"turns":1}],"seed_played":"-4904362591434266329","potions_obtained":[{"floor":1,"key":"Swift Potion"},{"floor":2,"key":"Ancient Potion"},{"floor":6,"key":"BloodPotion"},{"floor":12,"key":"Ancient Potion"}],"is_trial":false,"path_per_floor":["M","M","M","?","M","E","R","E","T","$","$","M","?","M"],"character_chosen":"IRONCLAD","items_purchased":["Armaments","Anger","Armaments","Iron Wave"],"campfire_rested":0,"item_purchase_floors":[10,10,11,11],"current_hp_per_floor":[80,80,80,80,74,16,16,11,11,11,11,17,10,0],"gold":51,"neow_bonus":"THREE_ENEMY_KILL","is_prod":false,"is_daily":false,"chose_seed":false,"campfire_upgraded":0,"win_rate":0,"timestamp":1549343495,"path_taken":["M","M","?","?","M","E","R","E","T","?","$","M","?","M"],"build_version":"2019-01-23","purchased_purges":1,"victory":false,"max_hp_per_floor":[80,80,80,80,80,80,80,80,80,80,80,80,80,80],"card_choices":[{"not_picked":["Whirlwind","Heavy Blade"],"picked":"Anger","floor":1},{"not_picked":["Rampage","Flame Barrier","Fire Breathing"],"picked":"SKIP","floor":2},{"not_picked":["Anger","Shockwave"],"picked":"Iron Wave","floor":3},{"not_picked":["Thunderclap","Flex"],"picked":"Armaments","floor":5},{"not_picked":["Thunderclap","Feel No Pain"],"picked":"Battle Trance","floor":6},{"not_picked":["Battle Trance","Cleave","Flame Barrier"],"picked":"Anger","floor":8},{"not_picked":["Battle Trance","Reckless Charge","Clash"],"picked":"Juggernaut","floor":12}],"player_experience":125905,"relics_obtained":[{"floor":6,"key":"Question Card"},{"floor":8,"key":"Gambling Chip"}],"event_choices":[{"damage_healed":0,"gold_gain":0,"player_choice":"Leave","damage_taken":0,"max_hp_gain":0,"max_hp_loss":0,"event_name":"FaceTrader","floor":4,"gold_loss":0},{"cards_removed":["Strike_R"],"damage_healed":0,"gold_gain":0,"player_choice":"Card Removal","damage_taken":7,"max_hp_gain":0,"max_hp_loss":0,"event_name":"Golden Wing","floor":13,"gold_loss":0}],"is_beta":false,"boss_relics":[],"items_purged_floors":[10],"is_endless":false,"potions_floor_spawned":[1,2,6,12],"killed_by":"Large Slime","ascension_level":1}