{"gold_per_floor":[119,119,44,44,119,119,137,137,164,195,215,233,233,254,254,380,380,393,393,412,432,432,432,450,450,518,518,225,244,287,306,306,425,425,450,325,338,362,212,230,271,271,271,285,285,303,303,0,0,0],"floor_reached":51,"playtime":934,"items_purged":["Strike_R","Strike_R","Defend_R","Defend_R"],"score":974,"play_id":"ebc4dd45-f511-4ed8-944c-69a332efdfff","local_time":"20180708202730","is_ascension_mode":false,"campfire_choices":[{"data":"Spot Weakness","floor":6,"key":"SMITH"},{"data":"Thunderclap","floor":8,"key":"SMITH"},{"data":"Whirlwind","floor":13,"key":"SMITH"},{"data":"Disarm","floor":15,"key":"SMITH"},{"data":"Seeing Red","floor":23,"key":"SMITH"},{"data":"Seeing Red","floor":25,"key":"SMITH"},{"data":"Offering","floor":27,"key":"SMITH"},{"data":"Secret Weapon","floor":32,"key":"SMITH"},{"data":"Offering","floor":42,"key":"SMITH"},{"data":"Bash","floor":49,"key":"SMITH"}],"neow_cost":"NONE","seed_source_timestamp":30130247764975,"circlet_count":0,"master_deck":["Strike_R","Strike_R","Strike_R","Defend_R","Defend_R","Bash+1","Spot Weakness+1","Thunderclap+1","Whirlwind+1","Disarm+1","Offering+1","Seeing Red+1","Necronomicurse","Seeing Red+1","Offering+1","Secret Weapon+1","Double Tap"],"relics":["Burning Blood","Lantern","Golden Idol","Boot","Oddly Smooth Stone","Runic Cube","Necronomicon","Centennial Puzzle","Meat on the Bone","Busted Crown","Mercury Hourglass","Paper Frog","Torii","Red Mask"],"potions_floor_usage":[41,41],"damage_taken":[{"damage":0,"enemies":"Small Slimes","floor":1,"turns":2},{"damage":1,"enemies":"Jaw Worm","floor":7,"turns":3},{"damage":17,"enemies":"3 Sentries","floor":10,"turns":5},{"damage":0,"enemies":"Cultist","floor":11,"turns":3},{"damage":0,"enemies":"3 Louse","floor":12,"turns":2},{"damage":6,"enemies":"Blue Slaver","floor":14,"turns":2},{"damage":32,"enemies":"Hexaghost","floor":16,"turns":8},{"damage":14,"enemies":"Chosen","floor":18,"turns":3},{"damage":4,"enemies":"3 Byrds","floor":20,"turns":3},{"damage":12,"enemies":"Snake Plant","floor":21,"turns":3},{"damage":4,"enemies":"Sentry and Sphere","floor":24,"turns":2},{"damage":4,"enemies":"3 Cultists","floor":29,"turns":1},{"damage":8,"enemies":"Gremlin Leader","floor":30,"turns":1},{"damage":4,"enemies":"Snake Plant","floor":31,"turns":2},{"damage":23,"enemies":"Collector","floor":33,"turns":3},{"damage":25,"enemies":"3 Shapes","floor":35,"turns":1},{"damage":4,"enemies":"Flame Bruiser 1 Orb","floor":37,"turns":1},{"damage":4,"enemies":"Sphere and 2 Shapes","floor":38,"turns":1},{"damage":11,"enemies":"Spire Growth","floor":40,"turns":2},{"damage":33,"enemies":"Nemesis","floor":41,"turns":3},{"damage":4,"enemies":"Flame Bruiser 2 Orb","floor":44,"turns":2},{"damage":8,"floor":45,"turns":2},{"damage":27,"enemies":"4 Shapes","floor":46,"turns":1},{"damage":63,"enemies":"Awakened One","floor":50,"turns":4}],"seed_played":"3418363794705510124","potions_obtained":[{"floor":12,"key":"SpeedPotion"},{"floor":14,"key":"Swift Potion"},{"floor":24,"key":"Explosive Potion"},{"floor":37,"key":"Fruit Juice"}],"is_trial":false,"path_per_floor":["M","?","$","?","?","R","M","R","T","E","M","M","R","M","R","B",null,"M","?","M","M","?","R","M","R","T","R","$","M","E","M","R","B",null,"M","$","M","M","$","M","E","R","T","M","?","M","?","?","R","B"],"character_chosen":"IRONCLAD","items_purchased":["Secret Weapon"],"campfire_rested":0,"item_purchase_floors":[28],"current_hp_per_floor":[80,85,85,64,53,53,58,58,58,47,53,59,59,59,59,33,85,77,61,63,57,57,57,59,59,59,59,59,61,59,61,61,56,85,66,66,68,70,70,65,55,55,55,57,55,46,79,79,79,34],"gold":0,"neow_bonus":"RANDOM_COMMON_RELIC","is_prod":false,"is_daily":false,"chose_seed":false,"campfire_upgraded":10,"win_rate":0,"timestamp":1531096050,"path_taken":["M","?","?","?","?","R","M","R","T","E","?","M","R","M","R","BOSS","M","?","M","M","?","R","?","R","T","R","$","M","E","M","R","BOSS","M","$","?","M","$","M","E","R","T","M","?","M","?","?","R","BOSS"],"build_version":"2018-07-05","purchased_purges":4,"victory":true,"max_hp_per_floor":[80,85,85,85,85,85,85,85,85,85,85,85,85,85,85,85,85,85,85,85,85,85,85,85,85,85,85,85,85,85,85,85,85,85,85,85,85,85,85,85,90,90,90,90,90,90,79,79,79,79],"card_choices":[{"not_picked":["Wild Strike","Feel No Pain"],"picked":"Spot Weakness","floor":1},{"not_picked":["Pommel Strike","Cleave"],"picked":"Thunderclap","floor":7},{"not_picked":["Havoc","Cleave","Thunderclap"],"picked":"SKIP","floor":10},{"not_picked":["Second Wind","Uppercut"],"picked":"Whirlwind","floor":11},{"not_picked":["Hemokinesis","Dual Wield"],"picked":"Disarm","floor":12},{"not_picked":["Carnage","Sever Soul","Clothesline"],"picked":"SKIP","floor":14},{"not_picked":["Exhume","Fiend Fire"],"picked":"Offering","floor":16},{"not_picked":["Havoc","Twin Strike"],"picked":"Seeing Red","floor":18},{"not_picked":["Metallicize","Clothesline","Clash"],"picked":"SKIP","floor":20},{"not_picked":["Body Slam+1","Clash"],"picked":"Seeing Red","floor":21},{"not_picked":["Corruption+1","Anger","Bludgeon"],"picked":"SKIP","floor":24},{"not_picked":["Uppercut+1","Bloodletting","Shrug It Off"],"picked":"SKIP","floor":29},{"not_picked":["Hemokinesis","Dropkick","Feel No Pain"],"picked":"SKIP","floor":30},{"not_picked":["Evolve","Entrench","Perfected Strike"],"picked":"SKIP","floor":31},{"not_picked":["Dark Embrace","Brutality"],"picked":"Double Tap","floor":33},{"not_picked":["Cleave"],"picked":"SKIP","floor":35},{"not_picked":["Flame Barrier"],"picked":"SKIP","floor":37},{"not_picked":["Iron Wave"],"picked":"SKIP","floor":38},{"not_picked":["Warcry"],"picked":"SKIP","floor":40},{"not_picked":["Brutality"],"picked":"SKIP","floor":41},{"not_picked":["Wild Strike+1"],"picked":"SKIP","floor":44},{"not_picked":["Dropkick"],"picked":"SKIP","floor":46}],"player_experience":733529,"relics_obtained":[{"floor":9,"key":"Boot"},{"floor":10,"key":"Oddly Smooth Stone"},{"floor":19,"key":"Necronomicon"},{"floor":26,"key":"Centennial Puzzle"},{"floor":30,"key":"Meat on the Bone"},{"floor":41,"key":"Mercury Hourglass"},{"floor":43,"key":"Paper Frog"},{"floor":45,"key":"Torii"}],"event_choices":[{"event_name":"Big Fish","player_choice":"Donut","floor":2,"damage_taken":0},{"event_name":"Golden Idol","player_choice":"Take Damage","floor":4,"damage_taken":0},{"event_name":"World of Goop","player_choice":"Gather Gold","floor":5,"damage_taken":0},{"event_name":"Cursed Tome","player_choice":"Obtained Book","floor":19,"damage_taken":0},{"event_name":"Duplicator","player_choice":"One dupe","floor":22,"damage_taken":0},{"event_name":"MindBloom","player_choice":"Fight","floor":45,"damage_taken":0},{"event_name":"The Moai Head","player_choice":"Heal","floor":47,"damage_taken":0},{"event_name":"Tomb of Lord Red Mask","player_choice":"Paid","floor":48,"damage_taken":0}],"boss_relics":[{"not_picked":["Eternal Feather","Calling Bell"],"picked":"Runic Cube"},{"not_picked":["Runic Pyramid","Black Star"],"picked":"Busted Crown"}],"items_purged_floors":[3,28,36,39],"is_endless":false,"potions_floor_spawned":[12,14,24,29,30,31,35,37],"ascension_level":0}