{"gold_per_floor":[213,213,227,243,243,243,278,39,65,65,75,93,13,47,47,124,124,137,137,9,9,24,24,43,75,124,156,176,176,211,311,311,388,388,405,417,417,462,462,462,474,474,501,501,514,549,549,253,253,253,253],"floor_reached":51,"playtime":5051,"items_purged":["Strike_B","Writhe","Strike_B"],"score":1407,"play_id":"26497ef5-e84b-4a2c-9d7b-143d6eb6d949","local_time":"20190824165704","is_ascension_mode":true,"campfire_choices":[{"data":"Zap","floor":6.0,"key":"SMITH"},{"data":"Go for the Eyes","floor":10.0,"key":"SMITH"},{"data":"Defragment","floor":15.0,"key":"SMITH"},{"data":"Hyperbeam","floor":23.0,"key":"SMITH"},{"data":"1","floor":29.0,"key":"LIFT"},{"data":"2","floor":32.0,"key":"LIFT"},{"data":"Static Discharge","floor":40.0,"key":"SMITH"},{"data":"3","floor":42.0,"key":"LIFT"},{"data":"Skim","floor":44.0,"key":"SMITH"},{"floor":49.0,"key":"RECALL"}],"neow_cost":"NONE","seed_source_timestamp":92849684239730,"circlet_count":0,"master_deck":["AscendersBane","Strike_B","Strike_B","Defend_B","Defend_B+1","Defend_B+1","Defend_B","Zap+1","Dualcast","Chill","Sweeping Beam","Cold Snap","Go for the Eyes+1","Self Repair","FTL","Undo","Defragment+1","Beam Cell","Gash","Conserve Battery","Hyperbeam+1","Steam Power","Cold Snap","Shame","Scrape+1","Barrage+1","Steam","Static Discharge+1","Creative AI","Echo Form","Sunder+1","Biased Cognition","Skim+1","Leap+1","Thunder Strike","Ball Lightning","Capacitor","Steam Power","Gash","Impatience"],"special_seed":0,"relics":["Cracked Core","War Paint","Pear","PreservedInsect","Potion Belt","Lantern","Nuclear Battery","Girya","Happy Flower","Du-Vu Doll","Blood Vial","Oddly Smooth Stone","Art of War","Shovel","Singing Bowl","Coffee Dripper","Turnip","Regal Pillow","Pen Nib"],"potions_floor_usage":[51],"damage_taken":[{"damage":7.0,"enemies":"Jaw Worm","floor":1.0,"turns":4.0},{"damage":0.0,"enemies":"Cultist","floor":3.0,"turns":4.0},{"damage":0.0,"enemies":"Small Slimes","floor":4.0,"turns":3.0},{"damage":17.0,"enemies":"3 Sentries","floor":7.0,"turns":8.0},{"damage":8.0,"enemies":"Blue Slaver","floor":11.0,"turns":3.0},{"damage":0.0,"enemies":"Large Slime","floor":12.0,"turns":5.0},{"damage":1.0,"enemies":"Lagavulin","floor":14.0,"turns":6.0},{"damage":47.0,"enemies":"Slime Boss","floor":16.0,"turns":13.0},{"damage":0.0,"enemies":"3 Byrds","floor":18.0,"turns":6.0},{"damage":13.0,"enemies":"Spheric Guardian","floor":22.0,"turns":6.0},{"damage":9.0,"enemies":"Snake Plant","floor":24.0,"turns":5.0},{"damage":2.0,"enemies":"Book of Stabbing","floor":25.0,"turns":4.0},{"damage":3.0,"enemies":"Gremlin Leader","floor":27.0,"turns":6.0},{"damage":5.0,"enemies":"Centurion and Healer","floor":28.0,"turns":5.0},{"damage":14.0,"enemies":"Slavers","floor":30.0,"turns":3.0},{"damage":0.0,"enemies":"Colosseum Slavers","floor":31.0,"turns":2.0},{"damage":0.0,"enemies":"Colosseum Nobs","floor":31.0,"turns":2.0},{"damage":47.0,"enemies":"Automaton","floor":33.0,"turns":9.0},{"damage":0.0,"enemies":"3 Darklings","floor":35.0,"turns":3.0},{"damage":1.0,"enemies":"3 Shapes","floor":36.0,"turns":6.0},{"damage":12.0,"enemies":"2 Orb Walkers","floor":38.0,"turns":4.0},{"damage":8.0,"enemies":"Maw","floor":41.0,"turns":5.0},{"damage":9.0,"enemies":"3 Darklings","floor":45.0,"turns":3.0},{"damage":17.0,"enemies":"Reptomancer","floor":46.0,"turns":5.0},{"damage":41.0,"enemies":"Donu and Deca","floor":50.0,"turns":10.0},{"damage":53,"enemies":"Time Eater","floor":51,"turns":3}],"seed_played":"-1779521321800753477","potions_obtained":[{"floor":1.0,"key":"AttackPotion"},{"floor":7.0,"key":"SkillPotion"},{"floor":12.0,"key":"Block Potion"},{"floor":22.0,"key":"LiquidBronze"},{"floor":24.0,"key":"Dexterity Potion"},{"floor":27.0,"key":"Ancient Potion"},{"floor":28.0,"key":"LiquidBronze"},{"floor":33.0,"key":"AttackPotion"},{"floor":38.0,"key":"SmokeBomb"}],"is_trial":false,"path_per_floor":["M","?","M","M","T","R","E","$","T","R","M","M","$","E","R","B",null,"M","?","$","?","M","R","M","E","T","E","M","R","E","?","R","B",null,"M","M","?","?","?","R","M","R","T","R","M","E","?","$","R","B","B"],"character_chosen":"DEFECT","items_purchased":["Self Repair","FTL","Beam Cell","Gash","Cold Snap","Pen Nib"],"campfire_rested":0,"item_purchase_floors":[8,8,13,13,20,48],"current_hp_per_floor":[57,57,57,57,67,67,50,50,50,50,49,56,56,62,62,22,66,73,73,73,73,67,67,65,70,70,76,80,80,74,81,81,41,71,80,81,81,71,71,71,65,65,65,65,58,59,59,59,59,34,0],"gold":253,"neow_bonus":"HUNDRED_GOLD","is_prod":false,"is_daily":false,"chose_seed":false,"campfire_upgraded":6,"win_rate":0,"timestamp":1566691024,"path_taken":["M","?","?","M","?","R","E","?","T","R","M","M","$","E","R","BOSS","M","?","$","?","M","R","M","E","T","E","M","R","E","?","R","BOSS","M","M","?","?","?","R","M","R","T","R","?","E","?","?","R","BOSS","BOSS"],"build_version":"2019-07-17","purchased_purges":3,"victory":false,"max_hp_per_floor":[71,71,71,71,81,81,81,81,81,81,81,81,81,81,81,81,81,81,81,81,81,81,81,81,81,81,81,81,81,81,81,81,81,81,81,81,81,83,83,83,83,83,83,83,83,85,85,85,85,85,85],"card_choices":[{"not_picked":["Skim","Barrage"],"picked":"Chill","floor":1.0},{"not_picked":["Melter","Consume"],"picked":"Sweeping Beam","floor":3.0},{"not_picked":["Steam Power","Reinforced Body"],"picked":"Cold Snap","floor":4.0},{"not_picked":["White Noise","Stack"],"picked":"Go for the Eyes","floor":7.0},{"not_picked":["Melter","Turbo"],"picked":"Undo","floor":11.0},{"not_picked":["Ball Lightning","Turbo"],"picked":"Defragment","floor":12.0},{"not_picked":["Leap","Melter"],"picked":"Conserve Battery","floor":14.0},{"not_picked":["Rainbow","Thunder Strike"],"picked":"Hyperbeam","floor":16.0},{"not_picked":["Hologram","Chill"],"picked":"Steam Power","floor":18.0},{"not_picked":["Beam Cell","Heatsinks"],"picked":"Scrape+1","floor":22.0},{"not_picked":["Fusion","Sweeping Beam"],"picked":"Barrage+1","floor":24.0},{"not_picked":["Cold Snap","Self Repair"],"picked":"Steam","floor":25.0},{"not_picked":["Sweeping Beam","Beam Cell"],"picked":"Static Discharge","floor":27.0},{"not_picked":["Go for the Eyes","Barrage"],"picked":"Creative AI","floor":28.0},{"not_picked":["Genetic Algorithm+1","Reinforced Body"],"picked":"Echo Form","floor":30.0},{"not_picked":["Beam Cell","Stack"],"picked":"Sunder+1","floor":31.0},{"not_picked":["Multi-Cast","Seek"],"picked":"Biased Cognition","floor":33.0},{"not_picked":["Go for the Eyes","Steam Power"],"picked":"Skim","floor":35.0},{"not_picked":["Loop","Coolheaded"],"picked":"Leap+1","floor":36.0},{"not_picked":["Doom and Gloom","Go for the Eyes","Heatsinks"],"picked":"Singing Bowl","floor":38.0},{"not_picked":["Sweeping Beam","Cold Snap+1"],"picked":"Steam Power","floor":41.0},{"not_picked":["Undo","Stack"],"picked":"Gash","floor":45.0},{"not_picked":["Ball Lightning","Creative AI","Leap"],"picked":"Singing Bowl","floor":46.0},{"not_picked":["Chrysalis","Madness"],"picked":"Impatience","floor":47.0}],"player_experience":766328,"relics_obtained":[{"floor":5.0,"key":"Pear"},{"floor":7.0,"key":"PreservedInsect"},{"floor":9.0,"key":"Potion Belt"},{"floor":14.0,"key":"Lantern"},{"floor":25.0,"key":"Du-Vu Doll"},{"floor":26.0,"key":"Blood Vial"},{"floor":27.0,"key":"Oddly Smooth Stone"},{"floor":30.0,"key":"Art of War"},{"floor":31.0,"key":"Shovel"},{"floor":31.0,"key":"Singing Bowl"},{"floor":38.0,"key":"Turnip"},{"floor":46.0,"key":"Regal Pillow"}],"event_choices":[{"damage_healed":0.0,"max_hp_gain":0.0,"max_hp_loss":0.0,"gold_gain":0.0,"event_name":"WeMeetAgain","player_choice":"Gave Potion","floor":2.0,"gold_loss":0.0,"damage_taken":0.0,"relics_obtained":["War Paint"]},{"damage_healed":0.0,"max_hp_gain":0.0,"max_hp_loss":0.0,"gold_gain":0.0,"event_name":"The Mausoleum","player_choice":"Opened","floor":19.0,"gold_loss":0.0,"damage_taken":0.0,"relics_obtained":["Girya"],"cards_obtained":["Writhe"]},{"damage_healed":0.0,"max_hp_gain":0.0,"max_hp_loss":0.0,"gold_gain":0.0,"event_name":"Addict","player_choice":"Stole Relic","floor":21.0,"gold_loss":0.0,"damage_taken":0.0,"relics_obtained":["Happy Flower"],"cards_obtained":["Shame"]},{"damage_healed":0.0,"max_hp_gain":0.0,"max_hp_loss":0.0,"gold_gain":0.0,"event_name":"Colosseum","player_choice":"Fight","floor":31.0,"gold_loss":0.0,"damage_taken":0.0},{"damage_healed":0.0,"max_hp_gain":0.0,"max_hp_loss":0.0,"gold_gain":0.0,"event_name":"Colosseum","player_choice":"Fought Nobs","floor":31.0,"gold_loss":0.0,"damage_taken":0.0},{"damage_healed":0.0,"max_hp_gain":0.0,"max_hp_loss":0.0,"gold_gain":0.0,"event_name":"Tomb of Lord Red Mask","player_choice":"Ignored","floor":37.0,"gold_loss":0.0,"damage_taken":0.0},{"damage_healed":0.0,"max_hp_gain":0.0,"max_hp_loss":0.0,"gold_gain":0.0,"event_name":"Mysterious Sphere","player_choice":"Fight","floor":38.0,"gold_loss":0.0,"damage_taken":0.0},{"damage_healed":0.0,"max_hp_gain":0.0,"max_hp_loss":0.0,"gold_gain":0.0,"event_name":"Match and Keep!","player_choice":"3 cards matched","floor":39.0,"gold_loss":0.0,"damage_taken":0.0,"cards_obtained":["Thunder Strike","Ball Lightning","Capacitor"]},{"damage_healed":0.0,"max_hp_gain":0.0,"max_hp_loss":0.0,"gold_gain":0.0,"event_name":"SensoryStone","player_choice":"Memory 1","floor":47.0,"gold_loss":0.0,"damage_taken":0.0}],"is_beta":false,"boss_relics":[{"not_picked":["Fusion Hammer","Snecko Eye"],"picked":"Nuclear Battery"},{"not_picked":["Sozu","Orrery"],"picked":"Coffee Dripper"}],"items_purged_floors":[8,20,48],"is_endless":false,"potions_floor_spawned":[1,7,12,22,24,27,28,33,38],"killed_by":"Time Eater","ascension_level":20}