{"gold_per_floor":[118,118,138,213,232,263,282,282,309,322,332,350,350,0,0,96,96,116,116,128,144,35,61,73,85,124,167,179,211,243,265,277,386,398,425,448,115,115],"floor_reached":38,"playtime":5241,"items_purged":["Writhe"],"score":470,"play_id":"8ef642ca-cb6d-4c3c-b56d-dd719bcb6482","local_time":"20190626185448","is_ascension_mode":false,"campfire_choices":[{"floor":8.0,"key":"REST"},{"data":"Perfected Strike","floor":13.0,"key":"SMITH"},{"data":"Rage","floor":15.0,"key":"SMITH"},{"floor":25.0,"key":"REST"},{"floor":32.0,"key":"REST"}],"neow_cost":"","seed_source_timestamp":0,"circlet_count":0,"master_deck":["Strike_R","Strike_R","Strike_R+1","Strike_R","Strike_R","Defend_R","Defend_R","Defend_R","Defend_R","Perfected Strike+1","Twin Strike+1","Rage+1","Shrug It Off","Pommel Strike","Seeing Red","Rage","Twin Strike","Apotheosis","Feed","Bloodletting","Feel No Pain","Perfected Strike","Feed","Carnage","Flame Barrier+1","Anger+1","Double Tap+1","Second Wind+1","Sword Boomerang+1","Metallicize","Battle Trance","Offering","Headbutt+1","Cleave+1","Reaper"],"special_seed":0,"relics":["Burning Blood","Regal Pillow","Whetstone","Membership Card","Bag of Preparation","Black Star","Dream Catcher","MawBank","Mercury Hourglass","Oddly Smooth Stone","Happy Flower","Nloth\u0027s Gift","Eternal Feather","Mango","Ornamental Fan"],"potions_floor_usage":[],"damage_taken":[{"damage":7.0,"enemies":"2 Louse","floor":1.0,"turns":4.0},{"damage":6.0,"enemies":"Jaw Worm","floor":3.0,"turns":3.0},{"damage":1.0,"enemies":"Cultist","floor":5.0,"turns":3.0},{"damage":25.0,"enemies":"3 Sentries","floor":6.0,"turns":9.0},{"damage":0.0,"enemies":"3 Louse","floor":7.0,"turns":5.0},{"damage":0.0,"enemies":"Looter","floor":10.0,"turns":3.0},{"damage":0.0,"enemies":"Lots of Slimes","floor":11.0,"turns":6.0},{"damage":0.0,"enemies":"2 Fungi Beasts","floor":12.0,"turns":3.0},{"damage":14.0,"enemies":"The Guardian","floor":16.0,"turns":10.0},{"damage":15.0,"enemies":"3 Byrds","floor":18.0,"turns":6.0},{"damage":6.0,"enemies":"Spheric Guardian","floor":20.0,"turns":4.0},{"damage":27.0,"enemies":"Snake Plant","floor":21.0,"turns":5.0},{"damage":40.0,"enemies":"Gremlin Leader","floor":23.0,"turns":7.0},{"damage":30.0,"enemies":"Book of Stabbing","floor":27.0,"turns":6.0},{"damage":20.0,"enemies":"Centurion and Healer","floor":29.0,"turns":3.0},{"damage":0.0,"enemies":"Snecko","floor":30.0,"turns":5.0},{"damage":16.0,"enemies":"Cultist and Chosen","floor":31.0,"turns":6.0},{"damage":57.0,"enemies":"Champ","floor":33.0,"turns":12.0},{"damage":9,"enemies":"3 Shapes","floor":35,"turns":5},{"damage":39,"enemies":"3 Darklings","floor":36,"turns":7},{"damage":77,"enemies":"Maw","floor":38,"turns":7}],"seed_played":"-4124845378113121643","potions_obtained":[{"floor":3.0,"key":"AttackPotion"},{"floor":5.0,"key":"Swift Potion"},{"floor":10.0,"key":"AttackPotion"},{"floor":23.0,"key":"Poison Potion"},{"floor":30.0,"key":"SteroidPotion"},{"floor":31.0,"key":"Energy Potion"},{"floor":33.0,"key":"LiquidBronze"},{"floor":35,"key":"Weak Potion"},{"floor":36,"key":"PowerPotion"}],"is_trial":false,"path_per_floor":["M","?","M","?","M","E","M","R","T","M","M","M","R","$","R","B",null,"M","?","M","M","$","E","?","R","T","E","?","M","M","M","R","B",null,"M","M","$","M"],"character_chosen":"IRONCLAD","items_purchased":["Membership Card","Apotheosis","Bag of Preparation","Feed","Carnage","Reaper","Mango","Ornamental Fan"],"campfire_rested":3,"item_purchase_floors":[14,14,14,22,22,37,37,37],"current_hp_per_floor":[79,79,79,68,73,54,60,80,80,80,80,80,80,80,80,72,80,75,75,75,54,54,20,20,60,60,36,36,22,28,18,58,7,84,85,52,66,0],"gold":115,"neow_bonus":"","is_prod":false,"is_daily":false,"chose_seed":false,"campfire_upgraded":2,"win_rate":0.0,"timestamp":1561589688,"path_taken":["M","?","M","?","M","E","M","R","T","M","M","M","R","$","R","BOSS","M","?","M","?","$","E","?","R","T","E","?","M","M","M","R","BOSS","M","M","$","M"],"build_version":"2019-01-23","purchased_purges":1,"victory":false,"max_hp_per_floor":[80,80,80,80,80,80,80,80,80,80,80,80,80,80,80,80,80,84,84,84,84,84,84,84,84,84,84,84,84,84,84,84,84,84,88,88,102,102],"card_choices":[{"not_picked":["Sword Boomerang","Clothesline"],"picked":"Perfected Strike","floor":1.0},{"not_picked":["Flame Barrier","Sword Boomerang"],"picked":"Twin Strike","floor":3.0},{"not_picked":["Bludgeon","Shockwave"],"picked":"Rage","floor":5.0},{"not_picked":["Ghostly Armor","Whirlwind"],"picked":"Shrug It Off","floor":6.0},{"not_picked":["Carnage","Corruption"],"picked":"Pommel Strike","floor":7.0},{"not_picked":["True Grit","Anger"],"picked":"Seeing Red","floor":10.0},{"not_picked":["Headbutt","Whirlwind"],"picked":"Rage","floor":11.0},{"not_picked":["Anger","Iron Wave"],"picked":"Twin Strike","floor":12.0},{"not_picked":["Fiend Fire","Bludgeon"],"picked":"Feed","floor":16.0},{"not_picked":["Headbutt","Disarm"],"picked":"Bloodletting","floor":18.0},{"not_picked":["Bloodletting","Pommel Strike+1"],"picked":"Feel No Pain","floor":20.0},{"not_picked":["Clothesline","Searing Blow"],"picked":"Perfected Strike","floor":21.0},{"not_picked":["Thunderclap","Blood for Blood"],"picked":"Flame Barrier","floor":23.0},{"not_picked":["Clothesline","Intimidate+1"],"picked":"Anger+1","floor":25.0},{"not_picked":["Body Slam","Bloodletting"],"picked":"Double Tap","floor":27.0},{"not_picked":["Cleave+1","Sever Soul"],"picked":"Second Wind+1","floor":29.0},{"not_picked":["Inflame","Thunderclap+1"],"picked":"Sword Boomerang+1","floor":30.0},{"not_picked":["Body Slam+1","Second Wind"],"picked":"Metallicize","floor":31.0},{"not_picked":["Pommel Strike","Armaments"],"picked":"Battle Trance","floor":32.0},{"not_picked":["Feed","Bludgeon"],"picked":"Offering","floor":33.0},{"not_picked":["Intimidate","Armaments"],"picked":"Headbutt+1","floor":35},{"not_picked":["Metallicize","Offering"],"picked":"Cleave+1","floor":36}],"player_experience":0,"relics_obtained":[{"floor":6.0,"key":"Regal Pillow"},{"floor":9.0,"key":"Whetstone"},{"floor":23.0,"key":"Dream Catcher"},{"floor":23.0,"key":"MawBank"},{"floor":26.0,"key":"Oddly Smooth Stone"},{"floor":27.0,"key":"War Paint"},{"floor":27.0,"key":"Happy Flower"}],"event_choices":[{"damage_healed":0.0,"max_hp_gain":0.0,"max_hp_loss":0.0,"gold_gain":0.0,"event_name":"The Cleric","player_choice":"Leave","floor":2.0,"gold_loss":0.0,"damage_taken":0.0},{"damage_healed":0.0,"max_hp_gain":0.0,"max_hp_loss":0.0,"gold_gain":75.0,"event_name":"World of Goop","player_choice":"Gather Gold","floor":4.0,"gold_loss":0.0,"damage_taken":11.0},{"cards_removed":["Bash"],"damage_healed":0.0,"max_hp_gain":0.0,"max_hp_loss":0.0,"gold_gain":0.0,"event_name":"Bonfire Elementals","player_choice":"Offered Basic","floor":19.0,"gold_loss":0.0,"damage_taken":0.0},{"damage_healed":0.0,"max_hp_gain":0.0,"max_hp_loss":0.0,"gold_gain":0.0,"event_name":"The Mausoleum","player_choice":"Opened","floor":24.0,"gold_loss":0.0,"damage_taken":0.0,"relics_obtained":["Mercury Hourglass"],"cards_obtained":["Writhe"]},{"damage_healed":0.0,"max_hp_gain":0.0,"max_hp_loss":0.0,"gold_gain":0.0,"event_name":"N\u0027loth","player_choice":"Traded Relic","floor":28.0,"relics_lost":["War Paint"],"gold_loss":0.0,"damage_taken":0.0,"relics_obtained":["Nloth\u0027s Gift"]}],"is_beta":false,"boss_relics":[{"not_picked":["Tiny House","Lizard Tail"],"picked":"Black Star"},{"not_picked":["White Beast Statue","Fusion Hammer"],"picked":"Eternal Feather"}],"items_purged_floors":[37],"is_endless":false,"potions_floor_spawned":[3,5,10,11,16,18,23,30,31,33,35,36],"killed_by":"Maw","ascension_level":0}