{"gold_per_floor":[119,43,43,18,18,43,43,78,78,78,140,157,173,190,190,190],"floor_reached":16,"playtime":232,"items_purged":[],"score":244,"play_id":"371e6427-6a67-44b0-b7de-58e07dd3ae49","local_time":"20181020003241","is_ascension_mode":true,"campfire_choices":[{"data":"Shrug It Off","floor":7.0,"key":"SMITH"},{"data":"Anger","floor":10.0,"key":"SMITH"},{"data":"Bash","floor":15.0,"key":"SMITH"}],"neow_cost":"NONE","seed_source_timestamp":1728134423443,"circlet_count":0,"master_deck":["Strike_R","Strike_R","Strike_R","Strike_R","Strike_R","Defend_R","Defend_R","Defend_R","Defend_R","Bash+1","Shrug It Off+1","Whirlwind+1","Anger+1","Headbutt","Thunderclap"],"special_seed":0,"relics":["Burning Blood","NeowsBlessing","Bottled Flame","Turnip","Question Card","Tiny Chest"],"potions_floor_usage":[],"damage_taken":[{"damage":0.0,"enemies":"Small Slimes","floor":1.0,"turns":2.0},{"damage":0.0,"enemies":"3 Sentries","floor":6.0,"turns":1.0},{"damage":0.0,"enemies":"Lagavulin","floor":8.0,"turns":1.0},{"damage":16.0,"enemies":"Gremlin Nob","floor":11.0,"turns":3.0},{"damage":0.0,"enemies":"2 Louse","floor":12.0,"turns":1.0},{"damage":12.0,"enemies":"Jaw Worm","floor":13.0,"turns":2.0},{"damage":0.0,"enemies":"Exordium Thugs","floor":14.0,"turns":3.0},{"damage":83,"enemies":"Hexaghost","floor":16,"turns":9}],"seed_played":"5914347678874281203","potions_obtained":[{"floor":1.0,"key":"Fire Potion"},{"floor":11.0,"key":"Fire Potion"},{"floor":12.0,"key":"Poison Potion"}],"is_trial":false,"path_per_floor":["M","$","?","$","?","E","R","E","T","R","E","M","M","M","R"],"character_chosen":"IRONCLAD","items_purchased":["Whirlwind","Anger"],"campfire_rested":0,"item_purchase_floors":[2,4],"current_hp_per_floor":[78,78,83,83,83,85,85,85,85,85,75,81,75,81,81,0],"gold":190,"neow_bonus":"THREE_ENEMY_KILL","is_prod":false,"is_daily":false,"chose_seed":false,"campfire_upgraded":3,"win_rate":0,"timestamp":1540009961,"path_taken":["M","$","?","$","?","E","R","E","T","R","E","M","?","M","R","BOSS"],"build_version":"2018-10-18","purchased_purges":0,"victory":false,"max_hp_per_floor":[80,80,85,85,85,85,85,85,85,85,85,85,85,85,85,85],"card_choices":[{"not_picked":["Seeing Red","Heavy Blade"],"picked":"Shrug It Off","floor":1.0},{"not_picked":["Shockwave","Warcry","Blood for Blood"],"picked":"SKIP","floor":6.0},{"not_picked":["Perfected Strike","Clash"],"picked":"Headbutt","floor":8.0},{"not_picked":["True Grit","Anger","Fiend Fire"],"picked":"Thunderclap","floor":11.0},{"not_picked":["Cleave","Power Through","True Grit","Clothesline"],"picked":"SKIP","floor":12.0},{"not_picked":["Clash","Flex","Wild Strike","Power Through"],"picked":"SKIP","floor":13.0},{"not_picked":["Fire Breathing","Blood for Blood","Warcry","Flex"],"picked":"SKIP","floor":14.0}],"player_experience":941788,"relics_obtained":[{"floor":6.0,"key":"Bottled Flame"},{"floor":8.0,"key":"Turnip"},{"floor":9.0,"key":"Question Card"},{"floor":11.0,"key":"Tiny Chest"}],"event_choices":[{"damage_healed":0.0,"max_hp_gain":5.0,"max_hp_loss":0.0,"gold_gain":0.0,"event_name":"Big Fish","player_choice":"Donut","floor":3.0,"gold_loss":0.0,"damage_taken":0.0},{"damage_healed":0.0,"max_hp_gain":0.0,"max_hp_loss":0.0,"gold_gain":0.0,"event_name":"Living Wall","player_choice":"Grow","floor":5.0,"gold_loss":0.0,"damage_taken":0.0,"cards_upgraded":["Whirlwind"]}],"is_beta":true,"boss_relics":[],"items_purged_floors":[],"is_endless":false,"potions_floor_spawned":[1,11,12],"killed_by":"Hexaghost","ascension_level":9}