{"gold_per_floor":[117,127,227,201,215,215,9,35,35,35,55,75,93,107,107,205,205,222,240,250,263,263,298,318,318,318,318,318,331,346,374,374,479,479,489,502,522,533,633,633,633,633,633,647,647,657,668,685,685,685],"floor_reached":51,"playtime":2200,"items_purged":["Strike_B"],"score":749,"play_id":"82f8c3e5-e721-48ab-80be-edcbc0768ca2","local_time":"20190106225540","is_ascension_mode":false,"campfire_choices":[{"data":"Zap","floor":6,"key":"SMITH"},{"data":"Self Repair","floor":10,"key":"SMITH"},{"data":"hubris:PowerSurge","floor":15,"key":"SMITH"},{"floor":27,"key":"REST"},{"data":"Chaos","floor":32,"key":"SMITH"},{"data":"Rainbow","floor":40,"key":"SMITH"},{"data":"hubris:PowerSurge","floor":42,"key":"SMITH"},{"data":"Dualcast","floor":45,"key":"SMITH"},{"data":"Blizzard","floor":49,"key":"SMITH"}],"neow_cost":"NONE","seed_source_timestamp":867953647039810,"circlet_count":0,"master_deck":["Strike_B","Defend_B","Defend_B","Defend_B","Zap+1","Dualcast+1","Cold Snap","Gash","Ball Lightning","Ball Lightning","Self Repair+1","Gash","Barrage","hubris:PowerSurge+1","Seek","Chaos+1","Steam+1","Coolheaded+1","Beam Cell+1","Coolheaded","Lockon","hubris:PowerSurge+1","Rainbow+1","Coolheaded","Electrodynamics","Static Discharge+1","Cold Snap+1","Cold Snap","Gash","Blizzard+1"],"relics":["Cracked Core","hubris:BallOfYels","The Courier","Ornamental Fan","hubris:VirtuousBlindfold","Vajra","infinitespire:WardingShard","Calipers","Cursed Key","FossilizedHelix","Thread and Needle"],"potions_floor_usage":[23,50,50],"damage_taken":[{"damage":0,"enemies":"Cultist","floor":1,"turns":3},{"damage":4,"enemies":"Jaw Worm","floor":2,"turns":4},{"damage":0,"enemies":"2 Louse","floor":5,"turns":3},{"damage":17,"enemies":"3 Sentries","floor":8,"turns":4},{"damage":5,"enemies":"Large Slime","floor":11,"turns":4},{"damage":11,"enemies":"Exordium Wildlife","floor":12,"turns":2},{"damage":1,"enemies":"Blue Slaver","floor":13,"turns":2},{"damage":2,"enemies":"Lots of Slimes","floor":14,"turns":3},{"damage":34,"enemies":"The Guardian","floor":16,"turns":9},{"damage":0,"enemies":"Shell Parasite","floor":18,"turns":2},{"damage":16,"enemies":"2 Thieves","floor":19,"turns":2},{"damage":32,"enemies":"Snecko","floor":20,"turns":5},{"damage":10,"enemies":"Centurion and Healer","floor":21,"turns":4},{"damage":19,"enemies":"Book of Stabbing","floor":23,"turns":4},{"damage":0,"enemies":"3 Cultists","floor":24,"turns":3},{"damage":1,"enemies":"Shelled Parasite and Fungi","floor":29,"turns":3},{"damage":2,"enemies":"Chosen and Byrds","floor":30,"turns":3},{"damage":20,"enemies":"Slavers","floor":31,"turns":3},{"damage":13,"enemies":"Automaton","floor":33,"turns":9},{"damage":0,"enemies":"3 Shapes","floor":35,"turns":3},{"damage":0,"enemies":"3 Darklings","floor":36,"turns":1},{"damage":5,"enemies":"Spire Growth","floor":37,"turns":3},{"damage":0,"enemies":"Transient","floor":38,"turns":5},{"damage":14,"enemies":"Mind Bloom Boss Battle","floor":39,"turns":3},{"damage":0,"enemies":"Jaw Worm Horde","floor":44,"turns":3},{"damage":9,"enemies":"3 Darklings","floor":46,"turns":3},{"damage":0,"enemies":"Spire Growth","floor":47,"turns":3},{"damage":0,"enemies":"Transient","floor":48,"turns":5},{"damage":0,"enemies":"Time Eater","floor":50,"turns":10}],"seed_played":"4320289606280892628","potions_obtained":[{"floor":12,"key":"GamblersBrew"},{"floor":13,"key":"SneckoOil"},{"floor":14,"key":"Fire Potion"},{"floor":24,"key":"FearPotion"},{"floor":29,"key":"FocusPotion"},{"floor":36,"key":"FocusPotion"}],"is_trial":false,"path_per_floor":["M","M","?","$","M","R","$","E","T","R","M","M","M","M","R","B",null,"M","M","M","M","?","E","M","?","T","R","?","M","M","E","R","B",null,"M","M","M","M","?","R","T","R","T","M","R","M","M","M","R","B",null],"character_chosen":"DEFECT","items_purchased":["Gash","hubris:BallOfYels","Ball Lightning"],"campfire_rested":1,"item_purchase_floors":[4,7,7],"current_hp_per_floor":[75,71,71,71,71,71,71,54,54,54,59,58,57,65,65,41,75,75,59,37,37,23,14,24,24,24,48,48,57,65,45,45,42,80,80,80,80,80,66,66,66,66,66,76,76,77,80,80,80,80],"gold":685,"neow_bonus":"REMOVE_CARD","is_prod":false,"is_daily":false,"chose_seed":false,"campfire_upgraded":8,"win_rate":0,"timestamp":1546833340,"path_taken":["M","M","?","$","?","R","$","E","T","R","M","M","M","M","R","BOSS","M","M","M","M","?","E","M","?","T","R","?","M","M","E","R","BOSS","M","M","M","M","?","R","?","R","T","M","R","M","M","M","R","BOSS"],"build_version":"2019-01-03v4","purchased_purges":1,"victory":true,"max_hp_per_floor":[75,75,75,75,75,75,75,75,75,75,75,75,75,75,75,75,75,75,75,75,75,80,80,80,80,80,80,80,80,80,80,80,80,80,80,80,80,80,80,80,80,80,80,80,80,80,80,80,80,80],"card_choices":[{"not_picked":["Ball Lightning","Turbo"],"picked":"Cold Snap","floor":1},{"not_picked":["Reinforced Body","Hologram","Redo"],"picked":"SKIP","floor":2},{"not_picked":["Conserve Battery","Sweeping Beam"],"picked":"Ball Lightning","floor":5},{"not_picked":["Recycle","Turbo"],"picked":"Self Repair","floor":8},{"not_picked":["Auto Shields","hubris:SpecializedCircuitry"],"picked":"Gash","floor":11},{"not_picked":["Aggregate","Turbo"],"picked":"Barrage","floor":12},{"not_picked":["Conserve Battery","Barrage","Turbo"],"picked":"SKIP","floor":13},{"not_picked":["Barrage","Doom and Gloom"],"picked":"hubris:PowerSurge","floor":14},{"not_picked":["Hyperbeam","Meteor Strike"],"picked":"Seek","floor":16},{"not_picked":["Stack+1","Storm+1"],"picked":"Chaos","floor":18},{"not_picked":["Sweeping Beam","Streamline+1","Hologram"],"picked":"SKIP","floor":19},{"not_picked":["Rebound+1","Streamline"],"picked":"Steam+1","floor":20},{"not_picked":["Stack","Cold Snap+1"],"picked":"Coolheaded+1","floor":21},{"not_picked":["Storm","Skim"],"picked":"Beam Cell+1","floor":23},{"not_picked":["Streamline","Beam Cell+1","Conserve Battery"],"picked":"SKIP","floor":24},{"not_picked":["Compile Driver","Sweeping Beam+1"],"picked":"hubris:PowerSurge","floor":29},{"not_picked":["Conserve Battery+1","Leap"],"picked":"Rainbow","floor":30},{"not_picked":["Blizzard","Hello World"],"picked":"Coolheaded","floor":31},{"not_picked":["Amplify","All For One"],"picked":"Electrodynamics","floor":33},{"not_picked":["Go for the Eyes","Steam+1"],"picked":"Static Discharge+1","floor":35},{"not_picked":["Hologram+1","Stack+1","Rip and Tear+1"],"picked":"SKIP","floor":36},{"not_picked":["Beam Cell","Fusion"],"picked":"Cold Snap+1","floor":37},{"not_picked":["Beam Cell+1","Reprogram","Hologram"],"picked":"SKIP","floor":38},{"not_picked":["Redo","Doom and Gloom"],"picked":"Cold Snap","floor":39},{"not_picked":["Compile Driver+1","Hello World","White Noise+1"],"picked":"SKIP","floor":44},{"not_picked":["Auto Shields","Lockon+1","Reprogram+1"],"picked":"SKIP","floor":46},{"not_picked":["Rebound+1","Skim+1"],"picked":"Gash","floor":47},{"not_picked":["Undo","Reinforced Body"],"picked":"Blizzard","floor":48}],"player_experience":549890,"relics_obtained":[{"floor":8,"key":"The Courier"},{"floor":9,"key":"Ornamental Fan"},{"floor":23,"key":"Vajra"},{"floor":26,"key":"infinitespire:WardingShard"},{"floor":31,"key":"Calipers"},{"floor":39,"key":"FossilizedHelix"}],"event_choices":[{"damage_healed":0,"gold_gain":100,"player_choice":"Pray","damage_taken":0,"max_hp_gain":0,"max_hp_loss":0,"event_name":"Golden Shrine","floor":3,"gold_loss":0},{"damage_healed":0,"gold_gain":0,"player_choice":"Shed Blood","damage_taken":19,"max_hp_gain":5,"max_hp_loss":0,"event_name":"Forgotten Altar","floor":22,"gold_loss":0},{"damage_healed":0,"gold_gain":0,"cards_transformed":["Strike_B","Strike_B"],"player_choice":"Became Test Subject","damage_taken":0,"max_hp_gain":0,"max_hp_loss":0,"event_name":"Drug Dealer","floor":25,"gold_loss":0,"cards_obtained":["Coolheaded","Lockon"]},{"damage_healed":0,"gold_gain":0,"player_choice":"Ignored","damage_taken":0,"max_hp_gain":0,"max_hp_loss":0,"event_name":"Vampires","floor":28,"gold_loss":0},{"damage_healed":0,"gold_gain":0,"player_choice":"Fight","damage_taken":0,"max_hp_gain":0,"max_hp_loss":0,"event_name":"MindBloom","floor":39,"gold_loss":0}],"is_beta":false,"boss_relics":[{"not_picked":["Velvet Choker","Runic Dome"],"picked":"hubris:VirtuousBlindfold"},{"not_picked":["Fusion Hammer","hubris:Backtick"],"picked":"Cursed Key"}],"items_purged_floors":[4],"is_endless":false,"potions_floor_spawned":[12,13,14,21,24,29,30,33,36,37,44,46,47],"ascension_level":0}