{"gold_per_floor":[115,130,61,78,28,28,57,68,68,87,138,169,169,204,204,278,278,290,94,111,121,121,121,150,150,173,173,207,219,263,275,287,377,389,418,450,9,0,0,28,28,59,59,73,102,102,28,42,42,42],"floor_reached":51,"playtime":5186,"items_purged":["Strike_R","Writhe"],"score":1418,"play_id":"42964535-10fb-4b5c-935a-dee44d51a229","local_time":"20190906084119","is_ascension_mode":true,"campfire_choices":[{"data":"Clothesline","floor":6,"key":"SMITH"},{"floor":13,"key":"REST"},{"data":"Flame Barrier","floor":15,"key":"SMITH"},{"data":"Double Tap","floor":23,"key":"SMITH"},{"data":"Seeing Red","floor":25,"key":"SMITH"},{"floor":29,"key":"REST"},{"floor":32,"key":"REST"},{"data":"Double Tap","floor":41,"key":"SMITH"},{"data":"Brutality","floor":46,"key":"SMITH"},{"data":"Disarm","floor":49,"key":"SMITH"}],"neow_cost":"NONE","seed_source_timestamp":1339596100653860,"circlet_count":0,"master_deck":["AscendersBane","Strike_R","Defend_R","Defend_R","Defend_R","Bash","Brutality+1","Clothesline+1","Dropkick","Thunderclap","Shrug It Off","Flame Barrier+1","Thunderclap","Shockwave","Headbutt","Reaper","Rupture","Double Tap+1","Iron Wave","Metallicize+1","Shrug It Off","Seeing Red+1","Pommel Strike","Reaper","Power Through+1","Double Tap+1","Hemokinesis","Evolve","Disarm+1","Twin Strike+1","Rupture","Inflame+1"],"relics":["Burning Blood","Bag of Preparation","Paper Frog","Mango","Potion Belt","Mark of Pain","Juzu Bracelet","Centennial Puzzle","Kunai","MawBank","Ginger","Empty Cage","Bottled Tornado","Red Mask","Blue Candle","Pen Nib","Bag of Marbles"],"potions_floor_usage":[12,24,28,30,30,33,44,44,44],"damage_taken":[{"damage":14,"enemies":"Small Slimes","floor":1,"turns":5},{"damage":10,"enemies":"Jaw Worm","floor":2,"turns":4},{"damage":0,"enemies":"Cultist","floor":4,"turns":4},{"damage":32,"enemies":"Gremlin Nob","floor":7,"turns":5},{"damage":3,"enemies":"Looter","floor":8,"turns":4},{"damage":10,"enemies":"Lots of Slimes","floor":10,"turns":3},{"damage":25,"enemies":"3 Sentries","floor":12,"turns":9},{"damage":31,"enemies":"Lagavulin","floor":14,"turns":8},{"damage":34,"enemies":"The Guardian","floor":16,"turns":13},{"damage":22,"enemies":"Spheric Guardian","floor":18,"turns":4},{"damage":0,"enemies":"Chosen","floor":20,"turns":4},{"damage":33,"enemies":"Snake Plant","floor":21,"turns":7},{"damage":37,"enemies":"Slavers","floor":24,"turns":6},{"damage":36,"enemies":"Gremlin Leader","floor":28,"turns":5},{"damage":47,"enemies":"Slavers","floor":30,"turns":9},{"damage":45,"enemies":"Champ","floor":33,"turns":11},{"damage":17,"enemies":"3 Shapes","floor":35,"turns":15},{"damage":27,"enemies":"Orb Walker","floor":36,"turns":7},{"damage":54,"enemies":"Giant Head","floor":40,"turns":7},{"damage":31,"enemies":"Reptomancer","floor":42,"turns":5},{"damage":23,"enemies":"Transient","floor":44,"turns":5},{"damage":11,"enemies":"Nemesis","floor":45,"turns":5},{"damage":10,"enemies":"Jaw Worm Horde","floor":48,"turns":3},{"damage":13,"enemies":"Time Eater","floor":50,"turns":11}],"seed_played":"-4755183628605270066","potions_obtained":[{"floor":7,"key":"SpeedPotion"},{"floor":8,"key":"Energy Potion"},{"floor":10,"key":"Weak Potion"},{"floor":12,"key":"Fire Potion"},{"floor":20,"key":"Strength Potion"},{"floor":24,"key":"Weak Potion"},{"floor":28,"key":"LiquidBronze"},{"floor":40,"key":"Poison Potion"},{"floor":42,"key":"EntropicBrew"},{"floor":45,"key":"BloodPotion"}],"is_trial":false,"path_per_floor":["M","M","$","M","?","R","E","M","T","M","?","E","R","E","R","B",null,"M","$","M","M","?","R","E","R","T","?","E","R","E","?","R","B",null,"M","M","$","?","$","E","R","E","T","M","E","R","$","M","R","B",null],"character_chosen":"IRONCLAD","items_purchased":["Thunderclap","Shrug It Off","Iron Wave","Metallicize","Bottled Tornado","Hemokinesis","Evolve","Rupture"],"campfire_rested":3,"item_purchase_floors":[3,3,19,19,37,37,37,47],"current_hp_per_floor":[60,56,56,62,62,62,36,39,39,35,35,30,56,36,36,27,74,58,58,71,49,49,49,32,32,32,32,24,50,33,33,59,63,83,79,79,79,79,79,89,89,89,89,89,89,89,89,89,89,82],"gold":42,"neow_bonus":"ONE_RANDOM_RARE_CARD","is_prod":false,"is_daily":false,"chose_seed":false,"campfire_upgraded":7,"win_rate":0,"timestamp":1567773679,"path_taken":["M","M","$","M","?","R","E","M","T","M","?","E","R","E","R","BOSS","M","$","M","M","?","R","E","R","T","?","E","R","E","?","R","BOSS","M","M","?","?","?","E","R","E","T","M","E","R","$","M","R","BOSS"],"build_version":"2019-07-17","purchased_purges":2,"victory":true,"max_hp_per_floor":[75,75,75,75,75,75,75,75,75,75,75,89,89,89,89,89,89,89,89,89,89,89,89,89,89,89,89,89,89,89,89,89,89,89,89,89,89,89,89,89,89,89,89,89,89,89,89,89,89,89],"card_choices":[{"not_picked":["Corruption","Feel No Pain"],"picked":"Clothesline","floor":1},{"not_picked":["Warcry","Flex"],"picked":"Dropkick","floor":2},{"not_picked":["Clash","Flex"],"picked":"Flame Barrier","floor":4},{"not_picked":["Havoc","Seeing Red"],"picked":"Thunderclap","floor":7},{"not_picked":["Entrench","True Grit"],"picked":"Shockwave","floor":8},{"not_picked":["Spot Weakness","Battle Trance"],"picked":"Headbutt","floor":10},{"not_picked":["Flex","Body Slam"],"picked":"Reaper","floor":12},{"not_picked":["Cleave","Dropkick"],"picked":"Rupture","floor":14},{"not_picked":["Barricade","Offering"],"picked":"Double Tap","floor":16},{"not_picked":["Flex","Havoc","Perfected Strike"],"picked":"SKIP","floor":18},{"not_picked":["Searing Blow","Shockwave"],"picked":"Shrug It Off","floor":20},{"not_picked":["Thunderclap","Headbutt"],"picked":"Seeing Red","floor":21},{"not_picked":["Anger","Thunderclap"],"picked":"Pommel Strike","floor":24},{"not_picked":["Uppercut","Iron Wave"],"picked":"Reaper","floor":28},{"not_picked":["Evolve","Shrug It Off"],"picked":"Power Through+1","floor":30},{"not_picked":["Fiend Fire","Barricade"],"picked":"Double Tap","floor":33},{"not_picked":["Perfected Strike","Flex","Searing Blow"],"picked":"SKIP","floor":35},{"not_picked":["Corruption","Sever Soul","Headbutt"],"picked":"SKIP","floor":36},{"not_picked":["Warcry+1","Feel No Pain","Rampage"],"picked":"SKIP","floor":40},{"not_picked":["Clothesline","Bludgeon"],"picked":"Disarm","floor":42},{"not_picked":["Reckless Charge","Carnage","Perfected Strike"],"picked":"SKIP","floor":44},{"not_picked":["Seeing Red","Iron Wave+1"],"picked":"Twin Strike+1","floor":45},{"not_picked":["Thunderclap","Carnage"],"picked":"Inflame+1","floor":48}],"player_experience":551700,"relics_obtained":[{"floor":7,"key":"Bag of Preparation"},{"floor":9,"key":"Paper Frog"},{"floor":12,"key":"Mango"},{"floor":14,"key":"Potion Belt"},{"floor":24,"key":"Juzu Bracelet"},{"floor":26,"key":"Centennial Puzzle"},{"floor":28,"key":"MawBank"},{"floor":30,"key":"Ginger"},{"floor":40,"key":"Blue Candle"},{"floor":42,"key":"Pen Nib"},{"floor":45,"key":"Bag of Marbles"}],"event_choices":[{"cards_removed":["Defend_R"],"damage_healed":0,"gold_gain":0,"player_choice":"Card Removal","damage_taken":0,"max_hp_gain":0,"max_hp_loss":0,"event_name":"The Cleric","floor":5,"gold_loss":50},{"damage_healed":0,"gold_gain":51,"player_choice":"Gained Gold","damage_taken":0,"max_hp_gain":0,"max_hp_loss":0,"event_name":"Golden Wing","floor":11,"gold_loss":0},{"cards_removed":["Strike_R"],"damage_healed":0,"gold_gain":0,"player_choice":"Offered Basic","damage_taken":0,"max_hp_gain":0,"max_hp_loss":0,"event_name":"Bonfire Elementals","floor":22,"gold_loss":0},{"damage_healed":0,"gold_gain":0,"player_choice":"Opened","damage_taken":0,"relics_obtained":["Kunai"],"max_hp_gain":0,"max_hp_loss":0,"event_name":"The Mausoleum","floor":27,"gold_loss":0,"cards_obtained":["Writhe"]},{"damage_healed":0,"gold_gain":0,"player_choice":"Upgraded","damage_taken":0,"max_hp_gain":0,"max_hp_loss":0,"event_name":"Upgrade Shrine","floor":31,"gold_loss":0,"cards_upgraded":["Metallicize"]},{"damage_healed":0,"gold_gain":0,"player_choice":"Paid","damage_taken":0,"relics_obtained":["Red Mask"],"max_hp_gain":0,"max_hp_loss":0,"event_name":"Tomb of Lord Red Mask","floor":38,"gold_loss":9}],"is_beta":false,"boss_relics":[{"not_picked":["Busted Crown","Coffee Dripper"],"picked":"Mark of Pain"},{"not_picked":["Pandora\u0027s Box","Tiny House"],"picked":"Empty Cage"}],"items_purged_floors":[19,37],"is_endless":false,"potions_floor_spawned":[7,8,10,12,20,24,28,40,42,45,48],"ascension_level":14}