{"path_per_floor":["M","?","M","$","M","R","E","M","T","?","E","$","M","M","R","B",null,"M","$","?","?","?","R","M","?","T","M"],"character_chosen":"THE_SILENT","items_purchased":["Footwork","Well Laid Plans","Footwork"],"gold_per_floor":[114,114,138,70,89,89,125,146,146,146,189,39,58,72,72,192,192,217,144,144,69,69,69,89,89,89,112,112],"floor_reached":28,"campfire_rested":0,"playtime":1073,"item_purchase_floors":[4,12,19],"current_hp_per_floor":[70,70,67,67,66,66,52,42,42,42,25,25,25,25,25,22,70,57,57,57,57,57,57,46,46,46,45,0],"items_purged":["Injury"],"gold":112,"score":228,"play_id":"26b2ff59-b94c-449b-bc66-5ebeffb11dd1","local_time":"20180526220541","is_prod":false,"is_daily":false,"chose_seed":false,"is_ascension_mode":false,"campfire_upgraded":3,"win_rate":0,"timestamp":1527386741,"campfire_choices":[{"data":"Bouncing Flask","floor":6,"key":"SMITH"},{"data":"Backstab","floor":15,"key":"SMITH"},{"data":"Night Terror","floor":23,"key":"SMITH"}],"path_taken":["M","?","M","$","M","R","E","M","T","?","E","?","M","M","R","BOSS","M","$","?","?","?","R","M","?","T","?","E"],"build_version":"2018-05-25","seed_source_timestamp":335233470725820,"purchased_purges":1,"victory":false,"master_deck":["Defend_G","Defend_G","Defend_G","Defend_G","Defend_G","Strike_G","Strike_G","Strike_G","Survivor","Neutralize","Bouncing Flask+1","Bane","Footwork+1","Footwork","Leg Sweep","Deadly Poison","Tools of the Trade","Well Laid Plans","Bane","Backstab+1","Night Terror+1","Normality","Writhe","Doubt","Catalyst","Footwork","Deadly Poison","Flying Knee"],"max_hp_per_floor":[70,70,70,70,70,70,70,70,70,70,70,70,70,70,70,70,70,70,70,70,70,70,70,70,70,70,70,70],"relics":["Black Star","Golden Idol","Torii","Du-Vu Doll","Centennial Puzzle","Tough Bandages","Pantograph","Calling Bell","Bag of Preparation","Meat on the Bone","Dead Branch","Bag of Marbles"],"card_choices":[{"not_picked":["Deflect","Deadly Poison"],"picked":"Bouncing Flask","floor":1},{"not_picked":["Underhanded Strike","Sucker Punch"],"picked":"Bane","floor":3},{"not_picked":["Doppelganger","Bane"],"picked":"Footwork","floor":5},{"not_picked":["Infinite Blades","Dagger Spray"],"picked":"Leg Sweep","floor":7},{"not_picked":["Dagger Throw","Terror"],"picked":"Deadly Poison","floor":8},{"not_picked":["Poisoned Stab","Choke"],"picked":"Tools of the Trade","floor":11},{"not_picked":["Dagger Spray","Poisoned Stab"],"picked":"Bane","floor":13},{"not_picked":["Backflip","Deadly Poison"],"picked":"Backstab","floor":14},{"not_picked":["Wraith Form v2","Adrenaline"],"picked":"Night Terror","floor":16},{"not_picked":["Poisoned Stab","Reflex"],"picked":"Catalyst","floor":18},{"not_picked":["Slice","Distraction"],"picked":"Deadly Poison","floor":24},{"not_picked":["Well Laid Plans+1","Storm of Steel"],"picked":"Flying Knee","floor":27}],"player_experience":503521,"potions_floor_usage":[16,28],"damage_taken":[{"damage":0,"enemies":"2 Louse","floor":1,"turns":4},{"damage":3,"enemies":"Jaw Worm","floor":3,"turns":4},{"damage":1,"enemies":"Cultist","floor":5,"turns":3},{"damage":14,"enemies":"Gremlin Nob","floor":7,"turns":4},{"damage":10,"enemies":"2 Fungi Beasts","floor":8,"turns":5},{"damage":17,"enemies":"3 Sentries","floor":11,"turns":10},{"damage":0,"enemies":"Exordium Wildlife","floor":13,"turns":4},{"damage":0,"enemies":"Large Slime","floor":14,"turns":7},{"damage":28,"enemies":"Slime Boss","floor":16,"turns":11},{"damage":13,"enemies":"Chosen","floor":18,"turns":5},{"damage":11,"enemies":"Shell Parasite","floor":24,"turns":4},{"damage":1,"enemies":"Centurion and Healer","floor":27,"turns":7},{"damage":50,"enemies":"Gremlin Leader","floor":28,"turns":5}],"relics_obtained":[{"floor":7,"key":"Torii"},{"floor":7,"key":"Du-Vu Doll"},{"floor":9,"key":"Centennial Puzzle"},{"floor":11,"key":"Tough Bandages"},{"floor":11,"key":"Pantograph"},{"floor":17,"key":"Bag of Preparation"},{"floor":17,"key":"Meat on the Bone"},{"floor":17,"key":"Dead Branch"},{"floor":26,"key":"Bag of Marbles"}],"event_choices":[{"event_name":"Golden Idol","player_choice":"Take Wound","floor":2,"damage_taken":0},{"event_name":"Upgrade Shrine","player_choice":"Upgraded","floor":10,"damage_taken":0},{"event_name":"Back to Basics","player_choice":"Elegance","floor":20,"damage_taken":0},{"event_name":"Beggar","player_choice":"Gave Gold","floor":21,"damage_taken":0},{"event_name":"Addict","player_choice":"Ignored","floor":22,"damage_taken":0},{"event_name":"Ghosts","player_choice":"Ignored","floor":25,"damage_taken":0}],"boss_relics":[{"not_picked":["Orrery","Lizard Tail"],"picked":"Calling Bell"}],"items_purged_floors":[12],"potions_floor_spawned":[5,7,8,13,14,27],"seed_played":"-45166682926503616","killed_by":"Gremlin Leader","ascension_level":0,"potions_obtained":[{"floor":5,"key":"Strength Potion"},{"floor":7,"key":"FearPotion"},{"floor":8,"key":"GamblersBrew"},{"floor":14,"key":"SteroidPotion"},{"floor":27,"key":"Fire Potion"}],"is_trial":false}