{"path_per_floor":["M","M","M","?","M","R","E","?","T","M","$","?","$","M","R","B",null,"M","?","?","?","M","R","E","R","T","M","M","M","M"],"character_chosen":"DEFECT","items_purchased":["Capacitor"],"gold_per_floor":[10,28,44,44,60,60,94,44,44,60,9,67,67,82,82,183,183,197,112,112,37,52,52,84,84,84,99,119,138,148,148],"floor_reached":31,"campfire_rested":0,"playtime":3089,"current_hp_per_floor":[73,72,61,61,50,50,36,36,36,48,48,45,45,45,45,39,75,54,54,38,38,38,38,45,45,45,15,27,24,35,0],"items_purged":[],"gold":148,"score":272,"play_id":"42916460-8281-4915-a16d-2702e16774d6","local_time":"20180427164413","is_prod":false,"is_daily":false,"chose_seed":false,"is_ascension_mode":true,"campfire_upgraded":4,"timestamp":1524872653,"path_taken":["M","M","M","?","M","R","E","?","T","?","?","?","?","M","R","BOSS","M","?","?","?","M","R","E","R","T","M","M","?","M","E"],"build_version":"2018-04-26v2","seed_source_timestamp":155573089755888,"purchased_purges":0,"victory":false,"master_deck":["Defend_B","Defend_B","Defend_B","Zap+1","Dualcast","Blaster","Go for the Eyes","Ball Lightning","Cold Snap","FTL","Capacitor+1","Capacitor+1","Creative AI+1","Barrage","Amplify","Ball Lightning+1","Reprogram+1","White Noise+1","Defragment","Impulse","Skim+1","Allocate+1"],"max_hp_per_floor":[75,75,75,75,75,75,75,75,75,75,75,75,75,75,75,75,75,75,75,75,75,75,75,75,75,75,75,75,75,75,75],"relics":["Cracked Core","Pen Nib","Meat on the Bone","Torii","Nuclear Battery","Shovel","Nilry\u0027s Codex","Matryoshka","Regal Pillow","Happy Flower"],"card_choices":[{"not_picked":["Storm","Ball Lightning"],"picked":"Blaster","floor":1},{"not_picked":["Axe Kick","Stack"],"picked":"Go for the Eyes","floor":2},{"not_picked":["Barrage","Force Field"],"picked":"Ball Lightning","floor":3},{"not_picked":["Go for the Eyes","Force Field"],"picked":"Cold Snap","floor":5},{"not_picked":["Tempest","Glacier"],"picked":"FTL","floor":7},{"not_picked":["Barrage","Impulse"],"picked":"Capacitor","floor":10},{"not_picked":["Coolheaded","Skim"],"picked":"Creative AI","floor":12},{"not_picked":["Coolheaded","Sweeping Beam"],"picked":"Barrage","floor":14},{"not_picked":["Biased Cognition","Fission"],"picked":"Amplify","floor":16},{"not_picked":["Reinforced Body","Chaos"],"picked":"Ball Lightning","floor":18},{"not_picked":["Cold Snap","Reinforced Body"],"picked":"Reprogram","floor":22},{"not_picked":["FTL","Impulse"],"picked":"White Noise","floor":24},{"not_picked":["Go for the Eyes","Chill"],"picked":"Defragment","floor":27},{"not_picked":["Capacitor","Sweeping Beam"],"picked":"Impulse","floor":28},{"not_picked":["White Noise","Capacitor"],"picked":"Skim","floor":29},{"not_picked":["Axe Kick","Hologram"],"picked":"Allocate","floor":30}],"player_experience":428566,"potions_floor_usage":[12,16,24,29,30,30],"damage_taken":[{"damage":2,"enemies":"2 Louse","floor":1,"turns":3},{"damage":1,"enemies":"Cultist","floor":2,"turns":3},{"damage":11,"enemies":"Jaw Worm","floor":3,"turns":2},{"damage":11,"enemies":"Exordium Wildlife","floor":5,"turns":3},{"damage":14,"enemies":"Gremlin Nob","floor":7,"turns":3},{"damage":0,"enemies":"Large Slime","floor":10,"turns":5},{"damage":3,"enemies":"3 Sentries","floor":12,"turns":4},{"damage":12,"enemies":"Exordium Thugs","floor":14,"turns":4},{"damage":6,"enemies":"Hexaghost","floor":16,"turns":7},{"damage":21,"enemies":"2 Thieves","floor":18,"turns":4},{"damage":0,"enemies":"3 Byrds","floor":22,"turns":4},{"damage":27,"enemies":"Book of Stabbing","floor":24,"turns":6},{"damage":42,"enemies":"Snake Plant","floor":27,"turns":4},{"damage":0,"enemies":"Chosen and Byrds","floor":28,"turns":4},{"damage":15,"enemies":"Snecko","floor":29,"turns":4},{"damage":1,"enemies":"Sentry and Sphere","floor":30,"turns":3},{"damage":37,"enemies":"Slavers","floor":31,"turns":3}],"event_choices":[{"event_name":"Bonfire Elementals","player_choice":"BASIC","floor":4,"damage_taken":0},{"event_name":"The Cleric","player_choice":"Card Removal","floor":8,"damage_taken":0},{"event_name":"Dead Adventurer","player_choice":"Searched \u00271\u0027 times","floor":12,"damage_taken":0},{"event_name":"Addict","player_choice":"Obtained Relic","floor":19,"damage_taken":0},{"event_name":"Cursed Tome","player_choice":"Obtained Book","floor":20,"damage_taken":0},{"event_name":"Beggar","player_choice":"Gave Gold","floor":21,"damage_taken":0}],"boss_relics":[{"not_picked":["Eternal Feather","Inserter"],"picked":"Nuclear Battery"}],"potions_floor_spawned":[1,2,12,14,22,28],"seed_played":"3650353128618324606","killed_by":"Slavers","ascension_level":1,"is_trial":false}