{"gold_per_floor":[118,135,135,135,151,151,184,68,68,68,94,108,128,128,128,228,228,247,0,0,14,33,33,61,77,77,97,97,131,74,114,126,242,254,286,308,334,46,46,77,77,87,113,125,141,141],"floor_reached":46,"playtime":3368,"items_purged":["Strike_R"],"score":653,"play_id":"4f8a147f-462d-40cc-b8a6-d04fdb08bf43","local_time":"20190221114950","is_ascension_mode":true,"campfire_choices":[{"data":"Bash","floor":6,"key":"SMITH"},{"floor":10,"key":"REST"},{"floor":15,"key":"REST"},{"data":"Armaments","floor":23,"key":"SMITH"},{"floor":28,"key":"REST"},{"floor":32,"key":"REST"},{"floor":41,"key":"REST"}],"neow_cost":"NONE","seed_source_timestamp":15641788933165,"circlet_count":0,"master_deck":["Strike_R","Strike_R","Strike_R","Strike_R","Defend_R","Defend_R+1","Defend_R","Bash+1","Armaments+1","Disarm+1","Thunderclap+1","Demon Form","Inflame","Shrug It Off","Inflame","Sword Boomerang+1","Rampage+1","Reaper+1","Uppercut+1","Dropkick+1","Finesse","Limit Break","Whirlwind+1","Iron Wave+1","True Grit+1","Armaments+1","Corruption+1","Impervious+1","Heavy Blade+1","Feel No Pain+1","Flash of Steel+1","True Grit+1","Warcry+1","Parasite"],"relics":["Burning Blood","NeowsBlessing","Molten Egg 2","Anchor","Matryoshka","Ancient Tea Set","Mark of Pain","Toxic Egg 2","Meat on the Bone","Happy Flower","War Paint","MawBank","Turnip","Lizard Tail","Self Forming Clay","Girya","Sundial"],"potions_floor_usage":[7,16,16,24,27,27,27,35,37,37,40],"damage_taken":[{"damage":0,"enemies":"Jaw Worm","floor":1,"turns":1},{"damage":0,"enemies":"Small Slimes","floor":2,"turns":1},{"damage":0,"enemies":"Cultist","floor":5,"turns":1},{"damage":62,"enemies":"Lagavulin","floor":7,"turns":7},{"damage":24,"enemies":"Gremlin Nob","floor":11,"turns":4},{"damage":5,"enemies":"3 Louse","floor":12,"turns":3},{"damage":9,"enemies":"Gremlin Gang","floor":13,"turns":4},{"damage":18,"enemies":"The Guardian","floor":16,"turns":7},{"damage":19,"enemies":"Shell Parasite","floor":18,"turns":6},{"damage":0,"enemies":"Chosen","floor":21,"turns":4},{"damage":21,"enemies":"Snake Plant","floor":22,"turns":4},{"damage":27,"enemies":"Slavers","floor":24,"turns":3},{"damage":22,"enemies":"Cultist and Chosen","floor":25,"turns":5},{"damage":18,"enemies":"Sentry and Sphere","floor":27,"turns":4},{"damage":37,"enemies":"Book of Stabbing","floor":29,"turns":4},{"damage":58,"enemies":"Gremlin Leader","floor":31,"turns":5},{"damage":19,"enemies":"Champ","floor":33,"turns":8},{"damage":9,"enemies":"Orb Walker","floor":35,"turns":3},{"damage":24,"enemies":"3 Darklings","floor":36,"turns":3},{"damage":70,"enemies":"Writhing Mass","floor":37,"turns":7},{"damage":82,"enemies":"Giant Head","floor":40,"turns":9},{"damage":23,"enemies":"Jaw Worm Horde","floor":42,"turns":4},{"damage":0,"enemies":"Maw","floor":44,"turns":7},{"damage":22,"enemies":"Writhing Mass","floor":45,"turns":7},{"damage":69,"enemies":"Reptomancer","floor":46,"turns":4}],"seed_played":"125828958297344780","potions_obtained":[{"floor":5,"key":"EssenceOfSteel"},{"floor":11,"key":"LiquidBronze"},{"floor":12,"key":"FearPotion"},{"floor":13,"key":"Energy Potion"},{"floor":18,"key":"LiquidBronze"},{"floor":22,"key":"SkillPotion"},{"floor":25,"key":"EssenceOfSteel"},{"floor":33,"key":"Strength Potion"},{"floor":35,"key":"Dexterity Potion"},{"floor":36,"key":"BloodPotion"},{"floor":42,"key":"Dexterity Potion"}],"is_trial":false,"path_per_floor":["M","M","?","?","M","R","E","$","T","R","E","M","M","?","R","B",null,"M","$","?","M","M","R","E","M","T","M","R","E","?","E","R","B",null,"M","M","M","$","?","E","R","M","T","M","M","E"],"character_chosen":"IRONCLAD","items_purchased":["Inflame","Shrug It Off","Dropkick+1","Finesse","Self Forming Clay","Block Potion"],"campfire_rested":5,"item_purchase_floors":[8,8,19,19,38,38],"current_hp_per_floor":[80,80,68,61,67,67,11,11,11,35,17,18,15,20,45,33,72,63,63,63,69,62,62,48,32,32,44,69,49,49,40,65,57,78,82,64,20,20,20,29,54,49,49,60,56,0],"gold":141,"neow_bonus":"THREE_ENEMY_KILL","is_prod":false,"is_daily":false,"chose_seed":false,"campfire_upgraded":2,"win_rate":0,"timestamp":1550746190,"path_taken":["M","M","?","?","M","R","E","$","T","R","E","M","M","?","R","BOSS","M","$","?","?","M","R","E","M","T","M","R","E","?","E","R","BOSS","M","?","M","$","?","E","R","M","T","M","M","E"],"build_version":"2019-01-23","purchased_purges":1,"victory":false,"max_hp_per_floor":[80,80,80,80,80,80,80,80,80,80,80,80,80,85,85,85,85,85,85,85,85,85,85,85,85,85,85,85,85,85,85,85,85,85,85,85,85,85,85,85,85,85,85,85,85,85],"card_choices":[{"not_picked":["Shrug It Off","Perfected Strike"],"picked":"Armaments","floor":1},{"not_picked":["Infernal Blade","Sword Boomerang"],"picked":"Disarm","floor":2},{"not_picked":["Searing Blow+1","Pummel+1"],"picked":"Thunderclap+1","floor":5},{"not_picked":["Carnage+1","Bloodletting"],"picked":"Demon Form","floor":7},{"not_picked":["Body Slam+1","Dual Wield"],"picked":"Inflame","floor":11},{"not_picked":["Infernal Blade","Twin Strike+1"],"picked":"Sword Boomerang+1","floor":12},{"not_picked":["Power Through","Searing Blow+1"],"picked":"Rampage+1","floor":13},{"not_picked":["Limit Break","Exhume"],"picked":"Reaper+1","floor":16},{"not_picked":["Second Wind+1","Sword Boomerang+1"],"picked":"Uppercut+1","floor":18},{"not_picked":["Sword Boomerang+1","Pommel Strike+1"],"picked":"Whirlwind+1","floor":21},{"not_picked":["Feel No Pain","Ghostly Armor","Anger+1"],"picked":"SKIP","floor":22},{"not_picked":["Evolve","Burning Pact"],"picked":"Iron Wave+1","floor":24},{"not_picked":["Iron Wave+1","Bloodletting+1"],"picked":"True Grit+1","floor":25},{"not_picked":["Sever Soul+1","Feel No Pain","True Grit+1"],"picked":"SKIP","floor":27},{"not_picked":["Blood for Blood+1","Demon Form"],"picked":"Armaments+1","floor":29},{"not_picked":["Havoc+1","Thunderclap+1"],"picked":"Corruption+1","floor":31},{"not_picked":["Limit Break+1","Barricade"],"picked":"Impervious+1","floor":33},{"not_picked":["True Grit+1","Whirlwind+1"],"picked":"Heavy Blade+1","floor":35},{"not_picked":["Metallicize","Iron Wave+1"],"picked":"Feel No Pain+1","floor":36},{"not_picked":["Seeing Red+1","Fire Breathing+1","Hemokinesis+1"],"picked":"SKIP","floor":37},{"not_picked":["Jack Of All Trades+1","Panacea+1"],"picked":"Flash of Steel+1","floor":39},{"not_picked":["Evolve+1","Carnage+1"],"picked":"True Grit+1","floor":40},{"not_picked":["Shrug It Off+1","Pommel Strike+1"],"picked":"Warcry+1","floor":42},{"not_picked":["True Grit+1","Whirlwind+1","Dropkick+1"],"picked":"SKIP","floor":44},{"not_picked":["Dual Wield+1","Flex+1","Spot Weakness+1"],"picked":"SKIP","floor":45}],"player_experience":242321,"relics_obtained":[{"floor":7,"key":"Anchor"},{"floor":9,"key":"Matryoshka"},{"floor":11,"key":"Ancient Tea Set"},{"floor":24,"key":"Toxic Egg 2"},{"floor":26,"key":"Meat on the Bone"},{"floor":26,"key":"Happy Flower"},{"floor":29,"key":"War Paint"},{"floor":31,"key":"Turnip"},{"floor":40,"key":"Girya"},{"floor":43,"key":"Sundial"}],"event_choices":[{"damage_healed":0,"gold_gain":0,"player_choice":"Success","damage_taken":12,"relics_obtained":["Molten Egg 2"],"max_hp_gain":0,"max_hp_loss":0,"event_name":"Scrap Ooze","floor":3,"gold_loss":0},{"cards_removed":["Defend_R"],"damage_healed":0,"gold_gain":0,"player_choice":"Card Removal","damage_taken":7,"max_hp_gain":0,"max_hp_loss":0,"event_name":"Golden Wing","floor":4,"gold_loss":0},{"damage_healed":0,"gold_gain":0,"player_choice":"Donut","damage_taken":0,"max_hp_gain":5,"max_hp_loss":0,"event_name":"Big Fish","floor":14,"gold_loss":0},{"damage_healed":0,"gold_gain":0,"player_choice":"1 cards matched","damage_taken":0,"max_hp_gain":0,"max_hp_loss":0,"event_name":"Match and Keep!","floor":20,"gold_loss":0,"cards_obtained":["Limit Break"]},{"damage_healed":0,"gold_gain":0,"player_choice":"Paid Gold","damage_taken":0,"relics_obtained":["MawBank"],"max_hp_gain":0,"max_hp_loss":0,"event_name":"WeMeetAgain","floor":30,"gold_loss":57},{"damage_healed":0,"gold_gain":0,"player_choice":"Memory 1","damage_taken":0,"max_hp_gain":0,"max_hp_loss":0,"event_name":"SensoryStone","floor":39,"gold_loss":0}],"is_beta":false,"boss_relics":[{"not_picked":["Calling Bell","Ectoplasm"],"picked":"Mark of Pain"},{"not_picked":["Coffee Dripper","Runic Cube"],"picked":"Lizard Tail"}],"items_purged_floors":[19],"is_endless":false,"potions_floor_spawned":[5,11,12,13,18,22,25,33,35,36,42],"killed_by":"Reptomancer","ascension_level":5}