{"gold_per_floor":[110,160,16,16,16,47,47,65,65,105,125,148,168,183,183,276,276,294,11,30,45,5,5,55,55,55,55],"floor_reached":27,"playtime":693,"items_purged":[],"score":484,"play_id":"d14d9f56-215d-45d5-8d7e-6c865e55b355","local_time":"20190917022445","is_ascension_mode":true,"campfire_choices":[{"data":"Neutralize","floor":7.0,"key":"SMITH"},{"floor":15.0,"key":"REST"},{"floor":23.0,"key":"REST"},{"floor":25.0,"key":"REST"}],"neow_cost":"NONE","seed_source_timestamp":218500012363500,"circlet_count":0,"master_deck":["AscendersBane","Strike_G","Strike_G+1","Strike_G+1","Strike_G","Strike_G","Defend_G","Defend_G","Defend_G","Defend_G","Defend_G","Survivor","Neutralize+1","Crippling Poison","Bouncing Flask","Bane","Terror","Dash","Riddle With Holes","Corpse Explosion","Infinite Blades","Slice","Envenom","Cloak And Dagger","Catalyst","Blade Dance","Footwork"],"special_seed":0,"relics":["Ring of the Snake","NeowsBlessing","Golden Idol","Matryoshka","Art of War","Whetstone","Ornamental Fan","Snecko Eye","Paper Crane","Regal Pillow","Bag of Marbles"],"potions_floor_usage":[],"damage_taken":[{"damage":0.0,"enemies":"Small Slimes","floor":1.0,"turns":1.0},{"damage":0.0,"enemies":"3 Sentries","floor":6.0,"turns":2.0},{"damage":0.0,"enemies":"Cultist","floor":8.0,"turns":1.0},{"damage":6.0,"enemies":"Gremlin Nob","floor":10.0,"turns":3.0},{"damage":0.0,"enemies":"2 Louse","floor":11.0,"turns":2.0},{"damage":0.0,"enemies":"2 Fungi Beasts","floor":12.0,"turns":2.0},{"damage":16.0,"enemies":"3 Louse","floor":13.0,"turns":2.0},{"damage":13.0,"enemies":"Gremlin Gang","floor":14.0,"turns":4.0},{"damage":11.0,"enemies":"Hexaghost","floor":16.0,"turns":9.0},{"damage":5.0,"enemies":"Chosen","floor":18.0,"turns":4.0},{"damage":21.0,"enemies":"2 Thieves","floor":20.0,"turns":3.0},{"damage":2.0,"enemies":"Snake Plant","floor":21.0,"turns":4.0},{"damage":67,"enemies":"Gremlin Leader","floor":27,"turns":4}],"seed_played":"1124234112815605793","potions_obtained":[{"floor":1.0,"key":"Explosive Potion"},{"floor":6.0,"key":"Weak Potion"},{"floor":13.0,"key":"Swift Potion"},{"floor":20.0,"key":"Block Potion"}],"is_trial":false,"path_per_floor":["M","?","$","?","$","E","R","M","T","E","M","M","M","M","R","B",null,"M","$","M","M","$","R","?","R","T","E"],"character_chosen":"THE_SILENT","items_purchased":["Bouncing Flask","Bane","Paper Crane","Footwork"],"campfire_rested":3,"item_purchase_floors":[3,3,19,22],"current_hp_per_floor":[59,59,59,36,36,36,36,36,36,30,30,30,14,1,20,9,52,47,47,26,24,24,43,43,62,62,0],"gold":55,"neow_bonus":"THREE_ENEMY_KILL","is_prod":false,"is_daily":false,"chose_seed":false,"campfire_upgraded":1,"win_rate":0,"timestamp":1568705085,"path_taken":["M","?","?","?","$","E","R","M","T","E","M","M","M","M","R","BOSS","M","$","M","M","$","R","?","R","T","E"],"build_version":"2019-09-16","purchased_purges":0,"victory":false,"max_hp_per_floor":[66,66,66,66,66,66,66,66,66,66,66,66,66,66,66,66,66,66,66,66,66,66,66,66,66,66,66],"card_choices":[{"not_picked":["Leg Sweep","Dodge and Roll"],"picked":"Crippling Poison","floor":1.0},{"not_picked":["Calculated Gamble","Riddle With Holes"],"picked":"Terror","floor":6.0},{"not_picked":["Expertise","Poisoned Stab"],"picked":"Dash","floor":8.0},{"not_picked":["Bane","Outmaneuver"],"picked":"Riddle With Holes","floor":10.0},{"not_picked":["Outmaneuver","Blade Dance","Prepared"],"picked":"SKIP","floor":11.0},{"not_picked":["Flying Knee","Dagger Spray"],"picked":"Corpse Explosion","floor":12.0},{"not_picked":["Outmaneuver","Poisoned Stab"],"picked":"Infinite Blades","floor":13.0},{"not_picked":["Dagger Throw","Underhanded Strike"],"picked":"Slice","floor":14.0},{"not_picked":["Tools of the Trade","Malaise"],"picked":"Envenom","floor":16.0},{"not_picked":["Terror","Reflex"],"picked":"Cloak And Dagger","floor":18.0},{"not_picked":["Sucker Punch","Expertise"],"picked":"Catalyst","floor":20.0},{"not_picked":["Poisoned Stab","Cloak And Dagger"],"picked":"Blade Dance","floor":21.0}],"player_experience":1362906,"relics_obtained":[{"floor":6.0,"key":"Matryoshka"},{"floor":9.0,"key":"Art of War"},{"floor":9.0,"key":"Whetstone"},{"floor":10.0,"key":"Ornamental Fan"},{"floor":26.0,"key":"Regal Pillow"},{"floor":26.0,"key":"Bag of Marbles"}],"event_choices":[{"damage_healed":0.0,"max_hp_gain":0.0,"max_hp_loss":0.0,"gold_gain":50.0,"event_name":"Golden Shrine","player_choice":"Pray","floor":2.0,"gold_loss":0.0,"damage_taken":0.0},{"damage_healed":0.0,"max_hp_gain":0.0,"max_hp_loss":0.0,"gold_gain":0.0,"event_name":"Golden Idol","player_choice":"Take Damage","floor":4.0,"gold_loss":0.0,"damage_taken":23.0,"relics_obtained":["Golden Idol"]},{"damage_healed":0.0,"max_hp_gain":0.0,"max_hp_loss":0.0,"gold_gain":50.0,"event_name":"Nest","player_choice":"Stole From Cult","floor":24.0,"gold_loss":0.0,"damage_taken":0.0}],"is_beta":true,"boss_relics":[{"not_picked":["Coffee Dripper","Ring of the Serpent"],"picked":"Snecko Eye"}],"items_purged_floors":[],"is_endless":false,"potions_floor_spawned":[1,6,8,13,20],"killed_by":"Gremlin Leader","ascension_level":19}