{"gold_per_floor":[110,120,120,196,196,196,214,45,96,96,115,115,150,150,150,245,245,262,262,262,262,177,209,209,238,265,265,265,13,13,45,45,148,148,164,164,57,57,57,57,88,42,69,69,0,25,42,57,57,57,57,57,57,83,83],"floor_reached":56,"playtime":5051,"items_purged":["Pain","Regret"],"score":1953,"play_id":"932cceb6-6b16-4902-8918-127736debc3d","local_time":"20190829013825","is_ascension_mode":true,"campfire_choices":[{"data":"Dash","floor":6.0,"key":"SMITH"},{"data":"Survivor","floor":10.0,"key":"SMITH"},{"data":"Predator","floor":12.0,"key":"SMITH"},{"data":"Defend_G","floor":15.0,"key":"SMITH"},{"data":"Strike_G","floor":24.0,"key":"SMITH"},{"data":"Noxious Fumes","floor":27.0,"key":"SMITH"},{"floor":30.0,"key":"RECALL"},{"data":"Strike_G","floor":32.0,"key":"SMITH"},{"data":"Well Laid Plans","floor":40.0,"key":"SMITH"},{"data":"After Image","floor":49.0,"key":"SMITH"},{"data":"Caltrops","floor":52.0,"key":"SMITH"}],"neow_cost":"NONE","seed_source_timestamp":468843993315175,"circlet_count":0,"master_deck":["AscendersBane","Strike_G","Strike_G","Strike_G+1","Strike_G+1","Defend_G","Defend_G","Defend_G","Defend_G+1","Survivor+1","Neutralize+1","Dash+1","Predator+1","Dodge and Roll+1","Purity+1","PiercingWail+1","Distraction+1","Doppelganger+1","Catalyst+1","Ghostly+1","Ghostly+1","Ghostly+1","Ghostly+1","Ghostly+1","Writhe","PiercingWail+1","Noxious Fumes+1","Burst+1","Tools of the Trade","Caltrops+1","Well Laid Plans+1","Bouncing Flask+1","Injury","Impatience+1","Expertise+1","Backflip+1","Parasite","After Image+1","Terror+1"],"special_seed":0,"relics":["Ring of the Snake","Toxic Egg 2","WarpedTongs","Snake Skull","Juzu Bracelet","Shuriken","Cursed Key","Dream Catcher","Blood Vial","Anchor","Boot","Lantern","Ancient Tea Set","Kunai","Coffee Dripper","Spirit Poop","Sundial","Paper Crane","Red Mask","The Courier","Art of War"],"potions_floor_usage":[55,55],"damage_taken":[{"damage":0.0,"enemies":"Jaw Worm","floor":1.0,"turns":4.0},{"damage":3.0,"enemies":"Small Slimes","floor":2.0,"turns":5.0},{"damage":2.0,"enemies":"Cultist","floor":7.0,"turns":3.0},{"damage":0.0,"enemies":"Looter","floor":11.0,"turns":3.0},{"damage":14.0,"enemies":"Gremlin Nob","floor":13.0,"turns":4.0},{"damage":28.0,"enemies":"Slime Boss","floor":16.0,"turns":13.0},{"damage":8.0,"enemies":"Spheric Guardian","floor":18.0,"turns":4.0},{"damage":19.0,"enemies":"Gremlin Leader","floor":23.0,"turns":19.0},{"damage":7.0,"enemies":"Book of Stabbing","floor":25.0,"turns":8.0},{"damage":0.0,"enemies":"Gremlin Leader","floor":31.0,"turns":6.0},{"damage":6.0,"enemies":"Automaton","floor":33.0,"turns":12.0},{"damage":3.0,"enemies":"3 Darklings","floor":35.0,"turns":6.0},{"damage":0.0,"enemies":"Reptomancer","floor":41.0,"turns":5.0},{"damage":0.0,"enemies":"Nemesis","floor":46.0,"turns":7.0},{"damage":0.0,"enemies":"Orb Walker","floor":47.0,"turns":6.0},{"damage":8.0,"enemies":"3 Darklings","floor":48.0,"turns":6.0},{"damage":19.0,"enemies":"Time Eater","floor":50.0,"turns":8.0},{"damage":0,"enemies":"Shield and Spear","floor":54,"turns":6},{"damage":15,"enemies":"The Heart","floor":55,"turns":6}],"seed_played":"5409380141665143628","potions_obtained":[{"floor":1.0,"key":"LiquidBronze"},{"floor":19.0,"key":"Fire Potion"},{"floor":19.0,"key":"SpeedPotion"},{"floor":23.0,"key":"Regen Potion"},{"floor":25.0,"key":"Weak Potion"},{"floor":31.0,"key":"GhostInAJar"},{"floor":33.0,"key":"Ancient Potion"},{"floor":41.0,"key":"SpeedPotion"}],"is_trial":false,"path_per_floor":["M","M","?","T","?","R","M","$","T","R","M","R","E","?","R","B",null,"M","?","?","?","?","E","R","E","T","R","?","$","R","E","R","B",null,"M","?","$","T","?","R","E","$","T","?","?","E","M","M","R","B",null,"R","$","E","B",null],"character_chosen":"THE_SILENT","items_purchased":["Purity+1","Ancient Tea Set","Well Laid Plans","Bouncing Flask+1","Backflip+1"],"campfire_rested":0,"item_purchase_floors":[8,29,37,37,42],"current_hp_per_floor":[63,60,53,53,53,53,51,51,51,51,51,51,37,37,37,9,55,47,47,35,35,35,16,16,26,26,26,35,35,35,35,35,29,34,32,32,32,32,32,32,34,34,34,34,34,35,35,27,27,10,29,29,29,31,18],"gold":83,"neow_bonus":"UPGRADE_CARD","is_prod":false,"is_daily":false,"chose_seed":false,"campfire_upgraded":10,"win_rate":0,"timestamp":1567067905,"path_taken":["M","M","?","?","?","R","?","$","T","R","M","R","E","?","R","BOSS","M","?","?","?","?","E","R","E","T","R","?","$","R","E","R","BOSS","M","?","$","?","?","R","E","$","T","?","?","E","M","M","R","BOSS","R","$","E","BOSS"],"build_version":"2019-07-17","purchased_purges":2,"victory":true,"max_hp_per_floor":[70,70,70,70,70,70,70,70,70,70,70,70,70,70,70,70,70,70,70,35,35,35,35,35,35,35,35,35,35,35,35,35,35,35,35,35,35,35,35,35,35,35,35,35,35,35,35,35,35,35,35,35,35,35,35],"card_choices":[{"not_picked":["Dodge and Roll","Infinite Blades"],"picked":"Dash","floor":1.0},{"not_picked":["Acrobatics","Underhanded Strike"],"picked":"Predator","floor":2.0},{"not_picked":["Poisoned Stab","Infinite Blades"],"picked":"Dodge and Roll+1","floor":7.0},{"not_picked":["Flying Knee","Skewer"],"picked":"PiercingWail+1","floor":11.0},{"not_picked":["Dagger Spray","Unload"],"picked":"Distraction+1","floor":13.0},{"not_picked":["A Thousand Cuts","Tools of the Trade"],"picked":"Doppelganger+1","floor":16.0},{"not_picked":["Poisoned Stab","Underhanded Strike+1"],"picked":"Catalyst+1","floor":18.0},{"not_picked":["Poisoned Stab","Deflect+1"],"picked":"PiercingWail+1","floor":23.0},{"not_picked":["Deflect+1","Sucker Punch+1"],"picked":"Noxious Fumes","floor":25.0},{"not_picked":["Flying Knee+1","Tactician+1"],"picked":"Burst+1","floor":31.0},{"not_picked":["Bullet Time+1","Grand Finale"],"picked":"Tools of the Trade","floor":33.0},{"not_picked":["Endless Agony+1","Underhanded Strike"],"picked":"Caltrops","floor":35.0},{"not_picked":["Discovery+1","Deep Breath+1"],"picked":"Impatience+1","floor":39.0},{"not_picked":["Cloak And Dagger+1","Calculated Gamble+1"],"picked":"Expertise+1","floor":41.0},{"not_picked":["Sucker Punch+1","Blade Dance+1"],"picked":"After Image","floor":46.0},{"not_picked":["Flying Knee+1","Outmaneuver+1"],"picked":"Terror+1","floor":47.0},{"not_picked":["Sucker Punch+1","Underhanded Strike+1","Flying Knee+1"],"picked":"SKIP","floor":48.0},{"not_picked":["Dagger Spray+1","Outmaneuver+1","Flying Knee+1"],"picked":"SKIP","floor":54}],"player_experience":804869,"relics_obtained":[{"floor":4.0,"key":"Toxic Egg 2"},{"floor":9.0,"key":"Snake Skull"},{"floor":13.0,"key":"Juzu Bracelet"},{"floor":23.0,"key":"Anchor"},{"floor":25.0,"key":"Boot"},{"floor":26.0,"key":"Lantern"},{"floor":31.0,"key":"Kunai"},{"floor":38.0,"key":"Sundial"},{"floor":41.0,"key":"Paper Crane"},{"floor":46.0,"key":"The Courier"},{"floor":54,"key":"Art of War"}],"event_choices":[{"cards_removed":["Strike_G"],"damage_healed":0.0,"max_hp_gain":0.0,"max_hp_loss":0.0,"gold_gain":0.0,"event_name":"Golden Wing","player_choice":"Card Removal","floor":3.0,"gold_loss":0.0,"damage_taken":7.0},{"damage_healed":0.0,"max_hp_gain":0.0,"max_hp_loss":0.0,"gold_gain":0.0,"event_name":"Accursed Blacksmith","player_choice":"Rummage","floor":5.0,"gold_loss":0.0,"damage_taken":0.0,"relics_obtained":["WarpedTongs"],"cards_obtained":["Pain"]},{"damage_healed":0.0,"max_hp_gain":0.0,"max_hp_loss":0.0,"gold_gain":0.0,"event_name":"Big Fish","player_choice":"Box","floor":14.0,"gold_loss":0.0,"damage_taken":0.0,"relics_obtained":["Shuriken"],"cards_obtained":["Regret"]},{"damage_healed":0.0,"max_hp_gain":0.0,"max_hp_loss":0.0,"gold_gain":0.0,"event_name":"Lab","player_choice":"Got Potions","floor":19.0,"gold_loss":0.0,"damage_taken":0.0},{"damage_healed":0.0,"max_hp_gain":0.0,"max_hp_loss":35.0,"gold_gain":0.0,"event_name":"Ghosts","player_choice":"Became a Ghost","floor":20.0,"gold_loss":0.0,"damage_taken":0.0,"cards_obtained":["Ghostly","Ghostly","Ghostly","Ghostly","Ghostly"]},{"damage_healed":0.0,"max_hp_gain":0.0,"max_hp_loss":0.0,"gold_gain":0.0,"event_name":"The Mausoleum","player_choice":"Opened","floor":21.0,"gold_loss":0.0,"damage_taken":0.0,"relics_obtained":["Dream Catcher"],"cards_obtained":["Writhe"]},{"damage_healed":0.0,"max_hp_gain":0.0,"max_hp_loss":0.0,"gold_gain":0.0,"event_name":"Addict","player_choice":"Obtained Relic","floor":22.0,"gold_loss":85.0,"damage_taken":0.0,"relics_obtained":["Blood Vial"]},{"damage_healed":12.0,"max_hp_gain":0.0,"max_hp_loss":0.0,"gold_gain":0.0,"event_name":"The Library","player_choice":"Heal","floor":28.0,"gold_loss":0.0,"damage_taken":0.0},{"cards_removed":["Doubt"],"damage_healed":0.0,"max_hp_gain":0.0,"max_hp_loss":0.0,"gold_gain":0.0,"event_name":"Bonfire Elementals","player_choice":"Offered Curse","floor":36.0,"gold_loss":0.0,"damage_taken":0.0,"relics_obtained":["Spirit Poop"]},{"damage_healed":0.0,"max_hp_gain":0.0,"max_hp_loss":0.0,"gold_gain":0.0,"event_name":"SensoryStone","player_choice":"Memory 1","floor":39.0,"gold_loss":0.0,"damage_taken":0.0},{"cards_removed":["Defend_G"],"damage_healed":0.0,"max_hp_gain":0.0,"max_hp_loss":0.0,"gold_gain":0.0,"event_name":"Falling","player_choice":"Removed Skill","floor":44.0,"gold_loss":0.0,"damage_taken":0.0},{"damage_healed":0.0,"max_hp_gain":0.0,"max_hp_loss":0.0,"gold_gain":0.0,"event_name":"Tomb of Lord Red Mask","player_choice":"Paid","floor":45.0,"gold_loss":69.0,"damage_taken":0.0,"relics_obtained":["Red Mask"]}],"is_beta":false,"boss_relics":[{"not_picked":["Empty Cage","Pandora\u0027s Box"],"picked":"Cursed Key"},{"not_picked":["Busted Crown","Calling Bell"],"picked":"Coffee Dripper"}],"items_purged_floors":[8,29],"is_endless":false,"potions_floor_spawned":[1,23,25,31,33,41,46,47],"ascension_level":11}