{"gold_per_floor":[119,129,141,141,161,182,221,241,241,206,133,148,148,171,171,302,302,325,325,335,353,114,114,149,149,149,160,173,190,208,223,223,326,326,337,337,337,337,352,372,382,382,382,410,410,136,146,162,162,162],"floor_reached":51,"playtime":1870,"items_purged":[],"score":784,"play_id":"226655fc-3e8b-40e8-ba73-908bd49e640f","local_time":"20180628210025","daily_mods":["Diverse","Heirloom","Insanity","Uncertain Future"],"is_ascension_mode":false,"campfire_choices":[{"data":"Beam Cell","floor":13,"key":"SMITH"},{"data":"Fusion","floor":15,"key":"SMITH"},{"data":"Inflame","floor":23,"key":"SMITH"},{"data":"Limit Break","floor":25,"key":"SMITH"},{"data":"Inflame","floor":32,"key":"SMITH"},{"data":"Armaments","floor":42,"key":"SMITH"},{"data":"Double Tap","floor":45,"key":"SMITH"},{"floor":49,"key":"REST"}],"neow_cost":"","seed_source_timestamp":0,"circlet_count":0,"master_deck":["Rage","Anger","Shrug It Off","Feel No Pain","Brutality","Shockwave","Reaper","Iron Wave","Uppercut","Inflame+1","Whirlwind","Rupture","Spot Weakness","Ghostly Armor","Sword Boomerang","Pummel","Rampage","Sentinel","Metallicize","Shrug It Off","Dropkick","Exhume","Juggernaut","Whirlwind","Clothesline","Combust","Offering","Inflame+1","Double Tap","Carnage","Clash","Strike_R","Inflame","Thunderclap","Clothesline","Flame Barrier","Twin Strike","Perfected Strike","Sever Soul","Thunderclap","Dropkick","Double Tap+1","Burning Pact","Uppercut","Perfected Strike","Combust","Evolve","Armaments+1","Seeing Red","Evolve","Beam Cell","Shockwave","Metallicize","Sweeping Beam","Sword Boomerang","Footwork","Shrug It Off","Thunderclap","Twin Strike","Pommel Strike","Beam Cell+1","Well Laid Plans","Rip and Tear","Fusion+1","All Out Attack","Sucker Punch","Meteor Strike","Pummel+1","Beam Cell","Thunderclap+1","Escape Plan","Dash+1","Cloak And Dagger","Limit Break+1","Riddle With Holes+1","Slice+1","Escape Plan+1","Feed+1","Sweeping Beam+1","Stack+1","Leap+1","Bullet Time+1","Thunderclap+1","Self Repair+1","Creative AI","Dropkick+1","Iron Wave+1","Secret Technique+1","Armaments+1","Skewer+1","Melter+1","Hemokinesis+1","White Noise+1","Turbo+1","Coolheaded+1","Cleave+1","Blade Dance+1"],"relics":["Burning Blood","Prayer Wheel","Bloody Idol","Self Forming Clay","Lantern","Velvet Choker","Molten Egg 2","Bag of Preparation","Toxic Egg 2","Sozu","Bronze Scales","Vajra","Bottled Tornado"],"potions_floor_usage":[5,7,24,33,33,50],"damage_taken":[{"damage":0,"enemies":"Small Slimes","floor":1,"turns":3},{"damage":5,"enemies":"Jaw Worm","floor":2,"turns":3},{"damage":4,"enemies":"Cultist","floor":3,"turns":3},{"damage":5,"enemies":"Large Slime","floor":5,"turns":4},{"damage":18,"enemies":"Exordium Thugs","floor":6,"turns":4},{"damage":20,"enemies":"3 Sentries","floor":7,"turns":3},{"damage":0,"enemies":"Looter","floor":8,"turns":2},{"damage":7,"enemies":"Large Slime","floor":12,"turns":4},{"damage":1,"enemies":"3 Louse","floor":14,"turns":2},{"damage":26,"enemies":"The Guardian","floor":16,"turns":7},{"damage":12,"enemies":"Shell Parasite","floor":18,"turns":3},{"damage":10,"enemies":"Chosen","floor":20,"turns":4},{"damage":20,"enemies":"Sentry and Sphere","floor":21,"turns":5},{"damage":48,"enemies":"Slavers","floor":24,"turns":4},{"damage":2,"enemies":"3 Cultists","floor":27,"turns":3},{"damage":9,"enemies":"Centurion and Healer","floor":28,"turns":2},{"damage":19,"enemies":"Chosen and Byrds","floor":29,"turns":4},{"damage":11,"enemies":"Cultist and Chosen","floor":30,"turns":4},{"damage":17,"enemies":"Snake Plant","floor":31,"turns":4},{"damage":54,"enemies":"Collector","floor":33,"turns":9},{"damage":8,"enemies":"3 Darklings","floor":35,"turns":2},{"damage":20,"enemies":"Flame Bruiser 1 Orb","floor":39,"turns":4},{"damage":15,"enemies":"Sphere and 2 Shapes","floor":40,"turns":3},{"damage":24,"enemies":"Transient","floor":41,"turns":5},{"damage":3,"enemies":"2 Orb Walkers","floor":44,"turns":3},{"damage":10,"enemies":"3 Darklings","floor":47,"turns":2},{"damage":20,"enemies":"Sphere and 2 Shapes","floor":48,"turns":3},{"damage":76,"enemies":"Donu and Deca","floor":50,"turns":8}],"seed_played":"-5581262856746233111","potions_obtained":[{"floor":3,"key":"EntropicBrew"},{"floor":6,"key":"PowerPotion"},{"floor":8,"key":"Regen Potion"},{"floor":24,"key":"SpeedPotion"}],"is_trial":true,"path_per_floor":["M","M","M","?","M","M","E","M","T","?","$","M","R","M","R","B",null,"M","?","M","M","$","R","E","R","T","M","M","M","M","M","R","B",null,"M","?","?","?","M","M","M","R","T","E","R","$","M","M","R","B"],"character_chosen":"IRONCLAD","items_purchased":["Rip and Tear","Molten Egg 2","Bottled Tornado","Turbo+1"],"campfire_rested":1,"item_purchase_floors":[11,22,46,46],"current_hp_per_floor":[80,80,80,60,61,49,49,55,55,75,75,78,78,80,80,60,80,74,74,80,71,71,71,52,52,52,61,63,55,55,49,49,44,80,80,72,72,72,63,59,46,46,46,54,54,54,55,56,80,20],"gold":162,"neow_bonus":"","is_prod":false,"is_daily":false,"chose_seed":false,"campfire_upgraded":7,"win_rate":0,"timestamp":1530234025,"path_taken":["M","M","M","?","?","M","E","M","T","?","$","M","R","M","R","BOSS","M","?","?","M","$","R","E","R","T","M","?","M","M","M","R","BOSS","M","?","?","?","M","M","M","R","T","E","R","$","M","M","R","BOSS"],"build_version":"2018-06-28","purchased_purges":0,"victory":true,"max_hp_per_floor":[80,80,80,80,80,80,80,80,80,80,80,80,80,80,80,80,80,80,80,80,80,80,80,80,80,80,80,80,80,80,80,80,80,80,80,80,80,80,80,80,80,80,80,80,80,80,80,80,80,80],"card_choices":[{"not_picked":["Leap","Underhanded Strike"],"picked":"Beam Cell","floor":1},{"not_picked":["Shockwave","Darkness","Armaments"],"picked":"SKIP","floor":1},{"not_picked":["Darkness","Armaments"],"picked":"Shockwave","floor":1},{"not_picked":["Searing Blow","Dagger Throw"],"picked":"Metallicize","floor":2},{"not_picked":["Streamline","Acrobatics"],"picked":"Sweeping Beam","floor":2},{"not_picked":["Slice","Metallicize"],"picked":"Sword Boomerang","floor":3},{"not_picked":["Slice","Outmaneuver"],"picked":"Footwork","floor":3},{"not_picked":["Poisoned Stab","Iron Wave"],"picked":"Shrug It Off","floor":5},{"not_picked":["Seeing Red","Grand Finale"],"picked":"Thunderclap","floor":5},{"not_picked":["Anger","Skim"],"picked":"Twin Strike","floor":6},{"not_picked":["PiercingWail","Hello World","Flying Knee"],"picked":"SKIP","floor":6},{"not_picked":["PiercingWail","Leap"],"picked":"Pommel Strike","floor":7},{"not_picked":["Undo","Reinforced Body"],"picked":"Beam Cell","floor":8},{"not_picked":["Setup","Cloak And Dagger"],"picked":"Well Laid Plans","floor":8},{"not_picked":["Clash","Dagger Throw"],"picked":"Fusion","floor":12},{"not_picked":["Conserve Battery","Wild Strike"],"picked":"All Out Attack","floor":12},{"not_picked":["Sever Soul","Rampage"],"picked":"Sucker Punch","floor":14},{"not_picked":["Intimidate","Poisoned Stab","Compile Driver"],"picked":"SKIP","floor":14},{"not_picked":["Exhume","Barricade"],"picked":"Meteor Strike","floor":16},{"not_picked":["Reckless Charge","Hello World"],"picked":"Pummel+1","floor":18},{"not_picked":["Shockwave","Deflect"],"picked":"Beam Cell","floor":18},{"not_picked":["Dodge and Roll","Crippling Poison+1"],"picked":"Thunderclap+1","floor":20},{"not_picked":["True Grit","Backflip"],"picked":"Escape Plan","floor":20},{"not_picked":["Cold Snap","Iron Wave"],"picked":"Dash+1","floor":21},{"not_picked":["Outmaneuver+1","Twin Strike"],"picked":"Cloak And Dagger","floor":21},{"not_picked":["Capacitor+1","Twin Strike+1"],"picked":"Limit Break","floor":24},{"not_picked":["BootSequence+1","Clothesline+1"],"picked":"Riddle With Holes+1","floor":27},{"not_picked":["Dodge and Roll+1","Redo+1"],"picked":"Slice+1","floor":27},{"not_picked":["Prepared+1","Heavy Blade+1"],"picked":"Escape Plan+1","floor":28},{"not_picked":["Flex+1","Steam+1"],"picked":"Feed+1","floor":28},{"not_picked":["Perfected Strike+1","Deflect+1"],"picked":"Sweeping Beam+1","floor":29},{"not_picked":["Quick Slash+1","Havoc+1"],"picked":"Stack+1","floor":29},{"not_picked":["Compile Driver+1","Beam Cell+1"],"picked":"Leap+1","floor":30},{"not_picked":["Slice+1","Sucker Punch+1"],"picked":"Bullet Time+1","floor":30},{"not_picked":["Outmaneuver+1","Leg Sweep+1"],"picked":"Thunderclap+1","floor":31},{"not_picked":["Prepared+1","Underhanded Strike+1"],"picked":"Self Repair+1","floor":31},{"not_picked":["Tools of the Trade","Dark Embrace"],"picked":"Creative AI","floor":33},{"not_picked":["Steam+1","Stack+1"],"picked":"Dropkick+1","floor":35},{"not_picked":["Barrage+1","Clash+1"],"picked":"Iron Wave+1","floor":35},{"not_picked":["Trip+1","Magnetism"],"picked":"Secret Technique+1","floor":37},{"not_picked":["Lockon+1","Outmaneuver+1"],"picked":"Armaments+1","floor":39},{"not_picked":["Steam+1","Seeing Red+1","Bane+1"],"picked":"SKIP","floor":39},{"not_picked":["Hello World","Redo+1"],"picked":"Skewer+1","floor":40},{"not_picked":["Chill+1","Choke+1","Tempest+1"],"picked":"SKIP","floor":40},{"not_picked":["Sweeping Beam+1","Reflex+1"],"picked":"Melter+1","floor":41},{"not_picked":["PiercingWail+1","Conserve Battery+1"],"picked":"Hemokinesis+1","floor":41},{"not_picked":["Rebound+1","Chill+1"],"picked":"White Noise+1","floor":44},{"not_picked":["Headbutt+1","Rage+1"],"picked":"Coolheaded+1","floor":47},{"not_picked":["Capacitor","Streamline+1","Loop"],"picked":"SKIP","floor":47},{"not_picked":["Wild Strike+1","Leap+1"],"picked":"Cleave+1","floor":48},{"not_picked":["Predator+1","Rainbow+1"],"picked":"Blade Dance+1","floor":48}],"player_experience":578922,"relics_obtained":[{"floor":7,"key":"Self Forming Clay"},{"floor":9,"key":"Lantern"},{"floor":24,"key":"Bag of Preparation"},{"floor":26,"key":"Toxic Egg 2"},{"floor":43,"key":"Bronze Scales"},{"floor":44,"key":"Vajra"}],"event_choices":[{"event_name":"Golden Idol","player_choice":"Take Damage","floor":4,"damage_taken":0},{"event_name":"The Cleric","player_choice":"Healed","floor":10,"damage_taken":0},{"event_name":"Forgotten Altar","player_choice":"Gave Idol","floor":19,"damage_taken":0},{"event_name":"Wheel of Change","player_choice":"Damage","floor":36,"damage_taken":0},{"event_name":"SensoryStone","player_choice":"Memory 1","floor":37,"damage_taken":0},{"event_name":"The Woman in Blue","player_choice":"Bought 0 Potions","floor":38,"damage_taken":0}],"boss_relics":[{"not_picked":["Eternal Feather","Black Blood"],"picked":"Velvet Choker"},{"not_picked":["Lizard Tail","Runic Pyramid"],"picked":"Sozu"}],"items_purged_floors":[],"is_endless":false,"potions_floor_spawned":[3,6,8,14,24,27,28,29,31,40,44],"ascension_level":0}