{"gold_per_floor":[114,189,189,204,204,204,542,561,588,588,603,603,603,478,478,574,574,590,600,500,599,514,514,234,252,277,303,319,336,23,36,36,140,140,155,166,166,166,177,177,177],"floor_reached":41,"playtime":1163,"items_purged":["Strike_B","Strike_B","Strike_B"],"score":436,"play_id":"91e3a2a7-1204-46a9-9e08-659c253253b3","local_time":"20190224215515","is_ascension_mode":false,"campfire_choices":[{"data":"Zap","floor":6,"key":"SMITH"},{"data":"Barrage","floor":10,"key":"SMITH"},{"data":"Dualcast","floor":12,"key":"SMITH"},{"data":"Cold Snap","floor":15,"key":"SMITH"},{"data":"Defend_B","floor":23,"key":"SMITH"},{"floor":32,"key":"REST"},{"data":"strawberrySpire:Flashback","floor":40,"key":"SMITH"}],"neow_cost":"NONE","seed_source_timestamp":457876053673882,"circlet_count":0,"master_deck":["Strike_B","Defend_B","Defend_B","Defend_B+1","Zap+1","Dualcast+1","Barrage+1","Injury","Cold Snap+1","Storm+1","Cold Snap+1","Echo Form+1","Creative AI+1","Self Repair+1","hubris:SpecializedCircuitry+1","strawberrySpire:Flashback"],"relics":["FrozenCore","NeowsBlessing","Frozen Egg 2","Singing Bowl","Pet Ghost","strawberrySpire:RottenAvocado","Regal Pillow","aspiration:SupercapacitiveCoin","Centennial Puzzle","StoneCalendar"],"potions_floor_usage":[29,33],"damage_taken":[{"damage":0,"enemies":"Jaw Worm","floor":1,"turns":1},{"damage":0,"enemies":"2 Louse","floor":4,"turns":1},{"damage":0,"enemies":"Gremlin Nob","floor":7,"turns":1},{"damage":0,"enemies":"Cultist","floor":8,"turns":2},{"damage":0,"enemies":"2 Fungi Beasts","floor":11,"turns":2},{"damage":39,"enemies":"The Guardian","floor":16,"turns":12},{"damage":5,"enemies":"Chosen","floor":18,"turns":4},{"damage":8,"enemies":"Shell Parasite","floor":19,"turns":4},{"damage":6,"enemies":"Sentry and Sphere","floor":25,"turns":4},{"damage":33,"enemies":"Gremlin Leader","floor":27,"turns":5},{"damage":10,"enemies":"Chosen and Byrds","floor":28,"turns":6},{"damage":20,"enemies":"Centurion and Healer","floor":29,"turns":4},{"damage":9,"enemies":"Snake Plant","floor":31,"turns":4},{"damage":45,"enemies":"Automaton","floor":33,"turns":9},{"damage":25,"enemies":"3 Darklings","floor":35,"turns":3},{"damage":18,"enemies":"Orb Walker","floor":36,"turns":7},{"damage":36,"enemies":"Sphere and 2 Shapes","floor":39,"turns":6},{"damage":21,"enemies":"3 Darklings","floor":41,"turns":5}],"seed_played":"7334664036492948277","potions_obtained":[{"floor":11,"key":"Elixir"},{"floor":16,"key":"Ancient Potion"},{"floor":25,"key":"FearPotion"},{"floor":28,"key":"Regen Potion"},{"floor":31,"key":"AttackPotion"},{"floor":33,"key":"Swift Potion"}],"is_trial":false,"path_per_floor":["M","?","?","M","?","R","E","M","T","R","M","R","?","$","R","B",null,"M","M","$","?","?","R","$","M","T","E","M","M","$","M","R","B",null,"M","M","$","?","M","R","M"],"character_chosen":"DEFECT","items_purchased":["Cold Snap","Creative AI+1","StoneCalendar"],"campfire_rested":1,"item_purchase_floors":[14,24,30],"current_hp_per_floor":[75,64,64,64,64,64,66,66,66,66,68,68,68,68,68,29,79,75,69,69,69,69,69,69,65,65,34,26,20,20,11,48,13,74,50,44,44,44,20,20,0],"gold":177,"neow_bonus":"THREE_ENEMY_KILL","is_prod":false,"is_daily":false,"chose_seed":false,"campfire_upgraded":6,"win_rate":0,"timestamp":1551063315,"path_taken":["M","?","?","M","?","R","E","M","T","R","M","R","?","$","R","BOSS","M","M","$","?","?","R","$","M","T","E","M","M","$","M","R","BOSS","M","M","$","?","M","R","M"],"build_version":"2019-01-23","purchased_purges":3,"victory":false,"max_hp_per_floor":[75,75,75,75,75,75,77,77,77,77,79,79,79,79,79,79,79,80,81,80,79,78,77,76,77,76,77,78,79,78,77,76,75,74,75,76,75,74,75,74,73],"card_choices":[{"not_picked":["Hello World","Compile Driver"],"picked":"Barrage","floor":1},{"not_picked":["hubris:Ukulele","Conserve Battery"],"picked":"Cold Snap","floor":4},{"not_picked":["Coolheaded","Redo","Compile Driver"],"picked":"Singing Bowl","floor":7},{"not_picked":["Lockon","strawberrySpire:NeonFlight"],"picked":"Storm+1","floor":8},{"not_picked":["Redo","Beam Cell","Streamline"],"picked":"Singing Bowl","floor":11},{"not_picked":["Core Surge","ReplayRNGCard"],"picked":"Echo Form+1","floor":16},{"not_picked":["strawberrySpire:Compressor","ReplayTheSpireMod:Calculation Training+1","Leap"],"picked":"Singing Bowl","floor":18},{"not_picked":["strawberrySpire:Adapter","Sweeping Beam","strawberrySpire:NeonFlight"],"picked":"Singing Bowl","floor":19},{"not_picked":["BasicCrystalCard","Barrage","ReplayTheSpireMod:Repulse+1"],"picked":"Singing Bowl","floor":25},{"not_picked":["Leap+1","Compile Driver","Doom and Gloom+1"],"picked":"Singing Bowl","floor":27},{"not_picked":["Rip and Tear+1","Steam+1","ReplayGash"],"picked":"Singing Bowl","floor":28},{"not_picked":["Hologram","Hello World+1","ReplayTheSpireMod:Fabricate Wheel"],"picked":"Singing Bowl","floor":29},{"not_picked":["hubris:Ukulele","Redo+1"],"picked":"Self Repair+1","floor":31},{"not_picked":["Core Surge","Biased Cognition+1"],"picked":"hubris:SpecializedCircuitry+1","floor":33},{"not_picked":["Redo+1","Go for the Eyes","Sweeping Beam+1"],"picked":"Singing Bowl","floor":35},{"not_picked":["Gash+1","Go for the Eyes+1","Sweeping Beam+1"],"picked":"Singing Bowl","floor":36},{"not_picked":["Mind Blast","The Bomb"],"picked":"strawberrySpire:Flashback","floor":38},{"not_picked":["Coolheaded","Beam Cell","Gash+1"],"picked":"Singing Bowl","floor":39}],"player_experience":723383,"relics_obtained":[{"floor":7,"key":"Singing Bowl"},{"floor":9,"key":"Pet Ghost"},{"floor":26,"key":"aspiration:SupercapacitiveCoin"},{"floor":27,"key":"Centennial Puzzle"}],"event_choices":[{"damage_healed":0,"gold_gain":75,"player_choice":"Gather Gold","damage_taken":11,"max_hp_gain":0,"max_hp_loss":0,"event_name":"World of Goop","floor":2,"gold_loss":0},{"damage_healed":0,"gold_gain":0,"player_choice":"Upgraded","damage_taken":0,"max_hp_gain":0,"max_hp_loss":0,"event_name":"Upgrade Shrine","floor":13,"gold_loss":0,"cards_upgraded":["Cold Snap"]},{"damage_healed":0,"gold_gain":99,"player_choice":"Stole From Cult","damage_taken":0,"max_hp_gain":0,"max_hp_loss":0,"event_name":"Nest","floor":21,"gold_loss":0},{"damage_healed":0,"gold_gain":0,"player_choice":"Obtained Relic","damage_taken":0,"relics_obtained":["Regal Pillow"],"max_hp_gain":0,"max_hp_loss":0,"event_name":"Addict","floor":22,"gold_loss":85},{"damage_healed":0,"gold_gain":0,"player_choice":"Memory 1","damage_taken":0,"max_hp_gain":0,"max_hp_loss":0,"event_name":"SensoryStone","floor":38,"gold_loss":0}],"is_beta":false,"boss_relics":[{"not_picked":["Fusion Hammer","Cursed Key"],"picked":"strawberrySpire:RottenAvocado"},{"not_picked":["aspiration:SilentSkillbook","Kintsugi"],"picked":"FrozenCore"}],"items_purged_floors":[14,20,24],"is_endless":false,"potions_floor_spawned":[11,16,25,27,28,31,33],"killed_by":"3 Darklings","ascension_level":0}