{"gold_per_floor":[12,12,12,12,25,25,51,70,95,107,134,134,144,57,57,158,158,174,174,174,174],"floor_reached":21,"playtime":522,"items_purged":["Strike_R"],"score":271,"play_id":"8f87fc89-621a-4429-9608-63087a571a3c","local_time":"20181010201112","is_ascension_mode":true,"campfire_choices":[{"data":"Bash","floor":6,"key":"SMITH"},{"floor":15,"key":"REST"}],"neow_cost":"NO_GOLD","seed_source_timestamp":276739233744628,"circlet_count":0,"master_deck":["Defend_R","Defend_R","Defend_R","Bash+1","Warcry+1","Cleave","Thunderclap","Uppercut","Immolate","Ghostly Armor","Twin Strike","Rampage","Berserk"],"relics":["Burning Blood","Ancient Tea Set","Smiling Mask","Bag of Preparation","Sundial","Empty Cage","Nilry\u0027s Codex"],"potions_floor_usage":[7,11,16],"damage_taken":[{"damage":11,"enemies":"2 Louse","floor":1,"turns":3},{"damage":1,"enemies":"Cultist","floor":5,"turns":4},{"damage":41,"enemies":"Lagavulin","floor":7,"turns":6},{"damage":4,"enemies":"Jaw Worm","floor":8,"turns":4},{"damage":21,"enemies":"Blue Slaver","floor":10,"turns":3},{"damage":18,"enemies":"Gremlin Nob","floor":11,"turns":3},{"damage":0,"enemies":"3 Louse","floor":13,"turns":1},{"damage":36,"enemies":"Hexaghost","floor":16,"turns":11},{"damage":33,"enemies":"Spheric Guardian","floor":18,"turns":4},{"damage":20,"enemies":"Chosen","floor":21,"turns":4}],"seed_played":"-3157915408772799756","potions_obtained":[{"floor":5,"key":"Weak Potion"},{"floor":8,"key":"Energy Potion"},{"floor":13,"key":"SkillPotion"}],"is_trial":false,"path_per_floor":["M","?","$","?","M","R","E","M","T","M","E","T","M","$","R","B",null,"M","?","?"],"character_chosen":"IRONCLAD","items_purchased":["Rampage"],"campfire_rested":1,"item_purchase_floors":[14],"current_hp_per_floor":[67,67,67,67,72,72,37,39,39,24,12,12,18,18,42,12,63,36,36,20,0],"gold":174,"neow_bonus":"REMOVE_TWO","is_prod":false,"is_daily":false,"chose_seed":false,"campfire_upgraded":1,"win_rate":0,"timestamp":1539216672,"path_taken":["M","?","$","?","M","R","E","M","T","M","E","?","M","?","R","BOSS","M","?","?","M"],"build_version":"2018-10-09","purchased_purges":1,"victory":false,"max_hp_per_floor":[80,80,80,80,80,80,80,80,80,80,80,80,80,80,80,80,80,80,80,80,80],"card_choices":[{"not_picked":["Burning Pact","Heavy Blade"],"picked":"Warcry","floor":1},{"not_picked":["Shrug It Off","Anger"],"picked":"Cleave","floor":5},{"not_picked":["Havoc","Wild Strike"],"picked":"Thunderclap","floor":7},{"not_picked":["Pommel Strike","Fire Breathing"],"picked":"Uppercut","floor":8},{"not_picked":["Clothesline","Hemokinesis"],"picked":"Immolate","floor":10},{"not_picked":["Clash","Wild Strike"],"picked":"Ghostly Armor","floor":11},{"not_picked":["Power Through","Iron Wave"],"picked":"Twin Strike","floor":13},{"not_picked":["Immolate","Offering"],"picked":"Berserk","floor":16},{"not_picked":["Thunderclap","Flex","Power Through+1"],"picked":"SKIP","floor":18}],"player_experience":921844,"relics_obtained":[{"floor":7,"key":"Ancient Tea Set"},{"floor":9,"key":"Smiling Mask"},{"floor":11,"key":"Bag of Preparation"},{"floor":12,"key":"Sundial"},{"floor":20,"key":"Nilry\u0027s Codex"}],"event_choices":[{"event_name":"Living Wall","player_choice":"Grow","floor":2,"damage_taken":0},{"event_name":"Liars Game","player_choice":"disagreed","floor":4,"damage_taken":0},{"event_name":"Back to Basics","player_choice":"Elegance","floor":19,"damage_taken":0},{"event_name":"Cursed Tome","player_choice":"Obtained Book","floor":20,"damage_taken":0}],"is_beta":true,"boss_relics":[{"not_picked":["Black Blood","Runic Cube"],"picked":"Empty Cage"}],"items_purged_floors":[14],"is_endless":false,"potions_floor_spawned":[5,8,13],"killed_by":"Chosen","ascension_level":9}