{"gold_per_floor":[128,215,240,252,282,294,324,336,348,370,382,394,416,460,472,484],"floor_reached":16,"playtime":397,"items_purged":[],"score":148,"play_id":"cbb78118-e42e-4b0f-aa84-242d6c892500","local_time":"20181010200145","is_ascension_mode":true,"campfire_choices":[{"data":"Whirlwind","floor":6,"key":"SMITH"},{"data":"Armaments","floor":12,"key":"SMITH"},{"data":"Iron Wave","floor":15,"key":"SMITH"}],"neow_cost":"NONE","seed_source_timestamp":276296649830690,"circlet_count":0,"master_deck":["Strike_R","Strike_R","Strike_R","Strike_R","Strike_R","Defend_R","Defend_R","Defend_R","Defend_R","Bash","Iron Wave+1","Feel No Pain","Whirlwind+1","Armaments+1","Sword Boomerang"],"relics":["Burning Blood","MawBank","Meat on the Bone","Kunai"],"potions_floor_usage":[16,16],"damage_taken":[{"damage":6,"enemies":"Cultist","floor":1,"turns":4},{"damage":8,"enemies":"Jaw Worm","floor":3,"turns":5},{"damage":12,"enemies":"Small Slimes","floor":5,"turns":5},{"damage":27,"enemies":"Exordium Thugs","floor":7,"turns":5},{"damage":3,"enemies":"3 Louse","floor":10,"turns":2},{"damage":10,"enemies":"Large Slime","floor":13,"turns":5},{"damage":20,"enemies":"3 Sentries","floor":14,"turns":6},{"damage":79,"enemies":"Hexaghost","floor":16,"turns":9}],"seed_played":"8599131861529068820","potions_obtained":[{"floor":3,"key":"Regen Potion"},{"floor":7,"key":"BloodPotion"},{"floor":14,"key":"Ancient Potion"}],"is_trial":false,"path_per_floor":["M","?","M","$","M","R","M","?","T","M","?","R","M","E","R"],"character_chosen":"IRONCLAD","items_purchased":[],"campfire_rested":0,"item_purchase_floors":[],"current_hp_per_floor":[72,61,59,59,53,53,32,32,32,47,47,47,55,53,53,0],"gold":484,"neow_bonus":"RANDOM_COMMON_RELIC","is_prod":false,"is_daily":false,"chose_seed":false,"campfire_upgraded":3,"win_rate":0,"timestamp":1539216105,"path_taken":["M","?","M","?","M","R","M","?","T","?","?","R","M","E","R","BOSS"],"build_version":"2018-10-09","purchased_purges":0,"victory":false,"max_hp_per_floor":[80,80,80,80,80,80,80,80,80,80,80,80,80,80,80,80],"card_choices":[{"not_picked":["True Grit","Clothesline"],"picked":"Iron Wave","floor":1},{"not_picked":["Carnage","Cleave"],"picked":"Feel No Pain","floor":3},{"not_picked":["Sword Boomerang","True Grit"],"picked":"Whirlwind","floor":5},{"not_picked":["Heavy Blade","Juggernaut","Armaments"],"picked":"SKIP","floor":7},{"not_picked":["Body Slam","Clothesline"],"picked":"Armaments","floor":10},{"not_picked":["Perfected Strike","Bloodletting"],"picked":"Sword Boomerang","floor":13},{"not_picked":["Rupture","Flex","Intimidate"],"picked":"SKIP","floor":14}],"player_experience":921447,"relics_obtained":[{"floor":9,"key":"Meat on the Bone"},{"floor":14,"key":"Kunai"}],"event_choices":[{"event_name":"World of Goop","player_choice":"Gather Gold","floor":2,"damage_taken":0},{"event_name":"Golden Idol","player_choice":"Ignored","floor":8,"damage_taken":0},{"event_name":"Dead Adventurer","player_choice":"Searched \u00271\u0027 times","floor":11,"damage_taken":0}],"is_beta":true,"boss_relics":[],"items_purged_floors":[],"is_endless":false,"potions_floor_spawned":[3,7,14],"killed_by":"Hexaghost","ascension_level":9}