{"gold_per_floor":[111,32,32,32,43,74,74,108,108,108,108,108,134,161,161,267,267,313,113,113,149,149,149,220,220,220,145,195,238,386,386,386,543,543,586,586,631,334,390,390,421,421,466,466,466,466,72,72,72,124],"floor_reached":51,"playtime":1391,"items_purged":["Strike_R"],"score":719,"play_id":"ec233c2e-4f7c-4c53-b91a-dc89319a0616","local_time":"20190215200502","is_ascension_mode":false,"campfire_choices":[{"data":"Disarm","floor":7,"key":"SMITH"},{"data":"Scorching Beam","floor":10,"key":"SMITH"},{"data":"Bash","floor":12,"key":"SMITH"},{"data":"Replay:Many Hands","floor":23,"key":"SMITH"},{"data":"strawberrySpire:CrashLanding","floor":25,"key":"SMITH"},{"data":"ReplayTheSpireMod:Corrosion Curse","floor":32,"key":"SMITH"},{"floor":40,"key":"REST"},{"data":"Sword Boomerang","floor":42,"key":"SMITH"},{"data":"Replay:Undeath\u0027s Touch","floor":44,"key":"SMITH"},{"data":"hubris:Fate","floor":46,"key":"SMITH"},{"floor":49,"key":"REST"}],"neow_cost":"NONE","seed_source_timestamp":192740187587768,"circlet_count":0,"master_deck":["Strike_R","Defend_R+1","Defend_R","Defend_R+1","Bash+1","Scorching Beam+1","FTL+1","Disarm+1","Replay:Many Hands+1","Replay:Undeath\u0027s Touch+1","strawberrySpire:CrashLanding+1","Headbutt","ReplayTheSpireMod:Corrosion Curse+1","Sword Boomerang+1","hubris:Fate+1","Sword Boomerang+1","Pot Of Greed","Pot Of Greed","Madness","Madness"],"relics":["Burning Blood","aspiration:Nostalgia","Iron Core","Replay:Rubber Ducky","Bag of Preparation","Bandana","Smiling Mask","Philosopher\u0027s Stone","Strawberry","Brimstone","Happy Flower","strawberrySpire:PoopsieRoll","Unceasing Top","ReplayTheSpireMod:Bottled Steam","aspiration:RitualStick","Bronze Scales","Juzu Bracelet","War Paint","infinitespire:Lucky Rock","Grinning Jar","ClockworkSouvenir"],"potions_floor_usage":[50,50],"damage_taken":[{"damage":0,"enemies":"Small Slimes","floor":1,"turns":4},{"damage":9,"enemies":"Jaw Worm","floor":5,"turns":4},{"damage":36,"enemies":"Lagavulin","floor":6,"turns":6},{"damage":23,"enemies":"Gremlin Nob","floor":8,"turns":5},{"damage":0,"enemies":"Cultist","floor":13,"turns":2},{"damage":5,"enemies":"Exordium Wildlife","floor":14,"turns":4},{"damage":52,"enemies":"Slime Boss","floor":16,"turns":8},{"damage":5,"enemies":"3 Byrds","floor":18,"turns":5},{"damage":8,"enemies":"Chosen","floor":21,"turns":3},{"damage":0,"enemies":"Gremlin Leader","floor":24,"turns":3},{"damage":0,"enemies":"Centurion and Healer","floor":28,"turns":3},{"damage":18,"enemies":"Snake Plant","floor":29,"turns":2},{"damage":4,"enemies":"Colosseum Slavers","floor":30,"turns":2},{"damage":9,"enemies":"Colosseum Nobs","floor":30,"turns":2},{"damage":39,"enemies":"Champ","floor":33,"turns":4},{"damage":12,"enemies":"Orb Walker","floor":35,"turns":2},{"damage":19,"enemies":"3 Darklings","floor":37,"turns":2},{"damage":22,"enemies":"Writhing Mass","floor":39,"turns":3},{"damage":1,"enemies":"4 Shapes","floor":41,"turns":2},{"damage":62,"enemies":"Donu and Deca","floor":50,"turns":5}],"seed_played":"8191630961208067607","potions_obtained":[{"floor":1,"key":"SpeedPotion"},{"floor":5,"key":"Reflective Coating"},{"floor":6,"key":"Dexterity Potion"},{"floor":30,"key":"Energy Potion"}],"is_trial":false,"path_per_floor":["M","$","?","?","M","E","R","E","T","R","?","R","M","M","R","B",null,"M","$","?","M","?","R","E","R","T","?","M","M","?","?","R","B",null,"M","?","M","$","M","R","M","R","T","R","?","R","$","?","R","B",null],"character_chosen":"IRONCLAD","items_purchased":["FTL","Brimstone","Bronze Scales","Juzu Bracelet","infinitespire:Lucky Rock","Grinning Jar","ClockworkSouvenir"],"campfire_rested":2,"item_purchase_floors":[2,19,38,38,47,47,47],"current_hp_per_floor":[80,80,85,78,75,45,45,28,28,28,28,28,34,35,60,14,85,92,92,92,90,90,90,92,92,92,92,92,80,79,73,73,40,92,86,63,50,50,34,61,66,66,66,66,66,66,66,54,81,25],"gold":124,"neow_bonus":"NOSTALGIA","is_prod":false,"is_daily":false,"chose_seed":false,"campfire_upgraded":9,"win_rate":0,"timestamp":1550279102,"path_taken":["M","$","?","?","M","E","R","E","T","R","?","R","?","M","R","BOSS","M","$","?","M","?","R","E","R","T","?","M","?","?","?","R","BOSS","M","?","M","?","M","R","M","R","T","R","?","R","$","?","R","BOSS"],"build_version":"2019-01-23","purchased_purges":1,"victory":true,"max_hp_per_floor":[80,80,85,85,85,85,85,85,85,85,85,85,85,85,85,85,85,92,92,92,92,92,92,92,92,92,92,92,92,92,92,92,92,92,92,92,92,92,92,92,92,92,92,92,92,92,92,92,92,92],"card_choices":[{"not_picked":["Beam Cell","Clash"],"picked":"Scorching Beam","floor":1},{"not_picked":["Flex","Scorching Beam","Flame Barrier"],"picked":"SKIP","floor":5},{"not_picked":["strawberrySpire:FireDrill","strawberrySpire:Beatdown"],"picked":"Disarm","floor":6},{"not_picked":["strawberrySpire:FireDrill","Havoc","Abandon"],"picked":"SKIP","floor":8},{"not_picked":["FTL","ReplayTheSpireMod:Strike From Hell","ReplayTheSpireMod:Repulse"],"picked":"SKIP","floor":13},{"not_picked":["infinitespire:OneForAll","Thunderclap","Headbutt"],"picked":"SKIP","floor":14},{"not_picked":["Brutality","Offering"],"picked":"Replay:Many Hands","floor":16},{"not_picked":["Warcry","Clothesline+1"],"picked":"Replay:Undeath\u0027s Touch","floor":18},{"not_picked":["Reckless Charge","Whirlwind"],"picked":"strawberrySpire:CrashLanding","floor":21},{"not_picked":["strawberrySpire:DebrisPile","Evolve","Run Through"],"picked":"SKIP","floor":24},{"not_picked":["Cleave","strawberrySpire:Taunt"],"picked":"Headbutt","floor":28},{"not_picked":["ReplayTheSpireMod:Muscle Training","strawberrySpire:ZonePlayer"],"picked":"ReplayTheSpireMod:Corrosion Curse","floor":29},{"not_picked":["Seeing Red+1","Anger+1"],"picked":"Sword Boomerang","floor":35},{"not_picked":["infinitespire:UltimateForm","hubris:Rewind"],"picked":"hubris:Fate","floor":36},{"not_picked":["hubris:ReadiedAction+1","strawberrySpire:FireDrill","Double Tap"],"picked":"SKIP","floor":37},{"not_picked":["strawberrySpire:DraftPunk+1","Anger+1","strawberrySpire:CrashLanding"],"picked":"SKIP","floor":39},{"not_picked":["Flex+1","Shrug It Off+1"],"picked":"Sword Boomerang+1","floor":41}],"player_experience":700449,"relics_obtained":[{"floor":6,"key":"Replay:Rubber Ducky"},{"floor":8,"key":"Bag of Preparation"},{"floor":9,"key":"Bandana"},{"floor":24,"key":"Happy Flower"},{"floor":26,"key":"strawberrySpire:PoopsieRoll"},{"floor":30,"key":"Unceasing Top"},{"floor":30,"key":"ReplayTheSpireMod:Bottled Steam"},{"floor":43,"key":"War Paint"}],"event_choices":[{"damage_healed":0,"gold_gain":0,"player_choice":"Donut","damage_taken":0,"max_hp_gain":5,"max_hp_loss":0,"event_name":"Big Fish","floor":3,"gold_loss":0},{"cards_removed":["Strike_R"],"damage_healed":0,"gold_gain":0,"player_choice":"Card Removal","damage_taken":7,"max_hp_gain":0,"max_hp_loss":0,"event_name":"Golden Wing","floor":4,"gold_loss":0},{"cards_removed":["Defend_R"],"damage_healed":0,"gold_gain":0,"player_choice":"Offered Basic","damage_taken":0,"max_hp_gain":0,"max_hp_loss":0,"event_name":"Bonfire Elementals","floor":11,"gold_loss":0},{"damage_healed":0,"gold_gain":0,"player_choice":"Ignored","damage_taken":0,"max_hp_gain":0,"max_hp_loss":0,"event_name":"Ghosts","floor":20,"gold_loss":0},{"cards_removed":["Strike_R"],"damage_healed":0,"gold_gain":0,"player_choice":"Elegance","damage_taken":0,"max_hp_gain":0,"max_hp_loss":0,"event_name":"Back to Basics","floor":22,"gold_loss":0},{"cards_removed":["Strike_R"],"damage_healed":0,"gold_gain":0,"player_choice":"Gave Gold","damage_taken":0,"max_hp_gain":0,"max_hp_loss":0,"event_name":"Beggar","floor":27,"gold_loss":75},{"damage_healed":0,"gold_gain":0,"player_choice":"Fight","damage_taken":0,"max_hp_gain":0,"max_hp_loss":0,"event_name":"Colosseum","floor":30,"gold_loss":0},{"damage_healed":0,"gold_gain":0,"player_choice":"Fought Nobs","damage_taken":0,"max_hp_gain":0,"max_hp_loss":0,"event_name":"Colosseum","floor":30,"gold_loss":0},{"damage_healed":0,"gold_gain":0,"player_choice":"Memory 1","damage_taken":0,"max_hp_gain":0,"max_hp_loss":0,"event_name":"SensoryStone","floor":45,"gold_loss":0},{"damage_healed":0,"gold_gain":0,"player_choice":"Embrace Madness","damage_taken":12,"max_hp_gain":0,"max_hp_loss":0,"event_name":"Winding Halls","floor":48,"gold_loss":0,"cards_obtained":["Madness","Madness"]}],"is_beta":false,"boss_relics":[{"not_picked":["strawberrySpire:SolarisEssence","infinitespire:Cupcake"],"picked":"Philosopher\u0027s Stone"},{"not_picked":[]}],"items_purged_floors":[47],"is_endless":false,"potions_floor_spawned":[1,5,6,21,24,28,30,35,37],"ascension_level":0}