{"gold_per_floor":[20,20,20,35,47,47,62,62,62,72,86,103,129,141,141,239,239,257,257,182,27,47,47,146,161,161,161,175,175,195,214,214,313,313,331,331,331,331,331,343,343,360,386,386],"floor_reached":44,"playtime":919,"items_purged":["Defend_R"],"score":464,"play_id":"48c39da3-38d6-4f52-a6e3-a9935f2ed5f2","local_time":"20190912131644","is_ascension_mode":false,"campfire_choices":[{"data":"Wild Strike","floor":6,"key":"SMITH"},{"data":"Perfected Strike","floor":8,"key":"SMITH"},{"data":"Perfected Strike","floor":15,"key":"SMITH"},{"data":"Whirlwind","floor":23,"key":"SMITH"},{"floor":27,"key":"REST"},{"floor":32,"key":"REST"},{"data":"Searing Blow+1","floor":41,"key":"SMITH"}],"neow_cost":"NO_GOLD","seed_source_timestamp":2278434155746100,"circlet_count":0,"master_deck":["Strike_R+1","Strike_R+1","Strike_R+1","Strike_R+1","Strike_R+1","Bash+1","Anger+1","Wild Strike+1","Clash+1","Perfected Strike+1","Anger+1","Pommel Strike+1","Pommel Strike+1","Searing Blow+2","Perfected Strike+1","Whirlwind+1","Perfected Strike+1","Perfected Strike+1","Demon Form+1","Madness+1","Madness+1"],"relics":["Black Blood","Singing Bowl","Red Skull","Lizard Tail","Enchiridion","Shuriken","MutagenicStrength","Mark of the Bloom","Strawberry"],"potions_floor_usage":[11,13,13,16,16,16,33,40,42],"damage_taken":[{"damage":0,"enemies":"2 Louse","floor":1,"turns":3},{"damage":0,"enemies":"Cultist","floor":4,"turns":2},{"damage":7,"enemies":"Small Slimes","floor":5,"turns":3},{"damage":0,"enemies":"Looter","floor":7,"turns":1},{"damage":0,"enemies":"2 Fungi Beasts","floor":10,"turns":2},{"damage":0,"enemies":"Blue Slaver","floor":11,"turns":1},{"damage":10,"enemies":"Looter","floor":12,"turns":2},{"damage":22,"enemies":"3 Sentries","floor":13,"turns":4},{"damage":12,"enemies":"Exordium Wildlife","floor":14,"turns":2},{"damage":46,"enemies":"Hexaghost","floor":16,"turns":5},{"damage":19,"enemies":"Shell Parasite","floor":18,"turns":3},{"damage":32,"enemies":"2 Thieves","floor":22,"turns":3},{"damage":32,"enemies":"Centurion and Healer","floor":25,"turns":4},{"damage":10,"enemies":"Cultist and Chosen","floor":28,"turns":4},{"damage":30,"enemies":"Snake Plant","floor":30,"turns":2},{"damage":8,"enemies":"Centurion and Healer","floor":31,"turns":4},{"damage":43,"enemies":"Collector","floor":33,"turns":6},{"damage":10,"enemies":"Orb Walker","floor":35,"turns":2},{"damage":10,"enemies":"3 Darklings","floor":40,"turns":2},{"damage":53,"enemies":"Maw","floor":42,"turns":5},{"damage":29,"enemies":"Transient","floor":44,"turns":2}],"seed_played":"3800523036726191099","potions_obtained":[{"floor":2,"key":"Poison Potion"},{"floor":2,"key":"Energy Potion"},{"floor":2,"key":"LiquidBronze"},{"floor":10,"key":"Energy Potion"},{"floor":11,"key":"PowerPotion"},{"floor":13,"key":"Strength Potion"},{"floor":14,"key":"Ancient Potion"},{"floor":22,"key":"SpeedPotion"},{"floor":30,"key":"Regen Potion"},{"floor":33,"key":"PowerPotion"},{"floor":42,"key":"Fruit Juice"}],"is_trial":false,"path_per_floor":["M","?","$","M","M","R","M","R","T","M","M","M","E","M","R","B",null,"M","?","?","$","M","R","?","M","T","R","M","?","M","M","R","B",null,"M","?","?","?","?","M","R","M","T","M"],"character_chosen":"IRONCLAD","items_purchased":["Whirlwind"],"campfire_rested":2,"item_purchase_floors":[21],"current_hp_per_floor":[80,80,80,80,79,79,80,80,80,80,80,76,60,54,54,16,82,71,55,55,55,31,31,31,49,49,74,72,72,48,48,75,52,90,92,92,92,80,80,70,70,17,17,0],"gold":386,"neow_bonus":"TRANSFORM_TWO_CARDS","is_prod":false,"is_daily":false,"chose_seed":false,"campfire_upgraded":5,"win_rate":0,"timestamp":1568308604,"path_taken":["M","?","$","M","?","R","M","R","T","M","M","M","E","M","R","BOSS","M","?","?","$","M","R","?","M","T","R","M","?","M","M","R","BOSS","M","?","?","?","?","M","R","M","T","M"],"build_version":"2019-07-17","purchased_purges":1,"victory":false,"max_hp_per_floor":[80,80,80,80,80,80,80,80,80,80,80,80,80,80,80,82,82,84,84,84,84,86,86,86,86,86,86,88,88,88,90,90,90,90,92,92,92,92,92,94,94,101,108,108],"card_choices":[{"not_picked":["Rupture","Sword Boomerang"],"picked":"Wild Strike","floor":1},{"not_picked":["Seeing Red","Entrench"],"picked":"Clash","floor":4},{"not_picked":["Heavy Blade","Sword Boomerang"],"picked":"Perfected Strike","floor":5},{"not_picked":["Havoc","Pommel Strike","Body Slam"],"picked":"SKIP","floor":7},{"not_picked":["Flex","Pummel"],"picked":"Anger","floor":10},{"not_picked":["Dual Wield","Juggernaut"],"picked":"Pommel Strike","floor":11},{"not_picked":["Armaments","Disarm"],"picked":"Pommel Strike","floor":12},{"not_picked":["Evolve","Headbutt"],"picked":"Searing Blow","floor":13},{"not_picked":["True Grit","Thunderclap"],"picked":"Perfected Strike","floor":14},{"not_picked":["Reaper","Dark Embrace","Berserk"],"picked":"Singing Bowl","floor":16},{"not_picked":["Twin Strike+1","Shrug It Off+1","Clash"],"picked":"Singing Bowl","floor":18},{"not_picked":["Disarm","True Grit","Heavy Blade"],"picked":"Singing Bowl","floor":22},{"not_picked":["Fiend Fire","Reckless Charge"],"picked":"Perfected Strike","floor":25},{"not_picked":["Carnage","Armaments","Pommel Strike"],"picked":"Singing Bowl","floor":28},{"not_picked":["Combust","Armaments"],"picked":"Perfected Strike","floor":30},{"not_picked":["Warcry+1","Corruption","Havoc"],"picked":"Singing Bowl","floor":31},{"not_picked":["Bludgeon","Double Tap"],"picked":"Demon Form","floor":33},{"not_picked":["Sentinel+1","Cleave","Pummel+1"],"picked":"Singing Bowl","floor":35},{"not_picked":["Power Through+1","Heavy Blade","Shrug It Off+1"],"picked":"Singing Bowl","floor":40},{"not_picked":["Shockwave","Armaments+1","Sever Soul"],"picked":"Singing Bowl","floor":42}],"player_experience":385592,"relics_obtained":[{"floor":9,"key":"Singing Bowl"},{"floor":13,"key":"Red Skull"},{"floor":19,"key":"Enchiridion"},{"floor":26,"key":"Shuriken"},{"floor":43,"key":"Strawberry"}],"event_choices":[{"damage_healed":0,"gold_gain":0,"player_choice":"Got Potions","damage_taken":0,"max_hp_gain":0,"max_hp_loss":0,"event_name":"Lab","floor":2,"gold_loss":0},{"damage_healed":0,"gold_gain":0,"player_choice":"Obtained Book","damage_taken":16,"max_hp_gain":0,"max_hp_loss":0,"event_name":"Cursed Tome","floor":19,"gold_loss":0},{"cards_removed":["Defend_R"],"damage_healed":0,"gold_gain":0,"player_choice":"Gave Gold","damage_taken":0,"max_hp_gain":0,"max_hp_loss":0,"event_name":"Beggar","floor":20,"gold_loss":75},{"damage_healed":0,"gold_gain":99,"player_choice":"Stole From Cult","damage_taken":0,"max_hp_gain":0,"max_hp_loss":0,"event_name":"Nest","floor":24,"gold_loss":0},{"damage_healed":0,"gold_gain":0,"player_choice":"Inject Mutagens","damage_taken":0,"relics_obtained":["MutagenicStrength"],"max_hp_gain":0,"max_hp_loss":0,"event_name":"Drug Dealer","floor":29,"gold_loss":0},{"damage_healed":0,"gold_gain":0,"player_choice":"Ignored","damage_taken":0,"max_hp_gain":0,"max_hp_loss":0,"event_name":"Mysterious Sphere","floor":36,"gold_loss":0},{"cards_removed":["Fire Breathing"],"damage_healed":0,"gold_gain":0,"player_choice":"Removed Power","damage_taken":0,"max_hp_gain":0,"max_hp_loss":0,"event_name":"Falling","floor":37,"gold_loss":0},{"damage_healed":0,"gold_gain":0,"player_choice":"Embrace Madness","damage_taken":12,"max_hp_gain":0,"max_hp_loss":0,"event_name":"Winding Halls","floor":38,"gold_loss":0,"cards_obtained":["Madness","Madness"]},{"damage_healed":0,"gold_gain":0,"player_choice":"Upgrade","damage_taken":0,"relics_obtained":["Mark of the Bloom"],"max_hp_gain":0,"max_hp_loss":0,"event_name":"MindBloom","floor":39,"gold_loss":0,"cards_upgraded":["Strike_R","Strike_R","Strike_R","Strike_R","Strike_R","Bash","Anger","Clash","Anger","Pommel Strike","Pommel Strike","Searing Blow","Perfected Strike","Perfected Strike","Demon Form","Madness","Madness"]}],"is_beta":false,"boss_relics":[{"not_picked":["Fusion Hammer","Mark of Pain"],"picked":"Lizard Tail"},{"not_picked":["Busted Crown","Black Star"],"picked":"Black Blood"}],"items_purged_floors":[21],"is_endless":false,"potions_floor_spawned":[10,11,12,13,14,22,30,33,42],"killed_by":"Transient","ascension_level":0}