{"gold_per_floor":[216,230,55,66,66,91,91,91,167,167,286,10,27,140,140,245,245,264,29,47,47,64,89,108,121,121,134,145,145,98,117,117,217],"floor_reached":33,"playtime":880,"items_purged":["Strike_B"],"score":273,"play_id":"c7b062e9-f34b-4528-9ea1-fdc9c6f2c564","local_time":"20190209151906","is_ascension_mode":false,"campfire_choices":[{"data":"hubris:Ukulele","floor":7,"key":"SMITH"},{"data":"Zap","floor":10,"key":"SMITH"},{"data":"Barrage","floor":15,"key":"SMITH"},{"floor":29,"key":"REST"},{"data":"hubris:PowerSurge","floor":32,"key":"SMITH"}],"neow_cost":"NONE","seed_source_timestamp":242839761797773,"circlet_count":0,"master_deck":["Strike_B","Strike_B","Strike_B","Defend_B","Defend_B","Defend_B","Defend_B","Zap+1","Dualcast","hubris:Ukulele+1","Gash","Ball Lightning+1","Static Discharge","Cold Snap","Barrage+1","Core Surge","Ball Lightning","Glacier","Redo","Cold Snap","hubris:PowerSurge+1","Gash","Panic Button","Gash"],"relics":["Cracked Core","Boot","infinitespire:WardingShard","Replay:Frozen Program","Cursed Key","Omamori","hubris:Icosahedron","ReplayTheSpireMod:Shallot","Thread and Needle"],"potions_floor_usage":[23],"damage_taken":[{"damage":0,"enemies":"Small Slimes","floor":1,"turns":3},{"damage":0,"enemies":"2 Louse","floor":2,"turns":2},{"damage":0,"enemies":"Cultist","floor":4,"turns":2},{"damage":22,"enemies":"3 Sentries","floor":6,"turns":5},{"damage":5,"enemies":"Exordium Thugs","floor":11,"turns":2},{"damage":0,"enemies":"Exordium Wildlife","floor":13,"turns":2},{"damage":4,"enemies":"Looter","floor":14,"turns":2},{"damage":15,"enemies":"Hexaghost","floor":16,"turns":8},{"damage":6,"enemies":"2 Thieves","floor":18,"turns":2},{"damage":1,"enemies":"3 Byrds","floor":20,"turns":4},{"damage":14,"enemies":"Snake Plant","floor":22,"turns":3},{"damage":26,"enemies":"Gremlin Leader","floor":23,"turns":7},{"damage":5,"enemies":"Centurion and Healer","floor":24,"turns":5},{"damage":0,"enemies":"3 Cultists","floor":25,"turns":4},{"damage":0,"enemies":"Cultist and Chosen","floor":27,"turns":4},{"damage":1,"enemies":"Snecko","floor":28,"turns":4},{"damage":0,"enemies":"Chosen and Byrds","floor":31,"turns":3},{"damage":60,"enemies":"Collector","floor":33,"turns":7}],"seed_played":"-2003130344038222794","potions_obtained":[{"floor":11,"key":"Milkshake"},{"floor":13,"key":"FocusPotion"},{"floor":14,"key":"SpeedPotion"},{"floor":25,"key":"Weak Potion"},{"floor":28,"key":"LifebloodPotion"}],"is_trial":false,"path_per_floor":["M","M","$","M","?","E","R","?","T","R","M","$","M","M","R","B",null,"M","$","M","?","M","E","M","M","T","M","M","R","$","M","R","B"],"character_chosen":"DEFECT","items_purchased":["Gash","Boot","Replay:Frozen Program","Glacier","Omamori","Panic Button"],"campfire_rested":1,"item_purchase_floors":[3,3,12,19,19,30],"current_hp_per_floor":[75,75,75,75,75,53,53,53,53,53,48,48,48,44,44,29,75,69,69,68,68,54,28,23,23,23,23,22,44,44,44,44,0],"gold":217,"neow_bonus":"HUNDRED_GOLD","is_prod":false,"is_daily":false,"chose_seed":false,"campfire_upgraded":4,"win_rate":0,"timestamp":1549743546,"path_taken":["M","M","$","M","?","E","R","?","T","R","M","$","M","M","R","BOSS","M","$","M","?","M","E","M","?","T","M","M","R","$","M","R","BOSS"],"build_version":"2019-01-23","purchased_purges":1,"victory":false,"max_hp_per_floor":[75,75,75,75,75,75,75,75,75,75,75,75,75,75,75,75,75,75,75,75,75,75,75,75,75,75,75,75,75,75,75,75,75],"card_choices":[{"not_picked":["Undo","Leap","Stack"],"picked":"SKIP","floor":1},{"not_picked":["Conserve Battery","Panic Button"],"picked":"hubris:Ukulele","floor":2},{"not_picked":["Reprogram","Sweeping Beam"],"picked":"Ball Lightning","floor":4},{"not_picked":["Barrage","Conserve Battery","Aggregate"],"picked":"SKIP","floor":6},{"not_picked":["Go for the Eyes","BasicCrystalCard"],"picked":"Static Discharge","floor":11},{"not_picked":["Go for the Eyes","Turbo"],"picked":"Cold Snap","floor":13},{"not_picked":["Hologram","Recycle"],"picked":"Barrage","floor":14},{"not_picked":["Amplify","Buffer"],"picked":"Core Surge","floor":16},{"not_picked":["Sweeping Beam","Tempest"],"picked":"Ball Lightning","floor":18},{"not_picked":["Stack","Go for the Eyes"],"picked":"Redo","floor":20},{"not_picked":["Crystallizer","Echo Form"],"picked":"Cold Snap","floor":22},{"not_picked":["Barrage","Biased Cognition"],"picked":"hubris:PowerSurge","floor":23},{"not_picked":["Compile Driver","Redo","Force Field"],"picked":"SKIP","floor":24},{"not_picked":["Fusion","Auto Shields+1","Leap+1"],"picked":"SKIP","floor":25},{"not_picked":["Rebound","Beam Cell"],"picked":"Gash","floor":27},{"not_picked":["Compile Driver","Leap+1","BasicCrystalCard"],"picked":"SKIP","floor":28},{"not_picked":["Chill","Compile Driver"],"picked":"Gash","floor":31}],"player_experience":603857,"relics_obtained":[{"floor":6,"key":"infinitespire:WardingShard"},{"floor":23,"key":"ReplayTheSpireMod:Shallot"},{"floor":26,"key":"Thread and Needle"}],"event_choices":[{"damage_healed":0,"gold_gain":0,"player_choice":"Grow","damage_taken":0,"max_hp_gain":0,"max_hp_loss":0,"event_name":"Living Wall","floor":5,"gold_loss":0,"cards_upgraded":["Ball Lightning"]}],"is_beta":false,"boss_relics":[{"not_picked":["Runic Pyramid","Sozu"],"picked":"Cursed Key"}],"items_purged_floors":[12],"is_endless":false,"potions_floor_spawned":[11,13,14,16,18,22,25,27,28,31],"killed_by":"Collector","ascension_level":0}