{"path_per_floor":["M","M","?","M","$","R","M","E","T","M","?","?","E","M","R"],"character_chosen":"IRONCLAD","items_purchased":["True Grit"],"gold_per_floor":[117,129,204,220,120,120,132,158,209,222,222,222,250,267,267,267],"floor_reached":16,"campfire_rested":1,"playtime":509,"current_hp_per_floor":[80,80,69,68,68,68,59,43,43,42,47,47,7,8,32,0],"items_purged":["Defend_R"],"gold":267,"score":112,"play_id":"9f2956a0-4a65-4a39-b543-d29fb9b6818f","local_time":"20180330153939","is_prod":false,"is_daily":false,"is_ascension_mode":false,"campfire_upgraded":1,"timestamp":1522438779,"path_taken":["M","M","?","M","$","R","M","E","T","M","?","?","E","M","R","BOSS"],"build_version":"2018-03-29v2","purchased_purges":1,"victory":false,"master_deck":["Strike_R","Strike_R","Strike_R","Strike_R","Strike_R","Defend_R","Defend_R","Bash","Evolve","Seeing Red","True Grit+1","Reaper","Perfected Strike","Whirlwind","Power Through"],"max_hp_per_floor":[80,80,80,80,80,80,80,80,80,80,80,80,80,80,80,80],"relics":["Burning Blood","Smiling Mask","Dream Catcher","Bottled Tornado"],"card_choices":[{"not_picked":["Headbutt","Sword Boomerang"],"picked":"Clash","floor":1},{"not_picked":["Clothesline","Havoc"],"picked":"Evolve","floor":2},{"not_picked":["Clash","Pommel Strike"],"picked":"Seeing Red","floor":4},{"not_picked":["Shrug It Off","Armaments"],"picked":"Reaper","floor":8},{"not_picked":["Shockwave","Body Slam"],"picked":"Perfected Strike","floor":10},{"not_picked":["Twin Strike","Burning Pact"],"picked":"Whirlwind","floor":14},{"not_picked":["Warcry","Spot Weakness"],"picked":"Power Through","floor":15}],"player_experience":283263,"potions_floor_usage":[14],"damage_taken":[{"damage":6,"enemies":"Small Slimes","floor":1,"turns":4},{"damage":6,"enemies":"Jaw Worm","floor":2,"turns":2},{"damage":7,"enemies":"2 Louse","floor":4,"turns":3},{"damage":15,"enemies":"Gremlin Gang","floor":7,"turns":5},{"damage":22,"enemies":"3 Sentries","floor":8,"turns":9},{"damage":7,"enemies":"3 Louse","floor":10,"turns":3},{"damage":50,"enemies":"Lagavulin","floor":13,"turns":9},{"damage":5,"enemies":"Looter","floor":14,"turns":2},{"damage":38,"enemies":"Hexaghost","floor":16,"turns":9}],"event_choices":[{"event_name":"World of Goop","player_choice":"Gather Gold","floor":3,"damage_taken":0},{"event_name":"Bonfire Elementals","player_choice":"COMMON","floor":11,"damage_taken":0},{"event_name":"Purifier","player_choice":"One Purge","floor":12,"damage_taken":0}],"boss_relics":[],"potions_floor_spawned":[2,7,8,13],"seed_played":"-1612109778517663759","killed_by":"Hexaghost","ascension_level":0,"is_trial":false}