{"gold_per_floor":[112,124,124,134,145,206,14,14,14,25,38,50,50,50,50,152,152,168,183,183],"floor_reached":20,"playtime":877,"items_purged":[],"score":178,"play_id":"df18e9f6-bc5a-4bf4-8b53-222b3978a277","local_time":"20190914181731","is_ascension_mode":false,"campfire_choices":[{"floor":8,"key":"REST"},{"data":"Seeing Red","floor":13,"key":"SMITH"},{"floor":15,"key":"REST"}],"neow_cost":"NONE","seed_source_timestamp":2469324912047700,"circlet_count":0,"master_deck":["Strike_R","Strike_R","Strike_R","Strike_R","Strike_R","Defend_R","Defend_R","Defend_R","Defend_R","Bash","Inflame","Spot Weakness","Bash","Exhume","Heavy Blade","Seeing Red","Whirlwind","Seeing Red+1","Limit Break","Dual Wield+1"],"relics":["Runic Pyramid","Tiny Chest","Medical Kit","Singing Bowl","Black Star"],"potions_floor_usage":[10,11,16,16,20],"damage_taken":[{"damage":0,"enemies":"Small Slimes","floor":1,"turns":3},{"damage":1,"enemies":"Cultist","floor":2,"turns":3},{"damage":8,"enemies":"2 Louse","floor":4,"turns":5},{"damage":12,"enemies":"Looter","floor":5,"turns":4},{"damage":27,"enemies":"3 Sentries","floor":6,"turns":7},{"damage":14,"enemies":"3 Louse","floor":10,"turns":2},{"damage":12,"enemies":"Blue Slaver","floor":11,"turns":3},{"damage":0,"enemies":"Large Slime","floor":12,"turns":3},{"damage":38,"enemies":"Hexaghost","floor":16,"turns":7},{"damage":30,"enemies":"3 Byrds","floor":18,"turns":5},{"damage":29,"enemies":"Shell Parasite","floor":19,"turns":4},{"damage":32,"enemies":"Cultist and Chosen","floor":20,"turns":4}],"seed_played":"-8295205601248303420","potions_obtained":[{"floor":5,"key":"SpeedPotion"},{"floor":6,"key":"PowerPotion"},{"floor":11,"key":"Fruit Juice"},{"floor":12,"key":"AttackPotion"},{"floor":16,"key":"Ancient Potion"},{"floor":19,"key":"Fire Potion"}],"is_trial":false,"path_per_floor":["M","M","?","M","M","E","$","R","T","M","M","M","R","$","R","B",null,"M","M","M"],"character_chosen":"IRONCLAD","items_purchased":["Medical Kit"],"campfire_rested":2,"item_purchase_floors":[7],"current_hp_per_floor":[80,79,79,71,59,32,32,56,56,42,35,35,35,35,60,22,85,55,28,0],"gold":183,"neow_bonus":"BOSS_RELIC","is_prod":false,"is_daily":false,"chose_seed":false,"campfire_upgraded":1,"win_rate":0,"timestamp":1568499451,"path_taken":["M","M","?","?","M","E","$","R","T","M","M","M","R","$","R","BOSS","M","M","?"],"build_version":"2019-07-17","purchased_purges":0,"victory":false,"max_hp_per_floor":[80,80,80,80,80,80,80,80,80,80,85,85,85,85,85,85,85,85,87,87],"card_choices":[{"not_picked":["True Grit","Perfected Strike"],"picked":"Inflame","floor":1},{"not_picked":["Armaments","Wild Strike"],"picked":"Spot Weakness","floor":2},{"not_picked":["Combust","Power Through","Clash"],"picked":"SKIP","floor":4},{"not_picked":["Havoc","Uppercut","Armaments"],"picked":"SKIP","floor":5},{"not_picked":["Body Slam","Sword Boomerang"],"picked":"Heavy Blade","floor":6},{"not_picked":["Flex","Fire Breathing"],"picked":"Seeing Red","floor":10},{"not_picked":["Wild Strike","Sword Boomerang"],"picked":"Whirlwind","floor":11},{"not_picked":["Body Slam","Armaments"],"picked":"Seeing Red","floor":12},{"not_picked":["Offering","Dark Embrace"],"picked":"Limit Break","floor":16},{"not_picked":["Thunderclap","Pommel Strike+1"],"picked":"Dual Wield+1","floor":18},{"not_picked":["Body Slam","Corruption","Power Through"],"picked":"Singing Bowl","floor":19}],"player_experience":462786,"relics_obtained":[{"floor":6,"key":"Tiny Chest"},{"floor":9,"key":"Singing Bowl"}],"event_choices":[{"damage_healed":0,"gold_gain":0,"player_choice":"2 cards matched","damage_taken":0,"max_hp_gain":0,"max_hp_loss":0,"event_name":"Match and Keep!","floor":3,"gold_loss":0,"cards_obtained":["Bash","Exhume"]}],"is_beta":false,"boss_relics":[{"not_picked":["Velvet Choker","Empty Cage"],"picked":"Black Star"}],"items_purged_floors":[],"is_endless":false,"potions_floor_spawned":[5,6,11,12,16,19],"killed_by":"Cultist and Chosen","ascension_level":0}