{"gold_per_floor":[110,60,70,70,86,114,134,134,185,185,217,231,262,282,282,384,384,401,401,401,430,440,440,473,473,496,496,577,593,593,612,612,715,715,727,727,637,654,245,262,262,295,295,312,87,103,103,118,118,118],"floor_reached":50,"playtime":10733,"items_purged":["Defend_B"],"score":538,"play_id":"0d9729ad-c206-4324-b140-28e01e463d8f","local_time":"20190704220055","is_ascension_mode":true,"campfire_choices":[{"floor":8,"key":"RECALL"},{"floor":10,"key":"REST"},{"floor":15,"key":"REST"},{"data":"Storm","floor":23,"key":"SMITH"},{"floor":25,"key":"REST"},{"floor":27,"key":"REST"},{"data":"White Noise","floor":32,"key":"SMITH"},{"floor":41,"key":"REST"},{"floor":49,"key":"REST"}],"neow_cost":"NONE","seed_source_timestamp":1895419307366367,"circlet_count":0,"master_deck":["Defend_B","Defend_B","Zap","Dualcast","Chill","Go for the Eyes","Storm","Beam Cell","Ball Lightning","Undo","Steam","Compile Driver","Barrage+1","Electrodynamics","Defragment+1","Self Repair","Storm+1","White Noise+1","Self Repair","Ball Lightning+1","Barrage","Creative AI","Stack","Conserve Battery+1","Multi-Cast","Hello World","Fusion","Multi-Cast","Glacier+1","Defragment","Cold Snap+1","Storm"],"relics":["Empty Cage","Sundial","Omamori","Orichalcum","White Beast Statue","Red Mask","Letter Opener","Potion Belt","Bottled Lightning","Enchiridion","Inserter","Chemical X","Bag of Marbles","Nunchaku","Lantern","Gremlin Horn"],"potions_floor_usage":[7,13,13,13,29,33,33,33,33,35,40,44,46,46,50,50,50],"damage_taken":[{"damage":5,"enemies":"Small Slimes","floor":1,"turns":4},{"damage":0,"enemies":"Jaw Worm","floor":3,"turns":6},{"damage":0,"enemies":"Cultist","floor":5,"turns":6},{"damage":47,"enemies":"3 Sentries","floor":6,"turns":13},{"damage":2,"enemies":"Gremlin Gang","floor":7,"turns":7},{"damage":16,"enemies":"Lagavulin","floor":11,"turns":7},{"damage":1,"enemies":"Exordium Thugs","floor":12,"turns":4},{"damage":25,"enemies":"Gremlin Nob","floor":13,"turns":4},{"damage":3,"enemies":"Looter","floor":14,"turns":3},{"damage":23,"enemies":"Hexaghost","floor":16,"turns":11},{"damage":5,"enemies":"Chosen","floor":18,"turns":6},{"damage":29,"enemies":"Masked Bandits","floor":21,"turns":4},{"damage":4,"enemies":"3 Byrds","floor":22,"turns":5},{"damage":31,"enemies":"Gremlin Leader","floor":24,"turns":5},{"damage":20,"enemies":"Centurion and Healer","floor":29,"turns":4},{"damage":0,"enemies":"3 Cultists","floor":31,"turns":2},{"damage":46,"enemies":"Automaton","floor":33,"turns":7},{"damage":5,"enemies":"Orb Walker","floor":35,"turns":3},{"damage":0,"enemies":"3 Darklings","floor":38,"turns":3},{"damage":27,"enemies":"Spire Growth","floor":40,"turns":4},{"damage":47,"enemies":"Nemesis","floor":42,"turns":5},{"damage":0,"enemies":"4 Shapes","floor":44,"turns":2},{"damage":0,"enemies":"Transient","floor":46,"turns":5},{"damage":18,"enemies":"Jaw Worm Horde","floor":48,"turns":4},{"damage":85,"enemies":"Awakened One","floor":50,"turns":4}],"seed_played":"-9161316202083593317","potions_obtained":[{"floor":3,"key":"SpeedPotion"},{"floor":4,"key":"Strength Potion"},{"floor":4,"key":"Regen Potion"},{"floor":6,"key":"Strength Potion"},{"floor":12,"key":"AttackPotion"},{"floor":13,"key":"Explosive Potion"},{"floor":16,"key":"Energy Potion"},{"floor":18,"key":"Weak Potion"},{"floor":29,"key":"Swift Potion"},{"floor":31,"key":"AttackPotion"},{"floor":33,"key":"Weak Potion"},{"floor":35,"key":"Weak Potion"},{"floor":38,"key":"FocusPotion"},{"floor":40,"key":"Block Potion"},{"floor":42,"key":"Energy Potion"},{"floor":44,"key":"SkillPotion"},{"floor":46,"key":"SpeedPotion"},{"floor":48,"key":"SpeedPotion"}],"is_trial":false,"path_per_floor":["M","?","M","?","M","E","M","R","T","R","E","M","E","M","R","B",null,"M","?","?","?","M","R","E","R","T","R","T","M","?","M","R","B",null,"M","?","?","M","$","M","R","E","T","M","$","M","T","M","R","B"],"character_chosen":"DEFECT","items_purchased":["Chemical X","Multi-Cast","Hello World","Lantern","Defragment"],"campfire_rested":6,"item_purchase_floors":[39,39,39,45,45],"current_hp_per_floor":[70,70,70,70,70,23,36,36,36,58,42,41,16,13,35,12,75,70,70,70,48,51,51,27,49,49,71,71,65,49,63,63,31,75,75,75,75,75,75,55,75,42,42,42,42,70,70,66,75,0],"gold":118,"neow_bonus":"BOSS_RELIC","is_prod":false,"is_daily":false,"chose_seed":false,"campfire_upgraded":2,"win_rate":0,"timestamp":1562292055,"path_taken":["M","?","M","?","M","E","?","R","T","R","E","M","E","?","R","BOSS","M","?","?","?","M","R","E","R","T","R","?","M","?","M","R","BOSS","M","?","?","?","$","M","R","E","T","M","$","M","?","M","R","BOSS"],"build_version":"2019-07-01","purchased_purges":1,"victory":false,"max_hp_per_floor":[75,75,75,75,75,75,75,75,75,75,75,75,75,75,75,75,75,75,75,75,75,75,75,75,75,75,75,75,75,75,75,75,75,75,75,75,75,75,75,75,75,75,75,75,75,75,75,75,75,75],"card_choices":[{"not_picked":["Hologram","Leap"],"picked":"Chill","floor":1},{"not_picked":["Double Energy","BootSequence"],"picked":"Go for the Eyes","floor":3},{"not_picked":["Go for the Eyes","Reprogram"],"picked":"Storm","floor":5},{"not_picked":["Rebound","Streamline"],"picked":"Beam Cell","floor":6},{"not_picked":["Turbo","Rebound"],"picked":"Ball Lightning","floor":7},{"not_picked":["Seek","Leap"],"picked":"Undo","floor":11},{"not_picked":["Aggregate","Turbo"],"picked":"Steam","floor":12},{"not_picked":["Seek","Leap"],"picked":"Compile Driver","floor":13},{"not_picked":["Hologram","Sweeping Beam"],"picked":"Barrage","floor":14},{"not_picked":["Fission","Amplify"],"picked":"Electrodynamics","floor":16},{"not_picked":["Gash","Hologram"],"picked":"Defragment+1","floor":18},{"not_picked":["Undo+1","Doom and Gloom+1"],"picked":"Storm","floor":21},{"not_picked":["Leap","Sweeping Beam"],"picked":"White Noise","floor":22},{"not_picked":["Stack","Compile Driver+1"],"picked":"Self Repair","floor":24},{"not_picked":["Hologram","Streamline+1"],"picked":"Ball Lightning+1","floor":29},{"not_picked":["Scrape+1","Hologram"],"picked":"Barrage","floor":31},{"not_picked":["Amplify","Reboot"],"picked":"Creative AI","floor":33},{"not_picked":["Go for the Eyes","Steam"],"picked":"Stack","floor":35},{"not_picked":["Go for the Eyes+1","Steam+1"],"picked":"Conserve Battery+1","floor":38},{"not_picked":["Barrage","Stack"],"picked":"Fusion","floor":40},{"not_picked":["Reprogram+1","Conserve Battery+1"],"picked":"Multi-Cast","floor":42},{"not_picked":["Genetic Algorithm+1","Hologram+1"],"picked":"Glacier+1","floor":44},{"not_picked":["Rebound","Sunder+1"],"picked":"Cold Snap+1","floor":46},{"not_picked":["Coolheaded+1","Consume"],"picked":"Storm","floor":48}],"player_experience":81154,"relics_obtained":[{"floor":6,"key":"Sundial"},{"floor":11,"key":"Omamori"},{"floor":13,"key":"Orichalcum"},{"floor":21,"key":"Red Mask"},{"floor":24,"key":"Letter Opener"},{"floor":26,"key":"Potion Belt"},{"floor":28,"key":"Bottled Lightning"},{"floor":30,"key":"Enchiridion"},{"floor":42,"key":"Bag of Marbles"},{"floor":43,"key":"Nunchaku"},{"floor":47,"key":"Gremlin Horn"}],"event_choices":[{"cards_removed":["Strike_B"],"damage_healed":0,"gold_gain":0,"player_choice":"Card Removal","damage_taken":0,"max_hp_gain":0,"max_hp_loss":0,"event_name":"The Cleric","floor":2,"gold_loss":50},{"damage_healed":0,"gold_gain":0,"player_choice":"Got Potions","damage_taken":0,"max_hp_gain":0,"max_hp_loss":0,"event_name":"Lab","floor":4,"gold_loss":0},{"damage_healed":0,"gold_gain":0,"player_choice":"Ignored","damage_taken":0,"max_hp_gain":0,"max_hp_loss":0,"event_name":"Ghosts","floor":19,"gold_loss":0},{"damage_healed":0,"gold_gain":0,"player_choice":"Read","damage_taken":0,"max_hp_gain":0,"max_hp_loss":0,"event_name":"The Library","floor":20,"gold_loss":0,"cards_obtained":["Self Repair"]},{"damage_healed":0,"gold_gain":0,"player_choice":"Fought Bandits","damage_taken":0,"max_hp_gain":0,"max_hp_loss":0,"event_name":"Masked Bandits","floor":21,"gold_loss":0},{"damage_healed":0,"gold_gain":0,"player_choice":"Obtained Book","damage_taken":16,"max_hp_gain":0,"max_hp_loss":0,"event_name":"Cursed Tome","floor":30,"gold_loss":0},{"cards_removed":["Strike_B"],"damage_healed":0,"gold_gain":0,"player_choice":"Removed Attack","damage_taken":0,"max_hp_gain":0,"max_hp_loss":0,"event_name":"Falling","floor":36,"gold_loss":0},{"cards_removed":["Defend_B"],"damage_healed":0,"gold_gain":0,"player_choice":"Upgrade and Remove","damage_taken":0,"max_hp_gain":0,"max_hp_loss":0,"event_name":"Designer","floor":37,"gold_loss":90,"cards_upgraded":["Barrage"]}],"is_beta":false,"boss_relics":[{"not_picked":["Busted Crown","Runic Dome"],"picked":"White Beast Statue"},{"not_picked":["Eternal Feather","Black Star"],"picked":"Inserter"}],"items_purged_floors":[39],"is_endless":false,"potions_floor_spawned":[3,6,12,13,16,18,21,22,24,29,31,33,35,38,40,42,44,46,48],"killed_by":"Awakened One","ascension_level":1}