{"gold_per_floor":[119,119,94,112,62,89,89,104,155,2,15,15,28,28,28,126,126,140,140,140,95,95,95,114,125,152,152,179,191,222,222],"floor_reached":31,"playtime":2210,"items_purged":[],"score":273,"play_id":"6d4e321f-ba68-4d23-bd7b-100a671b8bd9","local_time":"20190911185232","is_ascension_mode":false,"campfire_choices":[{"floor":7,"key":"REST"},{"data":"Bouncing Flask","floor":15,"key":"SMITH"},{"data":"Noxious Fumes","floor":23,"key":"SMITH"},{"floor":27,"key":"REST"}],"neow_cost":"NONE","seed_source_timestamp":80322771025100,"circlet_count":0,"master_deck":["Strike_G","Strike_G","Strike_G","Strike_G","Strike_G","Defend_G","Defend_G","Defend_G","Survivor","Neutralize","Well Laid Plans","Defend_B","Flying Knee","Bouncing Flask+1","Bouncing Flask","Deflect","Adrenaline","Die Die Die","Deflect","Acrobatics","Dagger Spray","Escape Plan","Noxious Fumes+1","Slice","Poisoned Stab","Noxious Fumes","Slice","Escape Plan","Deflect","Acrobatics"],"relics":["Ring of the Snake","Regal Pillow","Centennial Puzzle","Lantern","PreservedInsect","Orrery","Tingsha","Ancient Tea Set","Mummified Hand","Potion Belt"],"potions_floor_usage":[30,30,30,30],"damage_taken":[{"damage":0,"enemies":"2 Louse","floor":1,"turns":3},{"damage":1,"enemies":"Cultist","floor":4,"turns":4},{"damage":32,"enemies":"3 Sentries","floor":6,"turns":11},{"damage":11,"enemies":"Small Slimes","floor":8,"turns":4},{"damage":5,"enemies":"Exordium Wildlife","floor":11,"turns":5},{"damage":7,"enemies":"Blue Slaver","floor":13,"turns":3},{"damage":31,"enemies":"The Guardian","floor":16,"turns":7},{"damage":0,"enemies":"Spheric Guardian","floor":18,"turns":3},{"damage":16,"enemies":"Shell Parasite","floor":24,"turns":4},{"damage":11,"enemies":"Chosen and Byrds","floor":25,"turns":5},{"damage":20,"enemies":"Book of Stabbing","floor":28,"turns":4},{"damage":34,"enemies":"Shelled Parasite and Fungi","floor":29,"turns":6},{"damage":19,"enemies":"Gremlin Leader","floor":30,"turns":5}],"seed_played":"-7956185491571724159","potions_obtained":[{"floor":4,"key":"EntropicBrew"},{"floor":6,"key":"EntropicBrew"},{"floor":11,"key":"FairyPotion"},{"floor":25,"key":"SteroidPotion"}],"is_trial":false,"path_per_floor":["M","?","$","M","?","E","R","M","T","$","M","T","M","$","R","B",null,"M","?","?","$","?","R","M","M","T","R","E","M","E","?"],"character_chosen":"THE_SILENT","items_purchased":["Flying Knee","Lantern","Poisoned Stab"],"campfire_rested":2,"item_purchase_floors":[3,10,21],"current_hp_per_floor":[77,77,77,76,76,44,77,66,66,66,61,61,54,54,54,23,77,77,63,63,63,63,63,47,36,36,75,55,21,2,0],"gold":222,"neow_bonus":"TEN_PERCENT_HP_BONUS","is_prod":false,"is_daily":false,"chose_seed":false,"campfire_upgraded":2,"win_rate":0.0,"timestamp":1568220752,"path_taken":["M","?","$","?","?","E","R","M","T","$","M","?","M","?","R","BOSS","M","?","?","$","?","R","M","?","T","R","E","M","E","?"],"build_version":"2019-07-17","purchased_purges":0,"victory":false,"max_hp_per_floor":[77,77,77,77,77,77,77,77,77,77,77,77,77,77,77,77,77,77,82,82,82,82,82,82,82,82,82,82,82,82,82],"card_choices":[{"not_picked":["Flying Knee","Deadly Poison"],"picked":"Well Laid Plans","floor":1},{"not_picked":["Escape Plan","Deadly Poison"],"picked":"Bouncing Flask","floor":4},{"not_picked":["Dodge and Roll","Outmaneuver"],"picked":"Bouncing Flask","floor":6},{"not_picked":["Caltrops","PiercingWail","Blade Dance"],"picked":"SKIP","floor":8},{"not_picked":["Bouncing Flask","Deadly Poison"],"picked":"Deflect","floor":11},{"not_picked":["Dodge and Roll","Poisoned Stab"],"picked":"Adrenaline","floor":13},{"not_picked":["Wraith Form v2","Burst"],"picked":"Die Die Die","floor":16},{"not_picked":["Dagger Throw","Bouncing Flask"],"picked":"Deflect","floor":17},{"not_picked":["Deflect","Underhanded Strike"],"picked":"Acrobatics","floor":17},{"not_picked":["Slice","Dodge and Roll"],"picked":"Dagger Spray","floor":17},{"not_picked":["Blade Dance","Masterful Stab"],"picked":"Escape Plan","floor":17},{"not_picked":["Prepared","Deflect"],"picked":"Noxious Fumes","floor":17},{"not_picked":["Die Die Die","Blade Dance"],"picked":"Slice","floor":18},{"not_picked":["Deadly Poison","Terror"],"picked":"Noxious Fumes","floor":24},{"not_picked":["Quick Slash","All Out Attack"],"picked":"Slice","floor":25},{"not_picked":["Flechettes","Riddle With Holes+1"],"picked":"Escape Plan","floor":28},{"not_picked":["Bouncing Flask","Noxious Fumes"],"picked":"Deflect","floor":29},{"not_picked":["PiercingWail","Riddle With Holes"],"picked":"Acrobatics","floor":30}],"player_experience":45364,"relics_obtained":[{"floor":6,"key":"Regal Pillow"},{"floor":9,"key":"Centennial Puzzle"},{"floor":12,"key":"PreservedInsect"},{"floor":26,"key":"Ancient Tea Set"},{"floor":28,"key":"Mummified Hand"},{"floor":30,"key":"Potion Belt"}],"event_choices":[{"cards_removed":["Defend_G"],"damage_healed":0,"gold_gain":0,"player_choice":"Took Card","damage_taken":0,"max_hp_gain":0,"max_hp_loss":0,"event_name":"NoteForYourself","floor":2,"gold_loss":0,"cards_obtained":["Defend_B"]},{"cards_removed":["Defend_G"],"damage_healed":0,"gold_gain":0,"player_choice":"Card Removal","damage_taken":0,"max_hp_gain":0,"max_hp_loss":0,"event_name":"The Cleric","floor":5,"gold_loss":50},{"damage_healed":0,"gold_gain":0,"player_choice":"Shed Blood","damage_taken":19,"max_hp_gain":5,"max_hp_loss":0,"event_name":"Forgotten Altar","floor":19,"gold_loss":0},{"damage_healed":0,"gold_gain":0,"player_choice":"Ignored","damage_taken":0,"max_hp_gain":0,"max_hp_loss":0,"event_name":"Vampires","floor":20,"gold_loss":0},{"damage_healed":0,"gold_gain":0,"player_choice":"Gave Potion","damage_taken":0,"relics_obtained":["Tingsha"],"max_hp_gain":0,"max_hp_loss":0,"event_name":"WeMeetAgain","floor":22,"gold_loss":0}],"is_beta":false,"boss_relics":[{"not_picked":["Ectoplasm","Coffee Dripper"],"picked":"Orrery"}],"items_purged_floors":[],"is_endless":false,"potions_floor_spawned":[4,6,11,13,25,29],"ascension_level":0}