{"gold_per_floor":[118,118,137,137,157,184,184,211,211,211,211,225,225,235,235,333,333,345,345,369,284,298,330,330,390,439,471,471,471,39,50,50,50],"floor_reached":33,"playtime":3245,"items_purged":[],"score":683,"play_id":"2d6cdaa3-539d-4964-9fad-972fb5c34698","local_time":"20190830192307","is_ascension_mode":true,"campfire_choices":[{"floor":7.0,"key":"REST"},{"data":"Neutralize","floor":11.0,"key":"SMITH"},{"floor":13.0,"key":"REST"},{"data":"Deadly Poison","floor":15.0,"key":"SMITH"},{"data":"Burst","floor":24.0,"key":"SMITH"},{"data":"Caltrops","floor":28.0,"key":"SMITH"},{"data":"After Image","floor":32,"key":"SMITH"}],"neow_cost":"NONE","seed_source_timestamp":984525618864300,"circlet_count":0,"master_deck":["AscendersBane","Survivor","Neutralize+1","After Image+1","Backflip","Backstab","Deadly Poison+1","Slice","Blur","Dodge and Roll","Quick Slash","Corpse Explosion","Caltrops+1","Poisoned Stab","Endless Agony","Deadly Poison","Glass Knife","Burst+1","Dash","Prepared+1","Dagger Throw","Adrenaline","Cloak And Dagger","Backflip","Bullet Time","Flying Knee","PiercingWail"],"special_seed":0,"relics":["Ring of the Snake","Dodecahedron","WingedGreaves","Mango","Pandora\u0027s Box","Bag of Marbles","Lantern","The Courier","Tiny Chest","Omamori","Strawberry","Happy Flower","Mummified Hand","PreservedInsect"],"potions_floor_usage":[],"damage_taken":[{"damage":0.0,"enemies":"2 Louse","floor":1.0,"turns":3.0},{"damage":0.0,"enemies":"Small Slimes","floor":3.0,"turns":7.0},{"damage":1.0,"enemies":"Jaw Worm","floor":5.0,"turns":5.0},{"damage":38.0,"enemies":"Lagavulin","floor":6.0,"turns":11.0},{"damage":15.0,"enemies":"Gremlin Nob","floor":8.0,"turns":5.0},{"damage":6.0,"enemies":"Exordium Thugs","floor":12.0,"turns":8.0},{"damage":4.0,"enemies":"Exordium Wildlife","floor":14.0,"turns":4.0},{"damage":13.0,"enemies":"The Guardian","floor":16.0,"turns":15.0},{"damage":11.0,"enemies":"Shell Parasite","floor":18.0,"turns":5.0},{"damage":0.0,"enemies":"Spheric Guardian","floor":22.0,"turns":3.0},{"damage":0.0,"enemies":"Slavers","floor":23.0,"turns":1.0},{"damage":0.0,"enemies":"Book of Stabbing","floor":25.0,"turns":5.0},{"damage":0.0,"enemies":"Slavers","floor":27.0,"turns":1.0},{"damage":7.0,"enemies":"Cultist and Chosen","floor":31.0,"turns":6.0},{"damage":86,"enemies":"Champ","floor":33,"turns":11}],"seed_played":"-3910884250475794604","potions_obtained":[{"floor":1.0,"key":"Ancient Potion"},{"floor":5.0,"key":"Ancient Potion"},{"floor":6.0,"key":"AttackPotion"},{"floor":16.0,"key":"Fire Potion"},{"floor":22.0,"key":"GamblersBrew"}],"is_trial":false,"path_per_floor":["M","?","M","?","M","E","R","E","T","?","R","M","R","M","R","B",null,"M","?","T","?","M","E","R","E","T","E","R","?","$","M","R","B"],"character_chosen":"THE_SILENT","items_purchased":["Happy Flower","Mummified Hand","PreservedInsect"],"campfire_rested":2,"item_purchase_floors":[30,30,30],"current_hp_per_floor":[63,68,68,61,60,22,44,29,43,25,25,19,45,41,41,28,74,63,63,63,63,63,63,63,63,63,70,70,70,70,63,63,0],"gold":50,"neow_bonus":"ONE_RANDOM_RARE_CARD","is_prod":false,"is_daily":false,"chose_seed":false,"campfire_upgraded":5,"win_rate":0,"timestamp":1567207387,"path_taken":["M","?","M","?","M","E","R","E","T","?","R","?","R","M","R","BOSS","M","?","?","?","?","E","R","E","T","E","R","?","$","M","R","BOSS"],"build_version":"2019-07-17","purchased_purges":0,"victory":false,"max_hp_per_floor":[70,75,75,75,75,75,75,75,89,89,89,89,89,89,89,89,89,89,89,89,89,89,89,89,89,89,96,96,96,96,96,96,96],"card_choices":[{"not_picked":["Reflex","Crippling Poison"],"picked":"Backflip","floor":1.0},{"not_picked":["Catalyst","Acrobatics"],"picked":"Backstab","floor":3.0},{"not_picked":["Underhanded Strike","Bane"],"picked":"Deadly Poison","floor":5.0},{"not_picked":["Backflip","Dodge and Roll"],"picked":"Slice","floor":6.0},{"not_picked":["Unload","After Image"],"picked":"Blur","floor":8.0},{"not_picked":["Slice","Backflip"],"picked":"Dodge and Roll","floor":12.0},{"not_picked":["Backstab","Tools of the Trade"],"picked":"Quick Slash","floor":14.0},{"not_picked":["Night Terror","Grand Finale"],"picked":"Corpse Explosion","floor":16.0},{"not_picked":["Dagger Spray","Tactician"],"picked":"Prepared+1","floor":18.0},{"not_picked":["Quick Slash","All Out Attack"],"picked":"Cloak And Dagger","floor":22.0},{"not_picked":["Prepared","Heel Hook"],"picked":"Backflip","floor":23.0},{"not_picked":["Underhanded Strike+1","Flying Knee"],"picked":"Bullet Time","floor":25.0},{"not_picked":["Setup","Acrobatics"],"picked":"Flying Knee","floor":27.0},{"not_picked":["Poisoned Stab","Riddle With Holes"],"picked":"PiercingWail","floor":31.0}],"player_experience":526064,"relics_obtained":[{"floor":6.0,"key":"Dodecahedron"},{"floor":8.0,"key":"WingedGreaves"},{"floor":9.0,"key":"Mango"},{"floor":20.0,"key":"Bag of Marbles"},{"floor":23.0,"key":"The Courier"},{"floor":25.0,"key":"Tiny Chest"},{"floor":26.0,"key":"Omamori"},{"floor":27.0,"key":"Strawberry"}],"event_choices":[{"damage_healed":0.0,"max_hp_gain":5.0,"max_hp_loss":0.0,"gold_gain":0.0,"event_name":"Big Fish","player_choice":"Donut","floor":2.0,"gold_loss":0.0,"damage_taken":0.0},{"cards_removed":["Defend_G"],"damage_healed":0.0,"max_hp_gain":0.0,"max_hp_loss":0.0,"gold_gain":0.0,"event_name":"Golden Wing","player_choice":"Card Removal","floor":4.0,"gold_loss":0.0,"damage_taken":7.0},{"damage_healed":0.0,"max_hp_gain":0.0,"max_hp_loss":0.0,"gold_gain":0.0,"event_name":"Shining Light","player_choice":"Entered Light","floor":10.0,"gold_loss":0.0,"damage_taken":18.0,"cards_upgraded":["Strike_G","Defend_G"]},{"damage_healed":0.0,"max_hp_gain":0.0,"max_hp_loss":0.0,"gold_gain":0.0,"cards_transformed":["Masterful Stab","Heel Hook"],"event_name":"Drug Dealer","player_choice":"Became Test Subject","floor":19.0,"gold_loss":0.0,"damage_taken":0.0,"cards_obtained":["Dagger Throw","Adrenaline"]},{"damage_healed":0.0,"max_hp_gain":0.0,"max_hp_loss":0.0,"gold_gain":0.0,"event_name":"Addict","player_choice":"Obtained Relic","floor":21.0,"gold_loss":85.0,"damage_taken":0.0,"relics_obtained":["Lantern"]},{"damage_healed":0.0,"max_hp_gain":0.0,"max_hp_loss":0.0,"gold_gain":0.0,"event_name":"Beggar","player_choice":"Ignored","floor":29.0,"gold_loss":0.0,"damage_taken":0.0}],"is_beta":false,"boss_relics":[{"not_picked":["Calling Bell","Lizard Tail"],"picked":"Pandora\u0027s Box"}],"items_purged_floors":[],"is_endless":false,"potions_floor_spawned":[1,5,6,16,22],"killed_by":"Champ","ascension_level":12}