{"gold_per_floor":[20,32,48,48,48,60,97,128,166,178,190,47,47,68,68,192,192,206,206,206,219,144,144],"floor_reached":23,"playtime":623,"items_purged":["Defend_B"],"score":281,"play_id":"ecf523bc-294e-4c0f-9fff-0a2c19c20f50","local_time":"20181231131643","is_ascension_mode":true,"campfire_choices":[{"data":"Dualcast","floor":6.0,"key":"SMITH"},{"data":"Zap","floor":10.0,"key":"SMITH"},{"floor":13.0,"key":"REST"},{"data":"Chaos","floor":15.0,"key":"SMITH"}],"neow_cost":"NO_GOLD","seed_source_timestamp":934033947712753,"circlet_count":0,"master_deck":["AscendersBane","Strike_B","Strike_B","Defend_B","Defend_B","Defend_B","Zap+1","Dualcast+1","Auto Shields+1","Chaos+1","Thunder Strike","Redo"],"special_seed":0,"relics":["Cracked Core","Golden Idol","MawBank","Bag of Preparation","Bronze Scales","Sozu"],"potions_floor_usage":[23],"damage_taken":[{"damage":3.0,"enemies":"Small Slimes","floor":1.0,"turns":3.0},{"damage":2.0,"enemies":"2 Louse","floor":2.0,"turns":2.0},{"damage":1.0,"enemies":"Cultist","floor":3.0,"turns":3.0},{"damage":15.0,"enemies":"Large Slime","floor":7.0,"turns":7.0},{"damage":9.0,"enemies":"Exordium Wildlife","floor":8.0,"turns":5.0},{"damage":0.0,"enemies":"Exordium Thugs","floor":14.0,"turns":5.0},{"damage":34.0,"enemies":"Slime Boss","floor":16.0,"turns":9.0},{"damage":0.0,"enemies":"3 Byrds","floor":18.0,"turns":3.0},{"damage":23.0,"enemies":"2 Thieves","floor":21.0,"turns":4.0},{"damage":41,"enemies":"Book of Stabbing","floor":23,"turns":6}],"seed_played":"763226176253110407","potions_obtained":[{"floor":2.0,"key":"LiquidBronze"},{"floor":7.0,"key":"AttackPotion"},{"floor":16.0,"key":"PowerPotion"}],"is_trial":false,"path_per_floor":["M","M","M","?","?","R","M","M","T","R","?","$","R","M","R","B",null,"M","$","?","M","$","E"],"character_chosen":"DEFECT","items_purchased":["Bronze Scales"],"campfire_rested":1,"item_purchase_floors":[12],"current_hp_per_floor":[65,63,62,62,62,62,47,38,38,38,38,38,58,58,58,24,58,58,58,58,35,35,0],"gold":144,"neow_bonus":"REMOVE_TWO","is_prod":false,"is_daily":false,"chose_seed":false,"campfire_upgraded":3,"win_rate":0,"timestamp":1546258603,"path_taken":["M","M","M","?","?","R","?","M","T","R","?","?","R","M","R","BOSS","M","$","?","M","$","E"],"build_version":"2018-12-20","purchased_purges":1,"victory":false,"max_hp_per_floor":[75,75,75,69,69,69,69,69,69,69,69,69,69,69,69,69,69,69,69,69,69,69,69],"card_choices":[{"not_picked":["Conserve Battery","Go for the Eyes","Streamline"],"picked":"SKIP","floor":1.0},{"not_picked":["Reinforced Body","Stack","Chill"],"picked":"SKIP","floor":2.0},{"not_picked":["Compile Driver","Recycle"],"picked":"Auto Shields","floor":3.0},{"not_picked":["Turbo","Reinforced Body","Sweeping Beam"],"picked":"SKIP","floor":7.0},{"not_picked":["Turbo","Meteor Strike","Beam Cell"],"picked":"SKIP","floor":8.0},{"not_picked":["Leap","Turbo"],"picked":"Chaos","floor":14.0},{"not_picked":["Seek","Amplify"],"picked":"Thunder Strike","floor":16.0},{"not_picked":["Sweeping Beam","Beam Cell","Hello World"],"picked":"SKIP","floor":18.0},{"not_picked":["Sweeping Beam+1","Steam+1"],"picked":"Redo","floor":21.0}],"player_experience":370615,"relics_obtained":[{"floor":9.0,"key":"Bag of Preparation"}],"event_choices":[{"damage_healed":0.0,"max_hp_gain":0.0,"max_hp_loss":6.0,"gold_gain":0.0,"event_name":"Golden Idol","player_choice":"Lose Max HP","floor":4.0,"gold_loss":0.0,"damage_taken":0.0,"relics_obtained":["Golden Idol"]},{"damage_healed":0.0,"max_hp_gain":0.0,"max_hp_loss":0.0,"gold_gain":0.0,"event_name":"WeMeetAgain","player_choice":"Gave Potion","floor":5.0,"gold_loss":0.0,"damage_taken":0.0,"relics_obtained":["MawBank"]},{"damage_healed":0.0,"max_hp_gain":0.0,"max_hp_loss":0.0,"gold_gain":0.0,"event_name":"Living Wall","player_choice":"Grow","floor":11.0,"gold_loss":0.0,"damage_taken":0.0,"cards_upgraded":["Auto Shields"]},{"damage_healed":0.0,"max_hp_gain":0.0,"max_hp_loss":0.0,"gold_gain":0.0,"event_name":"Vampires","player_choice":"Ignored","floor":20.0,"gold_loss":0.0,"damage_taken":0.0}],"is_beta":false,"boss_relics":[{"not_picked":["Runic Dome","Philosopher\u0027s Stone"],"picked":"Sozu"}],"items_purged_floors":[22],"is_endless":false,"potions_floor_spawned":[2,7,16,18,21],"killed_by":"Book of Stabbing","ascension_level":11}