{"gold_per_floor":[112,112,125,125,125,125,165,165,165,190,216,235,248,266,266,389,389,407,407,432,455,468,468,117,156,156,156,156,180,200,218,218,218],"floor_reached":33,"playtime":1336,"items_purged":["PanicButton"],"score":271,"play_id":"1246a0fe-77a9-418a-ba2c-7529a15dc9d8","local_time":"20190212142020","is_ascension_mode":false,"campfire_choices":[{"data":"Anger","floor":6,"key":"SMITH"},{"floor":8,"key":"REST"},{"data":"Demon Form","floor":15,"key":"SMITH"},{"data":"Inflame","floor":23,"key":"SMITH"},{"data":"Metallicize","floor":28,"key":"SMITH"},{"floor":32,"key":"REST"}],"neow_cost":"PERCENT_DAMAGE","seed_source_timestamp":139358961358901,"circlet_count":0,"master_deck":["Strike_R","Strike_R","Strike_R","Strike_R","Strike_R","Defend_R","Defend_R+1","Defend_R","Defend_R","Swift Strike","Anger+1","Reckless Charge","Bloodletting+1","Battle Trance","Metallicize+1","Shrug It Off","Demon Form+1","Feed","Clash","Inflame+1","Poisoned Strike","Forethought","Forethought","hubris:Fate","Rage+1","Life Link"],"relics":["Black Blood","Golden Idol","Garlic","infinitespire:WardingShard","Odd Mushroom","Bronze Scales","ReplayTheSpireMod:ShopPack","Paper Frog","Calipers"],"potions_floor_usage":[12,12,22,25,31],"damage_taken":[{"damage":6,"enemies":"Jaw Worm","floor":1,"turns":5},{"damage":0,"enemies":"Small Slimes","floor":3,"turns":3},{"damage":41,"enemies":"Gremlin Nob","floor":7,"turns":5},{"damage":0,"enemies":"Cultist","floor":10,"turns":3},{"damage":9,"enemies":"The Mushroom Lair","floor":11,"turns":5},{"damage":18,"enemies":"Large Slime","floor":12,"turns":7},{"damage":0,"enemies":"3 Louse","floor":13,"turns":3},{"damage":8,"enemies":"Gremlin Gang","floor":14,"turns":4},{"damage":24,"enemies":"The Guardian","floor":16,"turns":9},{"damage":0,"enemies":"3 Byrds","floor":18,"turns":8},{"damage":9,"enemies":"Shell Parasite","floor":20,"turns":6},{"damage":18,"enemies":"3 Cultists","floor":21,"turns":6},{"damage":54,"enemies":"Sentry and Sphere","floor":22,"turns":12},{"damage":29,"enemies":"Nightmare","floor":25,"turns":7},{"damage":8,"enemies":"Snake Plant","floor":29,"turns":5},{"damage":5,"enemies":"Centurion and Healer","floor":30,"turns":5},{"damage":3,"enemies":"Snecko","floor":31,"turns":5},{"damage":56,"enemies":"hubris:MusketHawk","floor":33,"turns":7}],"seed_played":"2193462725763882668","potions_obtained":[{"floor":1,"key":"Energy Potion"},{"floor":11,"key":"Swift Potion"},{"floor":13,"key":"Ancient Potion"},{"floor":18,"key":"LiquidBronze"},{"floor":19,"key":"Flashbang"},{"floor":22,"key":"PowerPotion"},{"floor":29,"key":"SkillPotion"}],"is_trial":false,"path_per_floor":["M","?","M","?","?","R","E","R","T","M","?","M","M","M","R","B",null,"M","?","M","M","M","R","$","NM","T","?","R","M","M","M","R","B"],"character_chosen":"IRONCLAD","items_purchased":["Bronze Scales","ReplayTheSpireMod:ShopPack"],"campfire_rested":2,"item_purchase_floors":[24,24],"current_hp_per_floor":[56,56,62,62,42,42,7,31,31,37,34,22,28,26,26,8,80,80,80,80,75,34,34,34,15,15,15,15,17,22,29,54,0],"gold":218,"neow_bonus":"RANDOM_COLORLESS_2","is_prod":false,"is_daily":false,"chose_seed":false,"campfire_upgraded":4,"win_rate":0,"timestamp":1549999220,"path_taken":["M","?","M","?","?","R","E","R","T","M","?","M","M","?","R","BOSS","M","?","M","M","?","R","$","NM","T","?","R","M","M","M","R","BOSS"],"build_version":"2019-01-23","purchased_purges":1,"victory":false,"max_hp_per_floor":[80,80,80,80,80,80,80,80,80,80,80,80,80,80,80,80,80,80,80,80,83,86,86,86,86,86,86,86,86,86,86,86,86],"card_choices":[{"not_picked":["Cleave","Clash"],"picked":"Anger","floor":1},{"not_picked":["Rage","Replay:Undeath\u0027s Touch"],"picked":"Reckless Charge","floor":3},{"not_picked":["ReplayReversal","Havoc"],"picked":"Battle Trance","floor":7},{"not_picked":["Heavy Blade","Dropkick","ReplayTheSpireMod:Strike From Hell"],"picked":"SKIP","floor":10},{"not_picked":["Rampage","Heavy Blade"],"picked":"Metallicize","floor":11},{"not_picked":["Replay:Undeath\u0027s Touch","Flex"],"picked":"Shrug It Off","floor":12},{"not_picked":["Sentinel","Shockwave"],"picked":"Demon Form","floor":13},{"not_picked":["Headbutt","Iron Wave","Infernal Blade"],"picked":"SKIP","floor":14},{"not_picked":["hubris:StunningStrike","Offering"],"picked":"Feed","floor":16},{"not_picked":["Flex","Warcry"],"picked":"Clash","floor":18},{"not_picked":["Uppercut+1","Anger","Replay:Undeath\u0027s Touch"],"picked":"SKIP","floor":20},{"not_picked":["Warcry","Headbutt","Wild Strike"],"picked":"SKIP","floor":21},{"not_picked":["Disarm","Replay:Many Hands"],"picked":"Inflame","floor":22},{"not_picked":["Midas Touch","The Bomb"],"picked":"Poisoned Strike","floor":24},{"not_picked":["Magnetism","Madness"],"picked":"Forethought","floor":24},{"not_picked":["Magnetism","Chrysalis"],"picked":"Forethought","floor":24},{"not_picked":["hubris:InfiniteBlow","infinitespire:Fortify"],"picked":"hubris:Fate","floor":25},{"not_picked":["Combust","Clash","Armaments"],"picked":"SKIP","floor":25},{"not_picked":["Thunderclap","Warcry","Wild Strike"],"picked":"SKIP","floor":29},{"not_picked":["Cleave","Disarm"],"picked":"Rage+1","floor":30},{"not_picked":["ReplayTheSpireMod:Strike From Hell","Iron Wave"],"picked":"Life Link","floor":31}],"player_experience":688008,"relics_obtained":[{"floor":7,"key":"Garlic"},{"floor":9,"key":"infinitespire:WardingShard"},{"floor":11,"key":"Odd Mushroom"},{"floor":25,"key":"Paper Frog"},{"floor":26,"key":"Calipers"}],"event_choices":[{"damage_healed":0,"gold_gain":0,"player_choice":"Take Damage","damage_taken":20,"relics_obtained":["Golden Idol"],"max_hp_gain":0,"max_hp_loss":0,"event_name":"Golden Idol","floor":5,"gold_loss":0},{"damage_healed":0,"gold_gain":0,"player_choice":"Fought Mushrooms","damage_taken":0,"max_hp_gain":0,"max_hp_loss":0,"event_name":"Mushrooms","floor":11,"gold_loss":0},{"damage_healed":0,"gold_gain":0,"player_choice":"Got Potions","damage_taken":0,"max_hp_gain":0,"max_hp_loss":0,"event_name":"Lab","floor":19,"gold_loss":0},{"damage_healed":0,"gold_gain":0,"player_choice":"Ignored","damage_taken":0,"max_hp_gain":0,"max_hp_loss":0,"event_name":"Ghosts","floor":27,"gold_loss":0}],"is_beta":false,"boss_relics":[{"not_picked":["Snecko Eye","Calling Bell"],"picked":"Black Blood"}],"items_purged_floors":[24],"is_endless":false,"potions_floor_spawned":[1,11,13,18,22,29,30],"killed_by":"hubris:MusketHawk","ascension_level":0}