{"gold_per_floor":[114,27,27,42,42,72,72,87,87,87,102,132,15,30,30,130,130,145,1,1,316,331,361,361],"floor_reached":24,"playtime":1050,"items_purged":["Strike_R","Strike_R"],"score":251,"play_id":"f5be3d94-2267-4e49-acdc-35976b214ea1","local_time":"20190403205512","daily_mods":["Specialized","Vintage","Binary"],"is_ascension_mode":false,"campfire_choices":[{"data":"Heavy Blade","floor":7.0,"key":"SMITH"},{"data":"Perfected Strike","floor":10.0,"key":"SMITH"},{"floor":15.0,"key":"REST"}],"neow_cost":"","seed_source_timestamp":0,"circlet_count":0,"master_deck":["Strike_R","Strike_R","Strike_R","Defend_R","Defend_R","Defend_R","Defend_R","Bash","Warcry","Warcry","Warcry","Warcry","Inflame+1","Heavy Blade+1","Perfected Strike+1","Perfected Strike","Fire Breathing","Double Tap","Inflame","Flex","Entrench"],"special_seed":17990,"relics":["Burning Blood","Vajra","Smiling Mask","NlothsMask","Gremlin Horn","Question Card","Bronze Scales","Blood Vial","Regal Pillow","Sozu","Pen Nib","Incense Burner","Old Coin","Turnip","Girya"],"potions_floor_usage":[16,16,18],"damage_taken":[{"damage":6.0,"enemies":"Jaw Worm","floor":1.0,"turns":4.0},{"damage":0.0,"enemies":"Cultist","floor":4.0,"turns":3.0},{"damage":31.0,"enemies":"Lagavulin","floor":6.0,"turns":5.0},{"damage":10.0,"enemies":"2 Louse","floor":8.0,"turns":3.0},{"damage":24.0,"enemies":"Lots of Slimes","floor":11.0,"turns":5.0},{"damage":31.0,"enemies":"Gremlin Nob","floor":12.0,"turns":4.0},{"damage":10.0,"enemies":"Looter","floor":14.0,"turns":3.0},{"damage":35,"enemies":"Hexaghost","floor":16,"turns":8},{"damage":24,"enemies":"Shell Parasite","floor":18,"turns":4},{"damage":10,"enemies":"Chosen","floor":21,"turns":4},{"damage":36,"enemies":"Shelled Parasite and Fungi","floor":22,"turns":5},{"damage":35,"enemies":"Book of Stabbing","floor":23,"turns":5},{"damage":21,"enemies":"Snake Plant","floor":24,"turns":1}],"seed_played":"-293968740941532516","potions_obtained":[{"floor":1.0,"key":"Regen Potion"},{"floor":12.0,"key":"SpeedPotion"},{"floor":14.0,"key":"SteroidPotion"},{"floor":16,"key":"BloodPotion"}],"is_trial":false,"path_per_floor":["M","$","?","M","?","E","R","M","T","R","M","E","$","M","R","B",null,"M","$","?","M","M","E","M"],"character_chosen":"IRONCLAD","items_purchased":["Inflame","Heavy Blade","Fire Breathing","Inflame","Flex"],"campfire_rested":1,"item_purchase_floors":[2,2,13,19,19],"current_hp_per_floor":[80,80,80,80,80,60,60,56,56,56,38,13,13,11,50,23,80,70,70,70,68,40,13,0],"gold":361,"neow_bonus":"","is_prod":false,"is_daily":true,"chose_seed":false,"campfire_upgraded":2,"win_rate":0,"timestamp":1554350112,"path_taken":["M","$","?","M","?","E","R","M","T","R","?","E","?","M","R","BOSS","M","$","?","M","M","E","M"],"build_version":"2019-01-23","purchased_purges":2,"victory":false,"max_hp_per_floor":[80,80,80,80,80,80,80,80,80,80,80,80,80,80,80,80,80,80,80,80,80,80,80,80],"card_choices":[{"not_picked":["Bloodletting"],"picked":"Perfected Strike","floor":6.0},{"not_picked":["Anger","Twin Strike"],"picked":"Perfected Strike","floor":12.0},{"not_picked":["Fiend Fire","Immolate"],"picked":"Double Tap","floor":16},{"not_picked":["Perfected Strike","Warcry"],"picked":"Entrench","floor":23}],"player_experience":395790,"relics_obtained":[{"floor":1.0,"key":"Vajra"},{"floor":4.0,"key":"Smiling Mask"},{"floor":6.0,"key":"Gremlin Horn"},{"floor":8.0,"key":"Question Card"},{"floor":11.0,"key":"Bronze Scales"},{"floor":12.0,"key":"Blood Vial"},{"floor":14.0,"key":"Regal Pillow"},{"floor":18,"key":"Pen Nib"},{"floor":21,"key":"Old Coin"},{"floor":22,"key":"Turnip"},{"floor":23,"key":"Girya"}],"event_choices":[{"damage_healed":0.0,"max_hp_gain":0.0,"max_hp_loss":0.0,"gold_gain":0.0,"event_name":"Living Wall","player_choice":"Grow","floor":3.0,"gold_loss":0.0,"damage_taken":0.0,"cards_upgraded":["Inflame"]},{"damage_healed":0.0,"max_hp_gain":0.0,"max_hp_loss":0.0,"gold_gain":0.0,"event_name":"FaceTrader","player_choice":"Trade","floor":5.0,"gold_loss":0.0,"damage_taken":0.0,"relics_obtained":["NlothsMask"]},{"cards_removed":["Warcry"],"damage_healed":0,"gold_gain":0,"player_choice":"Gave Card","damage_taken":0,"relics_obtained":["Incense Burner"],"max_hp_gain":0,"max_hp_loss":0,"event_name":"WeMeetAgain","floor":20,"gold_loss":0}],"is_beta":false,"boss_relics":[{"not_picked":["Runic Dome","Velvet Choker"],"picked":"Sozu"}],"items_purged_floors":[13,19],"is_endless":false,"potions_floor_spawned":[1,12,14,16,21,22],"killed_by":"Snake Plant","ascension_level":0}