{"gold_per_floor":[109,123,123,123,94,124,124,74,149,160,160,171,171,196,196,298,298,316,37,50,70,30,45,57,57],"floor_reached":25,"playtime":701,"items_purged":[],"score":239,"play_id":"5b5d58e8-ccb4-4ee0-950d-b14bc8153af8","local_time":"20190127113101","is_ascension_mode":true,"campfire_choices":[{"data":"Deadly Poison","floor":7,"key":"SMITH"},{"data":"Deadly Poison","floor":13,"key":"SMITH"},{"floor":15,"key":"RECALL"}],"neow_cost":"NONE","seed_source_timestamp":505601334373015,"circlet_count":0,"master_deck":["Defend_G","Defend_G","Defend_G","Defend_G","Strike_G+1","Strike_G","Strike_G+1","Strike_G","Strike_G","Survivor","Neutralize","Deadly Poison+1","Deadly Poison+1","Outmaneuver","Poisoned Stab+1","Unload+1","Envenom","Leg Sweep","A Thousand Cuts","Quick Slash+1","Bane+1","Bane+1","Crippling Poison","Bane+1","Slice+1"],"relics":["Ring of the Snake","NeowsBlessing","Juzu Bracelet","Molten Egg 2","Anchor","Cursed Key","Happy Flower"],"potions_floor_usage":[16,16,18,25],"damage_taken":[{"damage":0,"enemies":"Jaw Worm","floor":1,"turns":1},{"damage":0,"enemies":"Small Slimes","floor":2,"turns":1},{"damage":0,"enemies":"Gremlin Nob","floor":6,"turns":1},{"damage":7,"enemies":"2 Louse","floor":10,"turns":3},{"damage":1,"enemies":"Blue Slaver","floor":12,"turns":3},{"damage":60,"enemies":"Slime Boss","floor":16,"turns":11},{"damage":15,"enemies":"3 Byrds","floor":18,"turns":5},{"damage":13,"enemies":"Spheric Guardian","floor":20,"turns":5},{"damage":4,"enemies":"Snake Plant","floor":21,"turns":3},{"damage":0,"enemies":"Cultist and Chosen","floor":23,"turns":4},{"damage":38,"enemies":"Shelled Parasite and Fungi","floor":24,"turns":4},{"damage":6,"enemies":"3 Cultists","floor":25,"turns":2}],"seed_played":"8268017671357959314","potions_obtained":[{"floor":2,"key":"Fire Potion"},{"floor":6,"key":"Poison Potion"},{"floor":18,"key":"Fruit Juice"},{"floor":24,"key":"Swift Potion"}],"is_trial":false,"path_per_floor":["M","M","?","?","?","E","R","?","T","M","?","M","R","T","R","B",null,"M","$","M","M","$","M","M","M"],"character_chosen":"THE_SILENT","items_purchased":["Happy Flower","A Thousand Cuts","Quick Slash+1","Crippling Poison"],"campfire_rested":0,"item_purchase_floors":[19,19,19,22],"current_hp_per_floor":[70,70,56,70,70,70,70,70,70,63,63,62,62,62,62,2,70,60,60,47,43,43,43,5,0],"gold":57,"neow_bonus":"THREE_ENEMY_KILL","is_prod":false,"is_daily":false,"chose_seed":false,"campfire_upgraded":2,"win_rate":0,"timestamp":1548617461,"path_taken":["M","M","?","?","?","E","R","?","T","M","?","M","R","?","R","BOSS","M","$","M","M","$","M","M","M"],"build_version":"2019-01-23","purchased_purges":0,"victory":false,"max_hp_per_floor":[70,70,70,70,70,70,70,70,70,70,70,70,70,70,70,70,70,75,75,75,75,75,75,75,75],"card_choices":[{"not_picked":["PiercingWail","Well Laid Plans"],"picked":"Deadly Poison","floor":1},{"not_picked":["Setup","Outmaneuver"],"picked":"Deadly Poison","floor":2},{"not_picked":["Tactician","Masterful Stab"],"picked":"Outmaneuver","floor":6},{"not_picked":["Dagger Spray+1","Underhanded Strike+1"],"picked":"Poisoned Stab+1","floor":10},{"not_picked":["Tactician","PiercingWail"],"picked":"Unload+1","floor":12},{"not_picked":["Malaise","Storm of Steel"],"picked":"Envenom","floor":16},{"not_picked":["Finisher+1","Backflip"],"picked":"Leg Sweep","floor":18},{"not_picked":["Terror","Prepared"],"picked":"Bane+1","floor":20},{"not_picked":["PiercingWail","All Out Attack+1"],"picked":"Bane+1","floor":21},{"not_picked":["Dodge and Roll+1","Dagger Spray+1"],"picked":"Bane+1","floor":23},{"not_picked":["Dagger Throw+1","Accuracy"],"picked":"Slice+1","floor":24}],"player_experience":342410,"relics_obtained":[{"floor":6,"key":"Juzu Bracelet"},{"floor":9,"key":"Molten Egg 2"}],"event_choices":[{"damage_healed":0,"gold_gain":0,"player_choice":"Entered Light","damage_taken":14,"max_hp_gain":0,"max_hp_loss":0,"event_name":"Shining Light","floor":3,"gold_loss":0,"cards_upgraded":["Strike_G","Strike_G"]},{"damage_healed":23,"gold_gain":0,"player_choice":"Banana","damage_taken":0,"max_hp_gain":0,"max_hp_loss":0,"event_name":"Big Fish","floor":4,"gold_loss":0},{"damage_healed":0,"gold_gain":0,"player_choice":"Left Gold","damage_taken":0,"max_hp_gain":0,"max_hp_loss":0,"event_name":"World of Goop","floor":5,"gold_loss":29},{"cards_removed":["Defend_G"],"damage_healed":0,"gold_gain":0,"player_choice":"Card Removal","damage_taken":0,"max_hp_gain":0,"max_hp_loss":0,"event_name":"The Cleric","floor":8,"gold_loss":50},{"damage_healed":0,"gold_gain":0,"player_choice":"Searched \u00271\u0027 times","damage_taken":0,"relics_obtained":["Anchor"],"max_hp_gain":0,"max_hp_loss":0,"event_name":"Dead Adventurer","floor":11,"gold_loss":0}],"is_beta":false,"boss_relics":[{"not_picked":["Philosopher\u0027s Stone","Empty Cage"],"picked":"Cursed Key"}],"items_purged_floors":[],"is_endless":false,"potions_floor_spawned":[2,6,18,24],"killed_by":"3 Cultists","ascension_level":1}