{"gold_per_floor":[218,62,62,12,12,12,27,27,27,42,217,143,218,236,236,341,341,358,378,378,392,392,392,172,185,185,285,2,16,16,31,31,127,127,145,157,157,177,188,188,188,200,225,239,250,250,263,279,279,279],"floor_reached":50,"playtime":3622,"items_purged":[],"score":488,"play_id":"00f5c578-f36f-4985-b8c7-f78394238b92","local_time":"20181207162849","is_ascension_mode":false,"campfire_choices":[{"data":"Poisoned Stab","floor":6,"key":"SMITH"},{"data":"Noxious Fumes","floor":8,"key":"SMITH"},{"floor":15,"key":"REST"},{"floor":23,"key":"REST"},{"floor":32,"key":"REST"},{"floor":40,"key":"REST"},{"floor":49,"key":"REST"}],"neow_cost":"NONE","seed_source_timestamp":235539567853016,"circlet_count":0,"master_deck":["Defend_G","Defend_G","Defend_G","Defend_G","Defend_G","Strike_G","Strike_G","Strike_G","Strike_G","Strike_G","Survivor","Neutralize","Poisoned Stab+1","Flying Knee","Deflect","Noxious Fumes+1","Sucker Punch","Caltrops","Dash+1","Dagger Spray+1","Deadly Poison+1","Bane+1","Venomology+1","Quick Slash+1","Catalyst+1","Iron Wave","Deadly Poison+1","Backstab+1","Infinite Blades","Dramatic Entrance+1","Crippling Poison+1","Slice+1","Phantasmal Killer+1","Outmaneuver+1","Backstab+1","Poisoned Stab+1","Flying Knee+1","Deflect+1","Terror+1","Masterful Stab+1","Writhe","Die Die Die+1","Deflect+1","Die Die Die+1","Flechettes+1","Dagger Spray+1","Adrenaline+1","Doubt","Deadly Poison+1"],"relics":["Ring of the Snake","Toxic Egg 2","Molten Egg 2","Runic Pyramid","Vajra","Bottled Tornado","ClockworkSouvenir","Orrery","Oddly Smooth Stone"],"potions_floor_usage":[14,18,19,21,21,25,31,33,33,33,50,50],"damage_taken":[{"damage":0,"enemies":"Jaw Worm","floor":1,"turns":6},{"damage":0,"enemies":"2 Louse","floor":7,"turns":2},{"damage":10,"enemies":"Small Slimes","floor":10,"turns":5},{"damage":8,"enemies":"2 Fungi Beasts","floor":14,"turns":3},{"damage":46,"enemies":"The Guardian","floor":16,"turns":9},{"damage":13,"enemies":"Spheric Guardian","floor":18,"turns":6},{"damage":8,"enemies":"Chosen","floor":19,"turns":4},{"damage":9,"enemies":"Shelled Parasite and Fungi","floor":21,"turns":3},{"damage":28,"enemies":"3 Cultists","floor":25,"turns":4},{"damage":2,"enemies":"Snecko","floor":29,"turns":3},{"damage":10,"enemies":"Cultist and Chosen","floor":31,"turns":4},{"damage":19,"enemies":"Automaton","floor":33,"turns":5},{"damage":30,"enemies":"3 Darklings","floor":35,"turns":4},{"damage":38,"enemies":"3 Shapes","floor":36,"turns":3},{"damage":0,"enemies":"Transient","floor":38,"turns":5},{"damage":8,"enemies":"Sphere and 2 Shapes","floor":39,"turns":3},{"damage":12,"enemies":"4 Shapes","floor":42,"turns":3},{"damage":10,"enemies":"Maw","floor":44,"turns":5},{"damage":12,"enemies":"Spire Growth","floor":45,"turns":4},{"damage":10,"enemies":"Sphere and 2 Shapes","floor":47,"turns":5},{"damage":2,"enemies":"Transient","floor":48,"turns":5},{"damage":87,"enemies":"Donu and Deca","floor":50,"turns":5}],"seed_played":"1315084816556640959","potions_obtained":[{"floor":7,"key":"Dexterity Potion"},{"floor":10,"key":"Regen Potion"},{"floor":19,"key":"SkillPotion"},{"floor":29,"key":"Strength Potion"},{"floor":35,"key":"AttackPotion"},{"floor":45,"key":"GhostInAJar"}],"is_trial":false,"path_per_floor":["M","$","?","$","?","R","M","R","T","M","?","$","?","M","R","B",null,"M","M","?","M","?","R","$","M","T","?","$","M","$","M","R","B",null,"M","M","?","M","M","R","?","M","T","M","M","?","M","M","R","B"],"character_chosen":"THE_SILENT","items_purchased":["Flying Knee","Deflect","Noxious Fumes","Sucker Punch","Dagger Spray+1","Deadly Poison+1","Vajra","Backstab+1","ClockworkSouvenir","Dramatic Entrance+1"],"campfire_rested":5,"item_purchase_floors":[2,2,2,4,12,12,24,24,28,28],"current_hp_per_floor":[70,70,70,70,58,58,58,58,58,48,48,48,37,38,59,13,70,57,49,49,40,27,49,49,21,21,21,21,19,19,9,31,12,75,45,7,26,26,18,40,40,28,28,18,6,75,65,63,75,0],"gold":279,"neow_bonus":"HUNDRED_GOLD","is_prod":false,"is_daily":false,"chose_seed":false,"campfire_upgraded":2,"win_rate":0.0,"timestamp":1544228929,"path_taken":["M","$","?","$","?","R","M","R","T","M","?","$","?","M","R","BOSS","M","M","?","?","?","R","$","M","T","?","$","?","?","M","R","BOSS","M","M","?","M","M","R","?","M","T","M","?","?","M","M","R","BOSS"],"build_version":"2018-12-06","purchased_purges":0,"victory":false,"max_hp_per_floor":[70,70,70,70,70,70,70,70,70,70,70,70,70,70,70,70,70,70,70,70,70,75,75,75,75,75,75,75,75,75,75,75,75,75,75,75,75,75,75,75,75,75,75,75,75,75,75,75,75,75],"card_choices":[{"not_picked":["Underhanded Strike","Blade Dance"],"picked":"Poisoned Stab","floor":1},{"not_picked":["Predator","Acrobatics+1"],"picked":"Caltrops","floor":7},{"not_picked":["Deadly Poison+1","Leg Sweep+1"],"picked":"Dash+1","floor":10},{"not_picked":["Underhanded Strike+1","Acrobatics+1"],"picked":"Bane+1","floor":14},{"not_picked":["Glass Knife+1","Malaise+1"],"picked":"Venomology+1","floor":16},{"not_picked":["Poisoned Stab+1","Underhanded Strike+1"],"picked":"Quick Slash+1","floor":18},{"not_picked":["Bane+1","Accuracy+1"],"picked":"Catalyst+1","floor":19},{"not_picked":["Backflip+1","Cloak And Dagger+1"],"picked":"Deadly Poison+1","floor":21},{"not_picked":["Dodge and Roll+1","PiercingWail+1"],"picked":"Infinite Blades","floor":25},{"not_picked":["Quick Slash+1","Riddle With Holes+1"],"picked":"Crippling Poison+1","floor":29},{"not_picked":["Acrobatics+1","Blur+1"],"picked":"Slice+1","floor":31},{"not_picked":["Malaise+1","Die Die Die+1"],"picked":"Phantasmal Killer+1","floor":33},{"not_picked":["Escape Plan+1","Sucker Punch+1"],"picked":"Outmaneuver+1","floor":34},{"not_picked":["Infinite Blades","Flechettes+1"],"picked":"Backstab+1","floor":34},{"not_picked":["All Out Attack+1","Leg Sweep+1"],"picked":"Poisoned Stab+1","floor":34},{"not_picked":["Prepared+1","Crippling Poison+1"],"picked":"Flying Knee+1","floor":34},{"not_picked":["Backflip+1","Accuracy+1"],"picked":"Deflect+1","floor":34},{"not_picked":["Prepared+1","Quick Slash+1"],"picked":"Terror+1","floor":35},{"not_picked":["Backflip+1","Choke+1"],"picked":"Masterful Stab+1","floor":36},{"not_picked":["Dagger Spray+1","Predator+1"],"picked":"Die Die Die+1","floor":38},{"not_picked":["Infinite Blades","Distraction+1"],"picked":"Deflect+1","floor":39},{"not_picked":["Poisoned Stab+1","Dagger Throw+1"],"picked":"Flechettes+1","floor":42},{"not_picked":["Riddle With Holes+1","Prepared+1"],"picked":"Dagger Spray+1","floor":44},{"not_picked":["Quick Slash+1","Bane+1"],"picked":"Adrenaline+1","floor":45},{"not_picked":["Setup+1","Well Laid Plans+1"],"picked":"Deadly Poison+1","floor":47},{"not_picked":["Calculated Gamble+1","Dagger Spray+1","Riddle With Holes+1"],"picked":"SKIP","floor":48}],"player_experience":142149,"relics_obtained":[{"floor":9,"key":"Molten Egg 2"},{"floor":26,"key":"Bottled Tornado"},{"floor":43,"key":"Oddly Smooth Stone"}],"event_choices":[{"damage_healed":0,"gold_gain":0,"player_choice":"Leave","damage_taken":0,"max_hp_gain":0,"max_hp_loss":0,"event_name":"The Cleric","floor":3,"gold_loss":0},{"damage_healed":0,"gold_gain":0,"player_choice":"Success","damage_taken":12,"relics_obtained":["Toxic Egg 2"],"max_hp_gain":0,"max_hp_loss":0,"event_name":"Scrap Ooze","floor":5,"gold_loss":0},{"damage_healed":0,"gold_gain":175,"player_choice":"AGREE","damage_taken":0,"max_hp_gain":0,"max_hp_loss":0,"event_name":"Liars Game","floor":11,"gold_loss":0,"cards_obtained":["Doubt"]},{"damage_healed":0,"gold_gain":75,"player_choice":"Gather Gold","damage_taken":11,"max_hp_gain":0,"max_hp_loss":0,"event_name":"World of Goop","floor":13,"gold_loss":0},{"cards_removed":["Doubt"],"damage_healed":0,"gold_gain":0,"player_choice":"Took Card","damage_taken":0,"max_hp_gain":0,"max_hp_loss":0,"event_name":"NoteForYourself","floor":20,"gold_loss":0,"cards_obtained":["Iron Wave"]},{"damage_healed":0,"gold_gain":0,"player_choice":"Shed Blood","damage_taken":18,"max_hp_gain":5,"max_hp_loss":0,"event_name":"Forgotten Altar","floor":22,"gold_loss":0},{"damage_healed":0,"gold_gain":100,"player_choice":"Pray","damage_taken":0,"max_hp_gain":0,"max_hp_loss":0,"event_name":"Golden Shrine","floor":27,"gold_loss":0},{"damage_healed":19,"gold_gain":0,"player_choice":"Writhe","damage_taken":0,"max_hp_gain":0,"max_hp_loss":0,"event_name":"Winding Halls","floor":37,"gold_loss":0,"cards_obtained":["Writhe"]},{"damage_healed":0,"gold_gain":0,"player_choice":"Copied","damage_taken":0,"max_hp_gain":0,"max_hp_loss":0,"event_name":"Duplicator","floor":41,"gold_loss":0,"cards_obtained":["Die Die Die"]},{"damage_healed":69,"gold_gain":0,"player_choice":"Heal","damage_taken":0,"max_hp_gain":0,"max_hp_loss":0,"event_name":"MindBloom","floor":46,"gold_loss":0,"cards_obtained":["Doubt"]}],"is_beta":false,"boss_relics":[{"not_picked":["Runic Dome","Cursed Key"],"picked":"Runic Pyramid"},{"not_picked":["Astrolabe","Velvet Choker"],"picked":"Orrery"}],"items_purged_floors":[],"is_endless":false,"potions_floor_spawned":[7,10,19,29,35,38,45,47,48],"killed_by":"Donu and Deca","ascension_level":0}