{"gold_per_floor":[119,294,36,56,69,69,104,104,128,128,138,149,34,34],"floor_reached":14,"playtime":509,"items_purged":["Strike_R"],"score":95,"play_id":"db761fa4-3782-435d-bd43-0254e0e011cc","local_time":"20190411211015","is_ascension_mode":true,"campfire_choices":[{"floor":6,"key":"REST"},{"data":"Rampage","floor":10,"key":"SMITH"}],"neow_cost":"NONE","seed_source_timestamp":182974423398816,"circlet_count":0,"master_deck":["Strike_R","Strike_R","Strike_R","Strike_R","Defend_R","Defend_R","Defend_R","Defend_R","Bash+1","Disarm","Rage","Rampage+1","Cleave","Armaments","Anger","Rampage"],"relics":["Burning Blood","Meat on the Bone","Bag of Marbles","Red Skull"],"potions_floor_usage":[5,7,7,7,12],"damage_taken":[{"damage":5,"enemies":"Cultist","floor":1,"turns":4},{"damage":8,"enemies":"2 Louse","floor":4,"turns":3},{"damage":11,"enemies":"Jaw Worm","floor":5,"turns":2},{"damage":35,"enemies":"Lagavulin","floor":7,"turns":6},{"damage":13,"enemies":"Large Slime","floor":11,"turns":5},{"damage":5,"enemies":"Looter","floor":12,"turns":3},{"damage":62,"enemies":"Gremlin Nob","floor":14,"turns":5}],"seed_played":"8616327092641989321","potions_obtained":[{"floor":4,"key":"Poison Potion"},{"floor":5,"key":"EntropicBrew"},{"floor":11,"key":"LiquidBronze"}],"is_trial":false,"path_per_floor":["M","?","$","M","M","R","E","?","T","R","M","M","$","E"],"character_chosen":"IRONCLAD","items_purchased":["Meat on the Bone","Rampage"],"campfire_rested":1,"item_purchase_floors":[3,13],"current_hp_per_floor":[80,80,80,78,73,80,51,44,44,44,49,50,50,0],"gold":34,"neow_bonus":"UPGRADE_CARD","is_prod":false,"is_daily":false,"chose_seed":false,"campfire_upgraded":1,"win_rate":0,"timestamp":1555042215,"path_taken":["M","?","$","M","M","R","E","?","T","R","M","M","$","E"],"build_version":"2019-01-23","purchased_purges":1,"victory":false,"max_hp_per_floor":[80,80,80,80,80,80,80,80,80,80,80,80,80,80],"card_choices":[{"not_picked":["Body Slam","Havoc"],"picked":"Disarm","floor":1},{"not_picked":["Clothesline","Twin Strike"],"picked":"Rage","floor":4},{"not_picked":["Clash","Burning Pact"],"picked":"Rampage","floor":5},{"not_picked":["Disarm","Headbutt"],"picked":"Cleave","floor":7},{"not_picked":["Wild Strike","Immolate"],"picked":"Armaments","floor":11},{"not_picked":["Armaments","Rampage"],"picked":"Anger","floor":12}],"player_experience":419176,"relics_obtained":[{"floor":7,"key":"Bag of Marbles"},{"floor":9,"key":"Red Skull"}],"event_choices":[{"damage_healed":0,"gold_gain":175,"player_choice":"AGREE","damage_taken":0,"max_hp_gain":0,"max_hp_loss":0,"event_name":"Liars Game","floor":2,"gold_loss":0,"cards_obtained":["Doubt"]},{"cards_removed":["Doubt"],"damage_healed":0,"gold_gain":0,"player_choice":"Card Removal","damage_taken":7,"max_hp_gain":0,"max_hp_loss":0,"event_name":"Golden Wing","floor":8,"gold_loss":0}],"is_beta":false,"boss_relics":[],"items_purged_floors":[13],"is_endless":false,"potions_floor_spawned":[4,5,11],"killed_by":"Gremlin Nob","ascension_level":1}