{"gold_per_floor":[110,4,24,24,24,24,24,44,44,77,77,110,125,150,150,150],"floor_reached":16,"playtime":469,"items_purged":[],"score":124,"play_id":"325567f6-4506-4df9-b0fb-f49dfea3d802","local_time":"20190329131741","is_ascension_mode":true,"campfire_choices":[{"data":"Deadly Poison","floor":7,"key":"SMITH"},{"floor":11,"key":"REST"},{"floor":15,"key":"REST"}],"neow_cost":"NONE","seed_source_timestamp":917702729982142,"circlet_count":0,"master_deck":["Defend_G","Defend_G","Defend_G","Defend_G","Strike_G","Strike_G","Strike_G","Strike_G","Survivor","Neutralize","Cloak And Dagger","Deadly Poison+1","Flying Knee","Skewer","Bane","Escape Plan","Outmaneuver","Deadly Poison","Bane"],"relics":["Ring of the Snake","NeowsBlessing","Torii","Art of War","Blood Vial","The Specimen"],"potions_floor_usage":[10,14],"damage_taken":[{"damage":0,"enemies":"2 Louse","floor":1,"turns":1},{"damage":0,"enemies":"Small Slimes","floor":3,"turns":1},{"damage":0,"enemies":"Cultist","floor":8,"turns":1},{"damage":21,"enemies":"Lagavulin","floor":10,"turns":5},{"damage":35,"enemies":"3 Sentries","floor":12,"turns":8},{"damage":9,"enemies":"Exordium Thugs","floor":13,"turns":4},{"damage":24,"enemies":"Gremlin Nob","floor":14,"turns":4},{"damage":35,"enemies":"Slime Boss","floor":16,"turns":3}],"seed_played":"-897865916124816798","potions_obtained":[{"floor":1,"key":"Fire Potion"},{"floor":8,"key":"SneckoOil"},{"floor":13,"key":"Regen Potion"}],"is_trial":false,"path_per_floor":["M","$","M","?","?","?","R","M","T","E","R","E","M","E","R","B"],"character_chosen":"THE_SILENT","items_purchased":["Deadly Poison","Flying Knee"],"campfire_rested":2,"item_purchase_floors":[2,2],"current_hp_per_floor":[70,70,70,63,63,63,63,63,63,42,63,28,21,11,32,0],"gold":150,"neow_bonus":"THREE_ENEMY_KILL","is_prod":false,"is_daily":false,"chose_seed":false,"campfire_upgraded":1,"win_rate":0,"timestamp":1553890661,"path_taken":["M","$","M","?","?","?","R","M","T","E","R","E","M","E","R","BOSS"],"build_version":"2019-01-23","purchased_purges":0,"victory":false,"max_hp_per_floor":[70,70,70,70,70,70,70,70,70,70,70,70,70,70,70,70],"card_choices":[{"not_picked":["Eviscerate","Quick Slash"],"picked":"Cloak And Dagger","floor":1},{"not_picked":["Backflip","Expertise"],"picked":"Skewer","floor":3},{"not_picked":["Escape Plan","Infinite Blades"],"picked":"Bane","floor":8},{"not_picked":["Accuracy","Slice"],"picked":"Escape Plan","floor":10},{"not_picked":["Slice","Adrenaline"],"picked":"Outmaneuver","floor":12},{"not_picked":["Flying Knee","Sucker Punch"],"picked":"Deadly Poison","floor":13},{"not_picked":["Underhanded Strike","Dodge and Roll"],"picked":"Bane","floor":14}],"player_experience":380510,"relics_obtained":[{"floor":9,"key":"Torii"},{"floor":10,"key":"Art of War"},{"floor":12,"key":"Blood Vial"},{"floor":14,"key":"The Specimen"}],"event_choices":[{"cards_removed":["Strike_G"],"damage_healed":0,"gold_gain":0,"player_choice":"Card Removal","damage_taken":7,"max_hp_gain":0,"max_hp_loss":0,"event_name":"Golden Wing","floor":4,"gold_loss":0},{"cards_removed":["Defend_G"],"damage_healed":0,"gold_gain":0,"player_choice":"Forget","damage_taken":0,"max_hp_gain":0,"max_hp_loss":0,"event_name":"Living Wall","floor":5,"gold_loss":0},{"damage_healed":0,"gold_gain":0,"player_choice":"Leave","damage_taken":0,"max_hp_gain":0,"max_hp_loss":0,"event_name":"The Cleric","floor":6,"gold_loss":0}],"is_beta":false,"boss_relics":[],"items_purged_floors":[],"is_endless":false,"potions_floor_spawned":[1,8,13],"killed_by":"Slime Boss","ascension_level":1}