{"gold_per_floor":[119,119,294,294,1,1,28,40,64,64,94,44,63,75,75,178,178,191,106,156,156,106,106,136,136,136,161,189,201,248,0,0,99,99,118,118,137,14,14,14,14,28,28,81,81,31,50,61,61,61,61,61,4,29,29],"floor_reached":56,"playtime":2189,"items_purged":["Doubt","Strike_R","Strike_R","Regret","Writhe"],"score":1407,"play_id":"a22710cb-d1fe-4bb4-953b-641c8cd32250","local_time":"20190505160901","is_ascension_mode":false,"campfire_choices":[{"data":"Master of Strategy","floor":6,"key":"SMITH"},{"data":"Iron Wave","floor":10,"key":"SMITH"},{"floor":15,"key":"RECALL"},{"data":"True Grit","floor":25,"key":"SMITH"},{"data":"Corruption","floor":29,"key":"SMITH"},{"data":"Juggernaut","floor":32,"key":"SMITH"},{"floor":40,"key":"DIG"},{"floor":45,"key":"REST"},{"floor":49,"key":"DIG"},{"floor":52,"key":"DIG"}],"neow_cost":"PERCENT_DAMAGE","seed_source_timestamp":4157504614146884,"circlet_count":0,"master_deck":["Defend_R","Defend_R","Defend_R","Defend_R","Bash","Body Slam+1","Master of Strategy+1","True Grit+1","Iron Wave+1","Rampage","Feed","Wild Strike+1","Shockwave+1","Feel No Pain+1","Power Through+1","Battle Trance","Seeing Red","Corruption+1","True Grit+1","Disarm","Juggernaut+1","Juggernaut","Clumsy","Corruption+1","Flame Barrier","Madness","Madness","Feel No Pain+1","Entrench+1","Havoc+1","Feel No Pain+1","Armaments"],"relics":["Burning Blood","PreservedInsect","Ornamental Fan","Strawberry","Smiling Mask","Astrolabe","Juzu Bracelet","Dead Branch","Mummified Hand","MawBank","FossilizedHelix","Calling Bell","Blood Vial","Frozen Egg 2","Shovel","The Courier","Unceasing Top","Vajra","Bottled Tornado","Red Skull"],"potions_floor_usage":[7,16,24,27,28,37,55,55],"damage_taken":[{"damage":11,"enemies":"Jaw Worm","floor":1,"turns":3},{"damage":6,"enemies":"Gremlin Nob","floor":7,"turns":3},{"damage":0,"enemies":"Small Slimes","floor":8,"turns":4},{"damage":5,"enemies":"3 Sentries","floor":11,"turns":8},{"damage":0,"enemies":"2 Louse","floor":13,"turns":3},{"damage":0,"enemies":"2 Fungi Beasts","floor":14,"turns":3},{"damage":47,"enemies":"The Guardian","floor":16,"turns":12},{"damage":27,"enemies":"Spheric Guardian","floor":18,"turns":6},{"damage":7,"enemies":"Slavers","floor":24,"turns":6},{"damage":6,"enemies":"Gremlin Leader","floor":27,"turns":9},{"damage":14,"enemies":"3 Byrds","floor":28,"turns":4},{"damage":1,"enemies":"Book of Stabbing","floor":30,"turns":3},{"damage":0,"enemies":"Champ","floor":33,"turns":2},{"damage":2,"enemies":"3 Darklings","floor":35,"turns":3},{"damage":7,"enemies":"3 Shapes","floor":37,"turns":4},{"damage":4,"enemies":"Sphere and 2 Shapes","floor":42,"turns":5},{"damage":66,"enemies":"2 Orb Walkers","floor":44,"turns":4},{"damage":8,"enemies":"3 Darklings","floor":47,"turns":4},{"damage":0,"enemies":"Spire Growth","floor":48,"turns":2},{"damage":0,"enemies":"Time Eater","floor":50,"turns":7},{"damage":12,"enemies":"Shield and Spear","floor":54,"turns":3},{"damage":22,"enemies":"The Heart","floor":55,"turns":5}],"seed_played":"3572849628063366545","potions_obtained":[{"floor":1,"key":"Energy Potion"},{"floor":7,"key":"Fire Potion"},{"floor":16,"key":"Ancient Potion"},{"floor":18,"key":"Energy Potion"},{"floor":24,"key":"Energy Potion"},{"floor":28,"key":"FearPotion"},{"floor":42,"key":"Fire Potion"},{"floor":48,"key":"SkillPotion"}],"is_trial":false,"path_per_floor":["M","?","?","?","$","R","E","M","T","R","E","$","M","M","R","B",null,"M","?","?","?","$","$","E","R","T","E","M","R","E","$","R","B",null,"M","?","M","$","?","R","?","M","T","?","R","$","M","M","R","B",null,"R","$","E","B",null],"character_chosen":"IRONCLAD","items_purchased":["Master of Strategy","PowerPotion","Disarm","Juggernaut","AttackPotion","Flame Barrier","Feel No Pain+1"],"campfire_rested":1,"item_purchase_floors":[5,5,31,31,31,38,53],"current_hp_per_floor":[67,67,67,60,60,60,60,66,73,73,74,74,80,86,86,45,103,82,82,82,82,82,82,81,81,81,81,73,73,78,78,78,84,103,103,103,105,105,92,92,92,96,96,38,69,69,69,77,77,85,106,106,106,103,89],"gold":29,"neow_bonus":"TWENTY_PERCENT_HP_BONUS","is_prod":false,"is_daily":false,"chose_seed":false,"campfire_upgraded":5,"win_rate":0,"timestamp":1557068941,"path_taken":["M","?","?","?","$","R","E","M","T","R","E","$","M","M","R","BOSS","M","?","?","?","?","$","E","R","T","E","M","R","E","$","R","BOSS","M","?","M","$","?","R","?","M","T","?","R","$","M","M","R","BOSS","R","$","E","BOSS"],"build_version":"2019-01-23","purchased_purges":5,"victory":true,"max_hp_per_floor":[96,96,96,96,96,96,96,96,103,103,103,103,103,103,103,103,103,103,103,103,103,103,103,103,103,103,103,103,103,103,103,103,103,103,103,103,106,106,106,106,106,106,106,106,106,106,106,106,106,106,106,106,106,109,109],"card_choices":[{"not_picked":["Hemokinesis","Ghostly Armor"],"picked":"Body Slam","floor":1},{"not_picked":["Flex","Power Through"],"picked":"True Grit","floor":7},{"not_picked":["True Grit","Havoc"],"picked":"Iron Wave","floor":8},{"not_picked":["Evolve","Intimidate","Berserk"],"picked":"SKIP","floor":11},{"not_picked":["Twin Strike","Iron Wave"],"picked":"Rampage","floor":13},{"not_picked":["Sword Boomerang","Rupture","Perfected Strike"],"picked":"SKIP","floor":14},{"not_picked":["Fiend Fire","Brutality"],"picked":"Feed","floor":16},{"not_picked":["Infernal Blade","Shrug It Off"],"picked":"Power Through+1","floor":18},{"not_picked":["Body Slam","Headbutt"],"picked":"Battle Trance","floor":24},{"not_picked":["Reckless Charge+1","Power Through"],"picked":"Seeing Red","floor":27},{"not_picked":["Body Slam","Flex"],"picked":"Corruption","floor":28},{"not_picked":["Cleave","Armaments"],"picked":"True Grit+1","floor":30},{"not_picked":["Exhume","Impervious"],"picked":"Juggernaut","floor":33},{"not_picked":["Spot Weakness","Headbutt+1"],"picked":"Corruption+1","floor":35},{"not_picked":["Searing Blow+1","Clothesline+1","Sword Boomerang+1"],"picked":"SKIP","floor":37},{"not_picked":["Thunderclap+1","Metallicize+1"],"picked":"Entrench+1","floor":42},{"not_picked":["Dual Wield+1","Pommel Strike"],"picked":"Havoc+1","floor":47},{"not_picked":["Thunderclap+1","Perfected Strike+1","Sword Boomerang"],"picked":"SKIP","floor":48},{"not_picked":["Heavy Blade","Pommel Strike+1"],"picked":"Armaments","floor":54}],"player_experience":815094,"relics_obtained":[{"floor":7,"key":"Ornamental Fan"},{"floor":9,"key":"Strawberry"},{"floor":11,"key":"Smiling Mask"},{"floor":24,"key":"Dead Branch"},{"floor":26,"key":"Mummified Hand"},{"floor":27,"key":"MawBank"},{"floor":30,"key":"FossilizedHelix"},{"floor":34,"key":"Blood Vial"},{"floor":34,"key":"Frozen Egg 2"},{"floor":34,"key":"Shovel"},{"floor":40,"key":"The Courier"},{"floor":44,"key":"Unceasing Top"},{"floor":49,"key":"Vajra"},{"floor":52,"key":"Bottled Tornado"},{"floor":54,"key":"Red Skull"}],"event_choices":[{"damage_healed":0,"gold_gain":0,"player_choice":"Grow","damage_taken":0,"max_hp_gain":0,"max_hp_loss":0,"event_name":"Living Wall","floor":2,"gold_loss":0,"cards_upgraded":["Body Slam"]},{"damage_healed":0,"gold_gain":175,"player_choice":"AGREE","damage_taken":0,"max_hp_gain":0,"max_hp_loss":0,"event_name":"Liars Game","floor":3,"gold_loss":0,"cards_obtained":["Doubt"]},{"damage_healed":0,"gold_gain":0,"player_choice":"Success","damage_taken":7,"relics_obtained":["PreservedInsect"],"max_hp_gain":0,"max_hp_loss":0,"event_name":"Scrap Ooze","floor":4,"gold_loss":0},{"damage_healed":0,"gold_gain":0,"player_choice":"Obtained Relic","damage_taken":0,"relics_obtained":["Juzu Bracelet"],"max_hp_gain":0,"max_hp_loss":0,"event_name":"Addict","floor":19,"gold_loss":85},{"damage_healed":0,"gold_gain":100,"player_choice":"Bet on Murderer","damage_taken":0,"max_hp_gain":0,"max_hp_loss":0,"event_name":"The Joust","floor":20,"gold_loss":50},{"damage_healed":0,"gold_gain":0,"player_choice":"Ignored","damage_taken":0,"max_hp_gain":0,"max_hp_loss":0,"event_name":"N\u0027loth","floor":21,"gold_loss":0},{"damage_healed":0,"gold_gain":0,"player_choice":"Ignored","damage_taken":0,"max_hp_gain":0,"max_hp_loss":0,"event_name":"Tomb of Lord Red Mask","floor":36,"gold_loss":0},{"damage_healed":0,"gold_gain":0,"player_choice":"Embrace Madness","damage_taken":13,"max_hp_gain":0,"max_hp_loss":0,"event_name":"Winding Halls","floor":39,"gold_loss":0,"cards_obtained":["Madness","Madness"]},{"damage_healed":0,"gold_gain":0,"player_choice":"Copied","damage_taken":0,"max_hp_gain":0,"max_hp_loss":0,"event_name":"Duplicator","floor":41,"gold_loss":0,"cards_obtained":["Feel No Pain"]},{"damage_healed":0,"gold_gain":0,"player_choice":"Fight","damage_taken":0,"max_hp_gain":0,"max_hp_loss":0,"event_name":"Mysterious Sphere","floor":44,"gold_loss":0}],"is_beta":false,"boss_relics":[{"not_picked":["Runic Dome","Philosopher\u0027s Stone"],"picked":"Astrolabe"},{"not_picked":["White Beast Statue","Empty Cage"],"picked":"Calling Bell"}],"items_purged_floors":[5,12,22,38,46],"is_endless":false,"potions_floor_spawned":[1,7,16,18,24,28,42,48],"ascension_level":0}