{"gold_per_floor":[109,184,184,31,50,50,73,73,73,73],"floor_reached":10,"playtime":383,"items_purged":["Shame"],"score":59,"play_id":"0e1f0318-4f5a-43eb-b7be-2cbe6049c900","local_time":"20190331215648","is_ascension_mode":true,"campfire_choices":[{"floor":6,"key":"REST"},{"data":"Crippling Poison","floor":8,"key":"SMITH"}],"neow_cost":"NONE","seed_source_timestamp":0,"circlet_count":0,"master_deck":["Defend_G","Defend_G","Defend_G","Defend_G","Defend_G","Strike_G","Strike_G","Strike_G","Strike_G","Strike_G","Survivor","Neutralize","Doubt","Clumsy","Distraction","Deadly Poison","Blade Dance","Catalyst","Crippling Poison+1"],"special_seed":0,"relics":["Calling Bell","The Specimen","Ornamental Fan","Pen Nib","Golden Idol","StoneCalendar"],"potions_floor_usage":[7],"damage_taken":[{"damage":2,"enemies":"Small Slimes","floor":1,"turns":5},{"damage":4,"enemies":"2 Louse","floor":5,"turns":3},{"damage":0,"enemies":"Jaw Worm","floor":7,"turns":3},{"damage":83,"enemies":"Gremlin Nob","floor":10,"turns":5}],"seed_played":"-462581229196006583","potions_obtained":[{"floor":5,"key":"Fire Potion"}],"is_trial":false,"path_per_floor":["M","?","?","$","M","R","M","R","T","E"],"character_chosen":"THE_SILENT","items_purchased":["Deadly Poison","Blade Dance"],"campfire_rested":1,"item_purchase_floors":[4,4],"current_hp_per_floor":[68,57,40,40,36,57,57,57,57,0],"gold":73,"neow_bonus":"BOSS_RELIC","is_prod":false,"is_daily":false,"chose_seed":false,"campfire_upgraded":1,"win_rate":0,"timestamp":1554094608,"path_taken":["M","?","?","$","M","R","M","R","T","E"],"build_version":"2019-01-23","purchased_purges":1,"victory":false,"max_hp_per_floor":[70,70,70,70,70,70,70,70,70,70],"card_choices":[{"not_picked":["Dodge and Roll","Sucker Punch"],"picked":"Distraction","floor":1},{"not_picked":["Quick Slash","Well Laid Plans"],"picked":"Catalyst","floor":5},{"not_picked":["Slice","Dagger Throw"],"picked":"Crippling Poison","floor":7}],"player_experience":385691,"relics_obtained":[{"floor":0.0,"key":"The Specimen"},{"floor":0.0,"key":"Ornamental Fan"},{"floor":0.0,"key":"Pen Nib"},{"floor":9,"key":"StoneCalendar"}],"event_choices":[{"damage_healed":0,"gold_gain":75,"player_choice":"Gather Gold","damage_taken":11,"max_hp_gain":0,"max_hp_loss":0,"event_name":"World of Goop","floor":2,"gold_loss":0},{"damage_healed":0,"gold_gain":0,"player_choice":"Take Damage","damage_taken":17,"relics_obtained":["Golden Idol"],"max_hp_gain":0,"max_hp_loss":0,"event_name":"Golden Idol","floor":3,"gold_loss":0}],"is_beta":false,"boss_relics":[],"items_purged_floors":[4],"is_endless":false,"potions_floor_spawned":[5],"killed_by":"Gremlin Nob","ascension_level":1}