{"gold_per_floor":[114,127,56,76,151,151,182,182,235,235,255,255,269,282,282,408,408,426,442,455,455],"floor_reached":21,"playtime":2413,"items_purged":[],"score":183,"play_id":"7ff310f2-8120-461f-8916-4878d73bc527","local_time":"20190503212506","is_ascension_mode":false,"campfire_choices":[{"data":"Zap","floor":6,"key":"SMITH"},{"data":"Echo Form","floor":8,"key":"SMITH"},{"data":"Go for the Eyes","floor":10,"key":"SMITH"},{"floor":15,"key":"REST"}],"neow_cost":"NONE","seed_source_timestamp":40565471421421,"circlet_count":0,"master_deck":["Strike_B","Strike_B","Strike_B","Defend_B","Defend_B","Defend_B","Defend_B","Zap+1","Dualcast","Go for the Eyes","Conserve Battery","Self Repair","Go for the Eyes+1","Echo Form+1","Fusion","Undo","Creative AI","Heatsinks","Reinforced Body","Ball Lightning","Beam Cell+1","Defragment"],"relics":["Cracked Core","Potion Belt","Tiny Chest","Golden Idol","Orrery"],"potions_floor_usage":[7,16,16,20],"damage_taken":[{"damage":1,"enemies":"Jaw Worm","floor":1,"turns":4},{"damage":2,"enemies":"2 Louse","floor":2,"turns":3},{"damage":0,"enemies":"Small Slimes","floor":4,"turns":3},{"damage":19,"enemies":"Lagavulin","floor":7,"turns":8},{"damage":10,"enemies":"Looter","floor":11,"turns":3},{"damage":7,"enemies":"Exordium Thugs","floor":13,"turns":6},{"damage":15,"enemies":"Large Slime","floor":14,"turns":7},{"damage":15,"enemies":"Slime Boss","floor":16,"turns":14},{"damage":18,"enemies":"Spheric Guardian","floor":18,"turns":8},{"damage":56,"enemies":"3 Byrds","floor":19,"turns":6},{"damage":13,"enemies":"Snake Plant","floor":20,"turns":7},{"damage":10,"enemies":"Chosen and Byrds","floor":21,"turns":5}],"seed_played":"1267062185957567779","potions_obtained":[{"floor":1,"key":"Strength Potion"},{"floor":4,"key":"Swift Potion"},{"floor":14,"key":"PowerPotion"},{"floor":19,"key":"Block Potion"}],"is_trial":false,"path_per_floor":["M","M","$","M","?","R","E","R","T","R","M","?","M","M","R","B",null,"M","M","M","M"],"character_chosen":"DEFECT","items_purchased":["Self Repair"],"campfire_rested":1,"item_purchase_floors":[3],"current_hp_per_floor":[74,72,72,75,64,64,52,52,52,52,42,24,24,16,38,30,75,64,15,9,0],"gold":455,"neow_bonus":"REMOVE_CARD","is_prod":false,"is_daily":false,"chose_seed":false,"campfire_upgraded":3,"win_rate":0.0,"timestamp":1556911506,"path_taken":["M","M","$","M","?","R","E","R","T","R","M","?","M","M","R","BOSS","M","M","M","M"],"build_version":"2019-01-23","purchased_purges":0,"victory":false,"max_hp_per_floor":[75,75,75,75,75,75,75,75,75,75,75,75,75,75,75,75,75,75,75,75,75],"card_choices":[{"not_picked":["Auto Shields","Cold Snap"],"picked":"Go for the Eyes","floor":1},{"not_picked":["Chill","Loop"],"picked":"Conserve Battery","floor":2},{"not_picked":["Barrage","Gash"],"picked":"Go for the Eyes","floor":4},{"not_picked":["BootSequence","Compile Driver"],"picked":"Echo Form","floor":7},{"not_picked":["Steam","Barrage","Heatsinks"],"picked":"SKIP","floor":11},{"not_picked":["Leap","Steam"],"picked":"Fusion","floor":13},{"not_picked":["Glacier","Gash"],"picked":"Undo","floor":14},{"not_picked":["Electrodynamics","Echo Form"],"picked":"Creative AI","floor":16},{"not_picked":["Leap","Ball Lightning"],"picked":"Heatsinks","floor":17},{"not_picked":["Conserve Battery","Auto Shields"],"picked":"Reinforced Body","floor":17},{"not_picked":["Gash","Hologram"],"picked":"Ball Lightning","floor":17},{"not_picked":["Streamline","Ball Lightning+1"],"picked":"Beam Cell+1","floor":18},{"not_picked":["Coolheaded","Redo"],"picked":"Defragment","floor":19},{"not_picked":["Coolheaded+1","Hologram","Hello World+1"],"picked":"SKIP","floor":20}],"player_experience":144837,"relics_obtained":[{"floor":7,"key":"Potion Belt"},{"floor":9,"key":"Tiny Chest"}],"event_choices":[{"damage_healed":0,"gold_gain":75,"player_choice":"Gather Gold","damage_taken":11,"max_hp_gain":0,"max_hp_loss":0,"event_name":"World of Goop","floor":5,"gold_loss":0},{"damage_healed":0,"gold_gain":0,"player_choice":"Take Damage","damage_taken":18,"relics_obtained":["Golden Idol"],"max_hp_gain":0,"max_hp_loss":0,"event_name":"Golden Idol","floor":12,"gold_loss":0}],"is_beta":false,"boss_relics":[{"not_picked":["Velvet Choker","Busted Crown"],"picked":"Orrery"}],"items_purged_floors":[],"is_endless":false,"potions_floor_spawned":[1,4,14,19],"killed_by":"Chosen and Byrds","ascension_level":0}