{"gold_per_floor":[15,15,15,90,90,110,110,110,110,125,125,150,164,174,174,278,278,296,314,333,333,333,333,349,368,420,420,420,420,420,438,438,438],"floor_reached":33,"playtime":2445,"items_purged":[],"score":247,"play_id":"c6da7d70-3450-43a7-b8c5-22129cc73ba2","local_time":"20181208125656","is_ascension_mode":false,"campfire_choices":[{"data":"Neutralize","floor":7,"key":"SMITH"},{"floor":11,"key":"REST"},{"floor":15,"key":"REST"},{"floor":23,"key":"REST"},{"floor":28,"key":"REST"},{"floor":32,"key":"REST"}],"neow_cost":"NO_GOLD","seed_source_timestamp":310462686449745,"circlet_count":0,"master_deck":["Defend_G","Defend_G","Defend_G","Defend_G","Defend_G","Strike_G","Strike_G","Strike_G","Strike_G","Survivor","Neutralize+1","Leg Sweep","Tactician","Slice","Regret","Poisoned Stab","Cloak And Dagger","Crippling Poison","Sucker Punch","After Image","Blur","Bouncing Flask","PanicButton","Acrobatics","Skewer","Neutralize","Escape Plan+1","Deadly Poison+1","Deflect"],"relics":["Ring of the Snake","Du-Vu Doll","Bird Faced Urn","Bag of Marbles","Bottled Lightning","Black Star","Bronze Scales","Orichalcum","MutagenicStrength","Ancient Tea Set"],"potions_floor_usage":[16,16,33,33,33],"damage_taken":[{"damage":1,"enemies":"Cultist","floor":1,"turns":4},{"damage":0,"enemies":"Small Slimes","floor":6,"turns":4},{"damage":2,"enemies":"Jaw Worm","floor":10,"turns":4},{"damage":32,"enemies":"Gremlin Nob","floor":12,"turns":6},{"damage":0,"enemies":"3 Louse","floor":13,"turns":4},{"damage":16,"enemies":"Exordium Thugs","floor":14,"turns":6},{"damage":35,"enemies":"Hexaghost","floor":16,"turns":12},{"damage":4,"enemies":"Chosen","floor":18,"turns":7},{"damage":8,"enemies":"Shell Parasite","floor":19,"turns":10},{"damage":30,"enemies":"Shelled Parasite and Fungi","floor":20,"turns":8},{"damage":39,"enemies":"Sentry and Sphere","floor":24,"turns":6},{"damage":3,"enemies":"Snecko","floor":25,"turns":7},{"damage":24,"enemies":"Centurion and Healer","floor":31,"turns":8},{"damage":41,"enemies":"Champ","floor":33,"turns":12}],"seed_played":"-5796806111203033931","potions_obtained":[{"floor":6,"key":"Weak Potion"},{"floor":14,"key":"Strength Potion"},{"floor":16,"key":"Strength Potion"},{"floor":19,"key":"SmokeBomb"},{"floor":20,"key":"GhostInAJar"},{"floor":31,"key":"SpeedPotion"}],"is_trial":false,"path_per_floor":["M","?","$","?","?","M","R","?","T","M","R","E","M","M","R","B",null,"M","M","M","?","?","R","M","M","T","T","R","?","?","M","R","B"],"character_chosen":"THE_SILENT","items_purchased":[],"campfire_rested":5,"item_purchase_floors":[],"current_hp_per_floor":[69,69,69,58,58,58,58,58,58,56,70,38,38,22,43,8,70,66,60,32,32,32,53,16,15,15,15,36,36,36,12,33,0],"gold":438,"neow_bonus":"ONE_RARE_RELIC","is_prod":false,"is_daily":false,"chose_seed":false,"campfire_upgraded":1,"win_rate":0.0,"timestamp":1544302616,"path_taken":["M","?","$","?","?","M","R","?","T","M","R","E","?","M","R","BOSS","M","M","M","?","?","R","M","?","T","?","R","?","?","M","R","BOSS"],"build_version":"2018-12-06","purchased_purges":0,"victory":false,"max_hp_per_floor":[70,70,70,70,70,70,70,70,70,70,70,70,70,70,70,70,70,70,70,70,70,70,70,70,70,70,70,70,70,70,70,70,70],"card_choices":[{"not_picked":["Dagger Throw","Quick Slash"],"picked":"Leg Sweep","floor":1},{"not_picked":["Heel Hook","Caltrops"],"picked":"Slice","floor":6},{"not_picked":["Acrobatics","PiercingWail"],"picked":"Poisoned Stab","floor":10},{"not_picked":["Bullet Time","Dodge and Roll"],"picked":"Cloak And Dagger","floor":12},{"not_picked":["Catalyst","Tactician"],"picked":"Crippling Poison","floor":13},{"not_picked":["Quick Slash","Dagger Throw"],"picked":"Sucker Punch","floor":14},{"not_picked":["Unload","Tools of the Trade"],"picked":"After Image","floor":16},{"not_picked":["Backflip+1","Deadly Poison+1"],"picked":"Blur","floor":18},{"not_picked":["Blade Dance","Slice"],"picked":"Bouncing Flask","floor":19},{"not_picked":["Footwork","Concentrate","Eviscerate"],"picked":"SKIP","floor":20},{"not_picked":["Quick Slash+1","Backflip"],"picked":"Escape Plan+1","floor":24},{"not_picked":["Deflect","Outmaneuver"],"picked":"Deadly Poison+1","floor":25},{"not_picked":["Accuracy","Backflip+1"],"picked":"Deflect","floor":31}],"player_experience":167013,"relics_obtained":[{"floor":9,"key":"Bag of Marbles"},{"floor":12,"key":"Bottled Lightning"},{"floor":26,"key":"Bronze Scales"},{"floor":27,"key":"Orichalcum"}],"event_choices":[{"damage_healed":0,"gold_gain":0,"player_choice":"Leave","damage_taken":0,"max_hp_gain":0,"max_hp_loss":0,"event_name":"The Cleric","floor":2,"gold_loss":0},{"damage_healed":0,"gold_gain":75,"player_choice":"Gather Gold","damage_taken":11,"max_hp_gain":0,"max_hp_loss":0,"event_name":"World of Goop","floor":4,"gold_loss":0},{"damage_healed":0,"gold_gain":0,"cards_transformed":["Strike_G"],"player_choice":"Change","damage_taken":0,"max_hp_gain":0,"max_hp_loss":0,"event_name":"Living Wall","floor":5,"gold_loss":0,"cards_obtained":["Tactician"]},{"damage_healed":0,"gold_gain":0,"player_choice":"Box","damage_taken":0,"relics_obtained":["Bird Faced Urn"],"max_hp_gain":0,"max_hp_loss":0,"event_name":"Big Fish","floor":8,"gold_loss":0,"cards_obtained":["Regret"]},{"damage_healed":0,"gold_gain":0,"player_choice":"Ignored","damage_taken":0,"max_hp_gain":0,"max_hp_loss":0,"event_name":"Ghosts","floor":21,"gold_loss":0},{"damage_healed":0,"gold_gain":0,"player_choice":"4 cards matched","damage_taken":0,"max_hp_gain":0,"max_hp_loss":0,"event_name":"Match and Keep!","floor":22,"gold_loss":0,"cards_obtained":["PanicButton","Acrobatics","Skewer","Neutralize"]},{"damage_healed":0,"gold_gain":0,"player_choice":"Inject Mutagens","damage_taken":0,"relics_obtained":["MutagenicStrength"],"max_hp_gain":0,"max_hp_loss":0,"event_name":"Drug Dealer","floor":29,"gold_loss":0},{"damage_healed":0,"gold_gain":0,"player_choice":"Opened","damage_taken":0,"relics_obtained":["Ancient Tea Set"],"max_hp_gain":0,"max_hp_loss":0,"event_name":"The Mausoleum","floor":30,"gold_loss":0}],"is_beta":false,"boss_relics":[{"not_picked":["Empty Cage","Eternal Feather"],"picked":"Black Star"}],"items_purged_floors":[],"is_endless":false,"potions_floor_spawned":[6,14,16,19,20,31],"killed_by":"Champ","ascension_level":0}