{"gold_per_floor":[116,43,143,143,143,143,60,70,93,104,104,116,20,37,37,133,133,121,46,65,77,77],"floor_reached":22,"playtime":1072,"items_purged":["Defend_G"],"score":176,"play_id":"81953d95-4b8f-44de-b844-e4f0560e9eaf","local_time":"20181028105504","is_ascension_mode":false,"campfire_choices":[{"data":"Terror","floor":6,"key":"SMITH"},{"data":"Phantasmal Killer","floor":11,"key":"SMITH"},{"data":"Poisoned Stab","floor":15,"key":"SMITH"}],"neow_cost":"NONE","seed_source_timestamp":477708149993727,"circlet_count":0,"master_deck":["Defend_G","Defend_G","Defend_G","Defend_G","Strike_G","Strike_G","Strike_G","Strike_G","Survivor","Neutralize","Dash","Terror+1","Phantasmal Killer+1","Bandage Up","Poisoned Stab+1","Deflect","Good Instincts","Doppelganger","Flying Knee+1","Deadly Poison+1"],"relics":["Ring of the Snake","Dream Catcher","Sozu"],"potions_floor_usage":[8,12,16,16,20],"damage_taken":[{"damage":2,"enemies":"Jaw Worm","floor":1,"turns":4},{"damage":6,"enemies":"Cultist","floor":8,"turns":4},{"damage":2,"enemies":"Small Slimes","floor":10,"turns":4},{"damage":14,"enemies":"Exordium Wildlife","floor":12,"turns":5},{"damage":4,"enemies":"Red Slaver","floor":14,"turns":3},{"damage":56,"enemies":"Slime Boss","floor":16,"turns":18},{"damage":11,"enemies":"2 Thieves","floor":18,"turns":4},{"damage":0,"enemies":"Chosen","floor":20,"turns":3},{"damage":70,"enemies":"Sentry and Sphere","floor":21,"turns":9},{"damage":14,"enemies":"Centurion and Healer","floor":22,"turns":4}],"seed_played":"-1822735483424294448","potions_obtained":[{"floor":1,"key":"PowerPotion"},{"floor":5,"key":"AttackPotion"},{"floor":5,"key":"EssenceOfSteel"},{"floor":5,"key":"SpeedPotion"},{"floor":12,"key":"Dexterity Potion"},{"floor":16,"key":"Energy Potion"}],"is_trial":false,"path_per_floor":["M","$","?","?","?","R","$","M","T","M","R","M","$","M","R","B",null,"M","$","M","M"],"character_chosen":"THE_SILENT","items_purchased":["Terror","Bandage Up","Good Instincts"],"campfire_rested":0,"item_purchase_floors":[2,7,13],"current_hp_per_floor":[75,75,75,75,75,75,75,71,71,73,73,63,63,63,63,11,77,66,66,70,4,0],"gold":77,"neow_bonus":"TEN_PERCENT_HP_BONUS","is_prod":false,"is_daily":false,"chose_seed":false,"campfire_upgraded":3,"win_rate":0.0,"timestamp":1540749304,"path_taken":["M","$","?","?","?","R","$","M","T","M","R","M","?","?","R","BOSS","M","$","M","M","M"],"build_version":"2018-10-25v2","purchased_purges":1,"victory":false,"max_hp_per_floor":[77,77,77,77,77,77,77,77,77,77,77,77,77,77,77,77,77,77,77,77,77,77],"card_choices":[{"not_picked":["Bouncing Flask","PiercingWail"],"picked":"Dash","floor":1},{"not_picked":["Infinite Blades","Dagger Spray","Masterful Stab"],"picked":"SKIP","floor":8},{"not_picked":["Dodge and Roll","Blur"],"picked":"Poisoned Stab","floor":10},{"not_picked":["Quick Slash","Finisher"],"picked":"Deflect","floor":12},{"not_picked":["Poisoned Stab","PiercingWail","Blade Dance"],"picked":"SKIP","floor":14},{"not_picked":["Glass Knife","Bullet Time"],"picked":"Doppelganger","floor":16},{"not_picked":["Deadly Poison","Underhanded Strike"],"picked":"Flying Knee+1","floor":18},{"not_picked":["Sucker Punch+1","Dodge and Roll","Flying Knee"],"picked":"SKIP","floor":20},{"not_picked":["Quick Slash","Dodge and Roll"],"picked":"Deadly Poison+1","floor":21}],"player_experience":68788,"relics_obtained":[{"floor":9,"key":"Dream Catcher"}],"event_choices":[{"damage_healed":0,"gold_gain":100,"player_choice":"Pray","damage_taken":0,"max_hp_gain":0,"max_hp_loss":0,"event_name":"Golden Shrine","floor":3,"gold_loss":0},{"damage_healed":0,"gold_gain":0,"cards_transformed":["Strike_G"],"player_choice":"Transformed","damage_taken":0,"max_hp_gain":0,"max_hp_loss":0,"event_name":"Transmorgrifier","floor":4,"gold_loss":0,"cards_obtained":["Phantasmal Killer"]},{"damage_healed":0,"gold_gain":0,"player_choice":"Got Potions","damage_taken":0,"max_hp_gain":0,"max_hp_loss":0,"event_name":"The Lab","floor":5,"gold_loss":0}],"is_beta":false,"boss_relics":[{"not_picked":["Calling Bell","Snecko Eye"],"picked":"Sozu"}],"items_purged_floors":[19],"is_endless":false,"potions_floor_spawned":[1,12,16,21],"killed_by":"Centurion and Healer","ascension_level":0}