{"gold_per_floor":[110,110,110,41,61,61,61,61,107,125,125,158,158,171,171,271,271,291,291,10,21,40,72,72,72,96,96,112,127,127,143,143,143],"floor_reached":33,"playtime":1440,"items_purged":[],"score":278,"play_id":"9f26cddc-4973-4b0e-95c5-79bdb170e482","local_time":"20181029212643","is_ascension_mode":true,"campfire_choices":[{"floor":6,"key":"REST"},{"floor":13,"key":"REST"},{"floor":15,"key":"REST"},{"floor":24,"key":"REST"},{"floor":27,"key":"REST"},{"floor":30,"key":"REST"},{"floor":32,"key":"REST"}],"neow_cost":"NONE","seed_source_timestamp":91636086263408,"circlet_count":0,"master_deck":["Strike_R","Strike_R","Strike_R+1","Defend_R","Defend_R+1","Defend_R","Bash+1","Armaments","Seeing Red","Seeing Red","Dropkick","Demon Form","Entrench","Battle Trance","Anger","Flex+1","Swift Strike","Thunderclap","Thunderclap","Pommel Strike","Shrug It Off+1","Iron Wave","Cleave","Anger"],"relics":["Burning Blood","Strawberry","Lantern","Sozu","Bag of Preparation","Pen Nib","Dream Catcher"],"potions_floor_usage":[10,16,18],"damage_taken":[{"damage":1,"enemies":"Cultist","floor":1,"turns":4},{"damage":0,"enemies":"Small Slimes","floor":5,"turns":3},{"damage":1,"enemies":"Jaw Worm","floor":10,"turns":3},{"damage":44,"enemies":"Gremlin Nob","floor":12,"turns":5},{"damage":20,"enemies":"Red Slaver","floor":14,"turns":4},{"damage":70,"enemies":"The Guardian","floor":16,"turns":9},{"damage":2,"enemies":"Chosen","floor":18,"turns":4},{"damage":22,"enemies":"Shell Parasite","floor":21,"turns":4},{"damage":7,"enemies":"Snecko","floor":22,"turns":4},{"damage":58,"enemies":"Gremlin Leader","floor":23,"turns":5},{"damage":42,"enemies":"Centurion and Healer","floor":28,"turns":7},{"damage":16,"enemies":"Snake Plant","floor":29,"turns":2},{"damage":35,"enemies":"Snecko","floor":31,"turns":6},{"damage":74,"enemies":"Automaton","floor":33,"turns":6}],"seed_played":"-1229569849431365390","potions_obtained":[{"floor":5,"key":"SteroidPotion"},{"floor":14,"key":"LiquidBronze"},{"floor":16,"key":"LiquidBronze"}],"is_trial":false,"path_per_floor":["M","?","?","$","M","R","?","?","T","M","?","E","R","M","R","B",null,"M","?","$","M","M","E","R","?","T","R","M","M","R","M","R"],"character_chosen":"IRONCLAD","items_purchased":["Seeing Red","Bag of Preparation","Flex","Swift Strike"],"campfire_rested":7,"item_purchase_floors":[4,20,20,20],"current_hp_per_floor":[80,64,56,56,62,80,80,80,87,87,87,49,75,61,87,23,87,87,87,87,71,70,18,44,44,44,70,34,24,50,21,47,0],"gold":143,"neow_bonus":"UPGRADE_CARD","is_prod":false,"is_daily":false,"chose_seed":false,"campfire_upgraded":0,"win_rate":0,"timestamp":1540873603,"path_taken":["M","?","?","$","?","R","?","?","T","M","?","E","R","M","R","BOSS","M","?","$","M","?","E","R","?","T","R","M","M","R","M","R","BOSS"],"build_version":"2018-10-25v2","purchased_purges":0,"victory":false,"max_hp_per_floor":[80,80,80,80,80,80,80,80,87,87,87,87,87,87,87,87,87,87,87,87,87,87,87,87,87,87,87,87,87,87,87,87,87],"card_choices":[{"not_picked":["Headbutt","Body Slam"],"picked":"Armaments","floor":1},{"not_picked":["Hemokinesis","Dual Wield"],"picked":"Seeing Red","floor":5},{"not_picked":["Sentinel","Wild Strike"],"picked":"Demon Form","floor":10},{"not_picked":["Warcry","Corruption"],"picked":"Entrench","floor":12},{"not_picked":["Dual Wield","Searing Blow"],"picked":"Battle Trance","floor":14},{"not_picked":["Havoc","Body Slam"],"picked":"Anger","floor":18},{"not_picked":["Ghostly Armor","Wild Strike"],"picked":"Thunderclap","floor":21},{"not_picked":["Rupture","Sever Soul"],"picked":"Thunderclap","floor":22},{"not_picked":["Brutality","Second Wind"],"picked":"Pommel Strike","floor":23},{"not_picked":["Pummel","Armaments"],"picked":"Shrug It Off+1","floor":27},{"not_picked":["Burning Pact","Disarm"],"picked":"Iron Wave","floor":28},{"not_picked":["Wild Strike","Twin Strike"],"picked":"Cleave","floor":29},{"not_picked":["Searing Blow","Clothesline"],"picked":"Anger","floor":31}],"player_experience":73635,"relics_obtained":[{"floor":9,"key":"Strawberry"},{"floor":12,"key":"Lantern"},{"floor":23,"key":"Pen Nib"},{"floor":26,"key":"Dream Catcher"}],"event_choices":[{"damage_healed":0,"gold_gain":0,"player_choice":"Entered Light","damage_taken":16,"max_hp_gain":0,"max_hp_loss":0,"event_name":"Shining Light","floor":2,"gold_loss":0,"cards_upgraded":["Defend_R","Strike_R"]},{"damage_healed":0,"gold_gain":0,"player_choice":"Damaged","damage_taken":8,"max_hp_gain":0,"max_hp_loss":0,"event_name":"Wheel of Change","floor":3,"gold_loss":0},{"damage_healed":0,"gold_gain":0,"cards_transformed":["Strike_R"],"player_choice":"Change","damage_taken":0,"max_hp_gain":0,"max_hp_loss":0,"event_name":"Living Wall","floor":7,"gold_loss":0,"cards_obtained":["Dropkick"]},{"damage_healed":0,"gold_gain":0,"player_choice":"Ignored","damage_taken":0,"max_hp_gain":0,"max_hp_loss":0,"event_name":"Liars Game","floor":8,"gold_loss":0},{"cards_removed":["Defend_R"],"damage_healed":0,"gold_gain":0,"player_choice":"Offered Basic","damage_taken":0,"max_hp_gain":0,"max_hp_loss":0,"event_name":"Bonfire Elementals","floor":11,"gold_loss":0},{"cards_removed":["Strike_R"],"damage_healed":0,"gold_gain":0,"player_choice":"Elegance","damage_taken":0,"max_hp_gain":0,"max_hp_loss":0,"event_name":"Back to Basics","floor":19,"gold_loss":0},{"damage_healed":0,"gold_gain":0,"player_choice":"Forge","damage_taken":0,"max_hp_gain":0,"max_hp_loss":0,"event_name":"Accursed Blacksmith","floor":25,"gold_loss":0,"cards_upgraded":["Flex"]}],"is_beta":false,"boss_relics":[{"not_picked":["Philosopher\u0027s Stone","Calling Bell"],"picked":"Sozu"}],"items_purged_floors":[],"is_endless":false,"potions_floor_spawned":[5,14,16,18,21,29],"killed_by":"Automaton","ascension_level":1}