{"gold_per_floor":[119,130,130,150,170,170,170,22,22,57,57,76,111,125,125,203,203,217,217,235,4,4,4,4],"floor_reached":24,"playtime":2271,"items_purged":["Strike_G"],"score":361,"play_id":"c49b241e-a20f-4142-ae21-6f2b17128b9b","local_time":"20190412135022","is_ascension_mode":true,"campfire_choices":[{"data":"Neutralize","floor":6,"key":"SMITH"},{"data":"Riddle With Holes","floor":11,"key":"SMITH"},{"floor":15,"key":"REST"},{"data":"Ghostly","floor":23,"key":"SMITH"}],"neow_cost":"NONE","seed_source_timestamp":208049816317359,"circlet_count":0,"master_deck":["AscendersBane","Defend_G","Defend_G","Defend_G","Defend_G","Defend_G","Strike_G","Strike_G","Strike_G","Survivor","Neutralize+1","Predator","Well Laid Plans","Dagger Spray","Catalyst","Riddle With Holes+1","Skewer","Corpse Explosion","Ghostly","Ghostly","Ghostly+1","Footwork","Concentrate"],"relics":["Ring of the Snake","NeowsBlessing","Pen Nib","Ninja Scroll","Strawberry","Runic Pyramid"],"potions_floor_usage":[10,13,16,16,24],"damage_taken":[{"damage":0,"enemies":"Jaw Worm","floor":1,"turns":1},{"damage":0,"enemies":"Small Slimes","floor":2,"turns":1},{"damage":0,"enemies":"Cultist","floor":4,"turns":1},{"damage":6,"enemies":"Blue Slaver","floor":5,"turns":6},{"damage":7,"enemies":"3 Sentries","floor":10,"turns":6},{"damage":5,"enemies":"Gremlin Gang","floor":12,"turns":4},{"damage":17,"enemies":"Lagavulin","floor":13,"turns":7},{"damage":1,"enemies":"Red Slaver","floor":14,"turns":3},{"damage":15,"enemies":"Slime Boss","floor":16,"turns":10},{"damage":6,"enemies":"2 Thieves","floor":18,"turns":4},{"damage":2,"enemies":"Chosen","floor":20,"turns":4},{"damage":29,"enemies":"Gremlin Leader","floor":24,"turns":4}],"seed_played":"-4745561491863693939","potions_obtained":[{"floor":4,"key":"AttackPotion"},{"floor":5,"key":"Weak Potion"},{"floor":13,"key":"Explosive Potion"},{"floor":14,"key":"Weak Potion"},{"floor":20,"key":"PowerPotion"}],"is_trial":false,"path_per_floor":["M","M","?","M","M","R","?","$","T","E","R","M","E","M","R","B",null,"M","?","M","$","?","R","E"],"character_chosen":"THE_SILENT","items_purchased":["Pen Nib","Footwork","Concentrate"],"campfire_rested":1,"item_purchase_floors":[8,21,21],"current_hp_per_floor":[59,59,59,59,53,53,53,53,53,46,46,41,31,30,51,36,64,58,36,34,34,28,28,0],"gold":4,"neow_bonus":"THREE_ENEMY_KILL","is_prod":false,"is_daily":false,"chose_seed":false,"campfire_upgraded":3,"win_rate":0,"timestamp":1555091422,"path_taken":["M","M","?","M","M","R","?","$","T","E","R","M","E","M","R","BOSS","M","?","M","$","?","R","E"],"build_version":"2019-01-23","purchased_purges":1,"victory":false,"max_hp_per_floor":[66,66,66,66,66,66,66,66,66,66,66,66,73,73,73,73,73,73,36,36,36,36,36,36],"card_choices":[{"not_picked":["Slice","Catalyst"],"picked":"Predator","floor":1},{"not_picked":["Flechettes","Reflex","Sucker Punch"],"picked":"SKIP","floor":2},{"not_picked":["Noxious Fumes","Predator"],"picked":"Well Laid Plans","floor":4},{"not_picked":["Bouncing Flask","Setup"],"picked":"Dagger Spray","floor":5},{"not_picked":["Expertise","Prepared"],"picked":"Riddle With Holes","floor":10},{"not_picked":["Endless Agony","Infinite Blades"],"picked":"Skewer","floor":12},{"not_picked":["Bane","Dagger Spray","Flying Knee"],"picked":"SKIP","floor":13},{"not_picked":["Outmaneuver","Quick Slash","Dodge and Roll"],"picked":"SKIP","floor":14},{"not_picked":["Malaise","Unload"],"picked":"Corpse Explosion","floor":16},{"not_picked":["Underhanded Strike","Bane","Poisoned Stab"],"picked":"SKIP","floor":18},{"not_picked":["Bane","Quick Slash","Deflect"],"picked":"SKIP","floor":20}],"player_experience":814019,"relics_obtained":[{"floor":9,"key":"Ninja Scroll"},{"floor":13,"key":"Strawberry"}],"event_choices":[{"damage_healed":0,"gold_gain":0,"player_choice":"Leave","damage_taken":0,"max_hp_gain":0,"max_hp_loss":0,"event_name":"The Cleric","floor":3,"gold_loss":0},{"damage_healed":0,"gold_gain":0,"cards_transformed":["Strike_G"],"player_choice":"Transformed","damage_taken":0,"max_hp_gain":0,"max_hp_loss":0,"event_name":"Transmorgrifier","floor":7,"gold_loss":0,"cards_obtained":["Catalyst"]},{"damage_healed":0,"gold_gain":0,"player_choice":"Became a Ghost","damage_taken":0,"max_hp_gain":0,"max_hp_loss":37,"event_name":"Ghosts","floor":19,"gold_loss":0,"cards_obtained":["Ghostly","Ghostly","Ghostly"]},{"damage_healed":0,"gold_gain":0,"player_choice":"","damage_taken":6,"max_hp_gain":0,"max_hp_loss":0,"event_name":"Knowing Skull","floor":22,"potions_obtained":[],"gold_loss":0,"cards_obtained":[]}],"is_beta":false,"boss_relics":[{"not_picked":["Empty Cage","Runic Dome"],"picked":"Runic Pyramid"}],"items_purged_floors":[21],"is_endless":false,"potions_floor_spawned":[4,5,13,14,20],"killed_by":"Gremlin Leader","ascension_level":15}