{"gold_per_floor":[114,65,134,40,40,40,40,40,64,64,64,64,64,96,96,196,196,208,208,11,11,11,11,11,11,35,35,35],"floor_reached":28,"playtime":692,"items_purged":[],"score":204,"play_id":"8b35cae2-5422-471e-89ba-e897f1c37621","local_time":"20190324211546","daily_mods":["Draft","Diverse","Colorless Cards","Flight","Binary","Lethality"],"is_ascension_mode":false,"campfire_choices":[{"data":"Armaments","floor":6,"key":"SMITH"},{"data":"Static Discharge","floor":7,"key":"SMITH"},{"data":"Madness","floor":8,"key":"SMITH"},{"data":"Poisoned Stab","floor":10,"key":"SMITH"},{"data":"Bane","floor":11,"key":"SMITH"},{"data":"Ball Lightning","floor":13,"key":"SMITH"},{"data":"Setup","floor":15,"key":"SMITH"},{"data":"RitualDagger","floor":23,"key":"SMITH"},{"data":"Bane","floor":24,"key":"SMITH"},{"data":"Streamline","floor":27,"key":"SMITH"}],"neow_cost":"","seed_source_timestamp":512866822550524,"circlet_count":0,"master_deck":["Static Discharge+1","Forethought","Setup+1","Streamline+1","Pommel Strike","Ball Lightning+1","Poisoned Stab+1","Armaments+1","Flying Knee","Flex","Flying Knee","Blade Dance","Bane+1","Slice","Auto Shields","Bane+1","Madness+1","Outmaneuver+1","Trip","RitualDagger+1"],"relics":["Burning Blood","Blue Candle","Orichalcum","Frozen Egg 2","Turnip","Eternal Feather","Membership Card","Blood Vial"],"potions_floor_usage":[16,28],"damage_taken":[{"damage":0,"enemies":"Small Slimes","floor":1,"turns":2},{"damage":15,"enemies":"Lagavulin","floor":14,"turns":3},{"damage":13,"enemies":"Slime Boss","floor":16,"turns":6},{"damage":30,"enemies":"Shell Parasite","floor":18,"turns":3},{"damage":68,"enemies":"3 Byrds","floor":28,"turns":4}],"seed_played":"5117553815470706298","potions_obtained":[{"floor":1,"key":"AttackPotion"},{"floor":14,"key":"SpeedPotion"},{"floor":18,"key":"BloodPotion"}],"is_trial":true,"path_per_floor":["M","$","?","$","?","R","R","R","T","R","R","T","R","E","R","B",null,"M","?","$","$","?","R","R","$","T","R","M"],"character_chosen":"IRONCLAD","items_purchased":["Bane","Madness","Membership Card"],"campfire_rested":0,"item_purchase_floors":[2,4,20],"current_hp_per_floor":[80,80,80,80,77,77,77,77,77,77,77,77,77,68,68,61,80,56,56,56,56,50,62,74,74,74,80,20],"gold":35,"neow_bonus":"","is_prod":false,"is_daily":false,"chose_seed":false,"campfire_upgraded":10,"win_rate":0,"timestamp":1553487346,"path_taken":["M","$","?","$","?","R","R","R","T","R","R","?","R","E","R","BOSS","M","?","?","$","?","R","R","$","T","R","M"],"build_version":"2019-01-23","purchased_purges":0,"victory":false,"max_hp_per_floor":[80,80,80,80,80,80,80,80,80,80,80,80,80,80,80,80,80,80,80,80,80,80,80,80,80,80,80,80],"card_choices":[{"not_picked":["Blur","Sweeping Beam"],"picked":"Static Discharge","floor":0},{"not_picked":["Recycle","Body Slam"],"picked":"Forethought","floor":0},{"not_picked":["Acrobatics","Second Wind"],"picked":"Setup","floor":0},{"not_picked":["Sword Boomerang","Skim"],"picked":"Streamline","floor":0},{"not_picked":["Stack","Dark Shackles"],"picked":"Pommel Strike","floor":0},{"not_picked":["Havoc","Steam"],"picked":"Ball Lightning","floor":0},{"not_picked":["Scrape","Sucker Punch"],"picked":"Poisoned Stab","floor":0},{"not_picked":["Hologram","Self Repair"],"picked":"Armaments","floor":0},{"not_picked":["Turbo","True Grit"],"picked":"Flying Knee","floor":0},{"not_picked":["Deflect","Sweeping Beam"],"picked":"Flex","floor":0},{"not_picked":["Underhanded Strike","Hello World"],"picked":"Flying Knee","floor":0},{"not_picked":["Dagger Throw","Compile Driver"],"picked":"Blade Dance","floor":0},{"not_picked":["Cloak And Dagger","Steam Power"],"picked":"Bane","floor":0},{"not_picked":["Cloak And Dagger","Ghostly Armor"],"picked":"Slice","floor":0},{"not_picked":["Reinforced Body","PiercingWail"],"picked":"Auto Shields","floor":0},{"not_picked":["True Grit","Well Laid Plans"],"picked":"SKIP","floor":1},{"not_picked":["Reckless Charge","Headbutt"],"picked":"SKIP","floor":14},{"not_picked":["Malaise"],"picked":"Magnetism+1","floor":16},{"not_picked":["Cold Snap"],"picked":"Outmaneuver+1","floor":18}],"player_experience":368426,"relics_obtained":[{"floor":9,"key":"Orichalcum"},{"floor":12,"key":"Frozen Egg 2"},{"floor":14,"key":"Turnip"},{"floor":26,"key":"Blood Vial"}],"event_choices":[{"damage_healed":0,"gold_gain":69,"player_choice":"Gained Gold","damage_taken":0,"max_hp_gain":0,"max_hp_loss":0,"event_name":"Golden Wing","floor":3,"gold_loss":0},{"damage_healed":0,"gold_gain":0,"player_choice":"Success","damage_taken":3,"relics_obtained":["Blue Candle"],"max_hp_gain":0,"max_hp_loss":0,"event_name":"Scrap Ooze","floor":5,"gold_loss":0},{"damage_healed":0,"gold_gain":0,"cards_transformed":["Magnetism"],"player_choice":"Transformed","damage_taken":0,"max_hp_gain":0,"max_hp_loss":0,"event_name":"Transmorgrifier","floor":19,"gold_loss":0,"cards_obtained":["Trip"]},{"damage_healed":0,"gold_gain":0,"player_choice":"Joined the Cult","damage_taken":6,"max_hp_gain":0,"max_hp_loss":0,"event_name":"Nest","floor":22,"gold_loss":0,"cards_obtained":["RitualDagger"]}],"is_beta":false,"boss_relics":[{"not_picked":["Mark of Pain","Busted Crown"],"picked":"Eternal Feather"}],"items_purged_floors":[],"is_endless":false,"potions_floor_spawned":[1,14,18],"killed_by":"3 Byrds","ascension_level":0}