{"gold_per_floor":[114,129,129,144,19,19,19,19,19,19,34,34,49,49,49,149,149,164,164,14,29,29,29,44,44,44,44,74,24,39,54,54,54],"floor_reached":33,"playtime":1254,"items_purged":["Strike_R"],"score":305,"play_id":"d2cc1e25-b0de-47c1-af3d-816bd20c469a","local_time":"20181106213517","daily_mods":["Allstar","ControlledChaos","Careless"],"is_ascension_mode":false,"campfire_choices":[{"floor":6,"key":"REST"},{"data":"Metamorphosis","floor":10,"key":"SMITH"},{"data":"Mind Blast","floor":15,"key":"SMITH"},{"data":"Limit Break","floor":23,"key":"SMITH"},{"floor":25,"key":"REST"},{"floor":32,"key":"REST"}],"neow_cost":"","seed_source_timestamp":0,"circlet_count":0,"master_deck":["Strike_R","Strike_R","Defend_R+1","Defend_R","Defend_R+1","Bash","Enlightenment+1","Thinking Ahead","Metamorphosis+1","Mind Blast+1","Mind Blast+1","Limit Break+1","Infernal Blade+1","RitualDagger","Shockwave","Anger"],"special_seed":17842,"relics":["Burning Blood","Frozen Eye","War Paint","Busted Crown","Bag of Marbles","Thread and Needle","Singing Bowl"],"potions_floor_usage":[2,13,18,21,21,30,30],"damage_taken":[{"damage":12,"enemies":"Small Slimes","floor":1,"turns":3},{"damage":0,"enemies":"Cultist","floor":2,"turns":3},{"damage":11,"enemies":"Jaw Worm","floor":4,"turns":2},{"damage":0,"enemies":"Exordium Wildlife","floor":11,"turns":2},{"damage":11,"enemies":"Gremlin Gang","floor":13,"turns":3},{"damage":2,"enemies":"Slime Boss","floor":16,"turns":4},{"damage":12,"enemies":"2 Thieves","floor":18,"turns":3},{"damage":12,"enemies":"Shell Parasite","floor":21,"turns":4},{"damage":34,"enemies":"Shelled Parasite and Fungi","floor":24,"turns":5},{"damage":21,"enemies":"Gremlin Leader","floor":28,"turns":5},{"damage":2,"enemies":"Snecko","floor":30,"turns":3},{"damage":2,"enemies":"3 Cultists","floor":31,"turns":4},{"damage":104,"enemies":"Automaton","floor":33,"turns":10}],"seed_played":"-6234912146634211093","potions_obtained":[{"floor":1,"key":"LiquidBronze"},{"floor":11,"key":"BloodPotion"},{"floor":16,"key":"PowerPotion"},{"floor":18,"key":"GamblersBrew"},{"floor":28,"key":"Poison Potion"},{"floor":30,"key":"FairyPotion"}],"is_trial":false,"path_per_floor":["M","M","?","M","$","R","$","?","T","R","M","?","M","$","R","B",null,"M","?","$","M","?","R","M","R","T","$","E","$","M","M","R","B"],"character_chosen":"IRONCLAD","items_purchased":["SkillPotion","Bag of Marbles","Strength Potion"],"campfire_rested":3,"item_purchase_floors":[5,20,29],"current_hp_per_floor":[74,80,64,59,59,80,80,73,73,73,79,79,74,74,74,78,80,74,68,68,70,70,70,42,66,66,66,53,53,59,65,86,0],"gold":54,"neow_bonus":"","is_prod":false,"is_daily":true,"chose_seed":false,"campfire_upgraded":3,"win_rate":0,"timestamp":1541568917,"path_taken":["M","M","?","M","$","R","$","?","T","R","M","?","M","$","R","BOSS","M","?","$","M","?","R","M","R","T","$","E","?","?","M","R","BOSS"],"build_version":"2018-11-01","purchased_purges":1,"victory":false,"max_hp_per_floor":[80,80,80,80,80,80,80,80,80,80,80,80,80,80,80,80,80,80,80,80,80,80,80,80,80,80,80,82,82,84,86,86,86],"card_choices":[{"not_picked":["Cleave","Wild Strike","Heavy Blade"],"picked":"SKIP","floor":1},{"not_picked":["Pommel Strike","Twin Strike","Bloodletting"],"picked":"SKIP","floor":2},{"not_picked":["Warcry","Havoc","Pommel Strike"],"picked":"SKIP","floor":4},{"not_picked":["Uppercut","Flame Barrier","Sword Boomerang"],"picked":"SKIP","floor":11},{"not_picked":["Flame Barrier","Pommel Strike","Iron Wave"],"picked":"SKIP","floor":13},{"not_picked":["Dark Embrace","Exhume"],"picked":"Limit Break","floor":16},{"not_picked":[],"picked":"Infernal Blade+1","floor":18},{"not_picked":[],"picked":"Shockwave","floor":21},{"not_picked":[],"picked":"Anger","floor":24},{"not_picked":["Double Tap"],"picked":"Singing Bowl","floor":28},{"not_picked":["Bloodletting"],"picked":"Singing Bowl","floor":30},{"not_picked":["Disarm"],"picked":"Singing Bowl","floor":31}],"player_experience":86413,"relics_obtained":[{"floor":9,"key":"War Paint"},{"floor":26,"key":"Thread and Needle"},{"floor":28,"key":"Singing Bowl"}],"event_choices":[{"damage_healed":0,"gold_gain":0,"player_choice":"Entered Light","damage_taken":16,"max_hp_gain":0,"max_hp_loss":0,"event_name":"Shining Light","floor":3,"gold_loss":0,"cards_upgraded":["Mind Blast","Enlightenment"]},{"cards_removed":["Strike_R"],"damage_healed":0,"gold_gain":0,"player_choice":"Card Removal","damage_taken":7,"max_hp_gain":0,"max_hp_loss":0,"event_name":"Golden Wing","floor":8,"gold_loss":0},{"cards_removed":["Defend_R"],"damage_healed":0,"gold_gain":0,"player_choice":"Purged","damage_taken":0,"max_hp_gain":0,"max_hp_loss":0,"event_name":"Purifier","floor":12,"gold_loss":0},{"damage_healed":0,"gold_gain":0,"player_choice":"Joined the Cult","damage_taken":6,"max_hp_gain":0,"max_hp_loss":0,"event_name":"Nest","floor":19,"gold_loss":0,"cards_obtained":["RitualDagger"]},{"cards_removed":["Strike_R"],"damage_healed":0,"gold_gain":0,"player_choice":"Elegance","damage_taken":0,"max_hp_gain":0,"max_hp_loss":0,"event_name":"Back to Basics","floor":22,"gold_loss":0}],"is_beta":false,"boss_relics":[{"not_picked":["Tiny House","Runic Pyramid"],"picked":"Busted Crown"}],"items_purged_floors":[5],"is_endless":false,"potions_floor_spawned":[1,11,16,18,28,30],"killed_by":"Automaton","ascension_level":0}