{"gold_per_floor":[115,115,115,85,101,101,114,114,114,114,134,134,134,134,134,239,289,303,303,318,318,330,330,340,350,350,350,362,362],"floor_reached":29,"playtime":1961,"items_purged":[],"score":240,"play_id":"e151db89-89d6-464e-80e7-89930fccfbb6","local_time":"20181208152456","is_ascension_mode":false,"campfire_choices":[{"data":"Madness","floor":6,"key":"SMITH"},{"data":"Neutralize","floor":8,"key":"SMITH"},{"floor":13,"key":"REST"},{"data":"Crippling Poison","floor":15,"key":"SMITH"},{"floor":23,"key":"REST"},{"floor":27,"key":"REST"}],"neow_cost":"NONE","seed_source_timestamp":319827110658553,"circlet_count":0,"master_deck":["Defend_G","Defend_G","Defend_G","Defend_G","Defend_G+1","Strike_G","Strike_G","Strike_G+1","Strike_G","Strike_G","Survivor+1","Neutralize+1","Madness+1","Bane+1","Flying Knee","Backflip","Crippling Poison+1","Phantasmal Killer","Bouncing Flask","Quick Slash","Bane+1","Flying Knee+1","Poisoned Stab+1","PiercingWail+1"],"relics":["Ring of the Snake","Blue Candle","Tiny House","Pear"],"potions_floor_usage":[16,16,16,24,29],"damage_taken":[{"damage":0,"enemies":"Small Slimes","floor":1,"turns":3},{"damage":6,"enemies":"2 Louse","floor":5,"turns":3},{"damage":0,"enemies":"Cultist","floor":7,"turns":3},{"damage":0,"enemies":"Blue Slaver","floor":11,"turns":4},{"damage":69,"enemies":"Slime Boss","floor":16,"turns":19},{"damage":13,"enemies":"Spheric Guardian","floor":18,"turns":4},{"damage":33,"enemies":"3 Byrds","floor":20,"turns":5},{"damage":12,"enemies":"Snecko","floor":22,"turns":5},{"damage":16,"enemies":"Snake Plant","floor":24,"turns":5},{"damage":16,"enemies":"Cultist and Chosen","floor":25,"turns":6},{"damage":34,"enemies":"Chosen and Byrds","floor":28,"turns":7},{"damage":9,"enemies":"Centurion and Healer","floor":29,"turns":2}],"seed_played":"4794300514053878824","potions_obtained":[{"floor":4,"key":"Swift Potion"},{"floor":4,"key":"EssenceOfSteel"},{"floor":7,"key":"Dexterity Potion"},{"floor":17,"key":"Dexterity Potion"},{"floor":18,"key":"Ancient Potion"},{"floor":20,"key":"SteroidPotion"},{"floor":24,"key":"LiquidBronze"}],"is_trial":false,"path_per_floor":["M","?","?","?","M","R","M","R","T","?","M","$","R","?","R","B",null,"M","?","M","?","M","R","M","M","T","R","M","M"],"character_chosen":"THE_SILENT","items_purchased":[],"campfire_rested":3,"item_purchase_floors":[],"current_hp_per_floor":[70,70,70,70,64,64,64,64,64,50,50,50,70,70,70,1,75,62,62,29,29,17,39,23,7,17,42,8,0],"gold":362,"neow_bonus":"RANDOM_COLORLESS","is_prod":false,"is_daily":false,"chose_seed":false,"campfire_upgraded":3,"win_rate":0.0,"timestamp":1544311496,"path_taken":["M","?","?","?","?","R","M","R","T","?","M","$","R","?","R","BOSS","M","?","?","?","M","R","M","M","T","R","M","M"],"build_version":"2018-12-06","purchased_purges":0,"victory":false,"max_hp_per_floor":[70,70,70,70,70,70,70,70,70,70,70,70,70,70,70,70,75,75,75,75,75,75,75,75,75,85,85,85,85],"card_choices":[{"not_picked":["Finisher","Flying Knee"],"picked":"Bane","floor":1},{"not_picked":["All Out Attack","Cloak And Dagger"],"picked":"Flying Knee","floor":5},{"not_picked":["Acrobatics","Caltrops"],"picked":"Backflip","floor":7},{"not_picked":["Sucker Punch","Underhanded Strike"],"picked":"Crippling Poison","floor":11},{"not_picked":["Tools of the Trade","Storm of Steel"],"picked":"Phantasmal Killer","floor":16},{"not_picked":["Prepared","Underhanded Strike"],"picked":"Bouncing Flask","floor":17},{"not_picked":["Flechettes","Dash"],"picked":"Quick Slash","floor":18},{"not_picked":["Underhanded Strike","Accuracy"],"picked":"Flying Knee+1","floor":20},{"not_picked":["Outmaneuver","Skewer"],"picked":"Poisoned Stab+1","floor":22},{"not_picked":["Bouncing Flask","Choke","Accuracy"],"picked":"SKIP","floor":24},{"not_picked":["Dodge and Roll","Storm of Steel"],"picked":"PiercingWail+1","floor":25},{"not_picked":["Prepared","Choke","Crippling Poison"],"picked":"SKIP","floor":28}],"player_experience":176174,"relics_obtained":[{"floor":9,"key":"Blue Candle"},{"floor":26,"key":"Pear"}],"event_choices":[{"damage_healed":0,"gold_gain":0,"player_choice":"Ignored","damage_taken":0,"max_hp_gain":0,"max_hp_loss":0,"event_name":"Liars Game","floor":2,"gold_loss":0},{"damage_healed":0,"gold_gain":0,"player_choice":"Grow","damage_taken":0,"max_hp_gain":0,"max_hp_loss":0,"event_name":"Living Wall","floor":3,"gold_loss":0,"cards_upgraded":["Bane"]},{"damage_healed":0,"gold_gain":0,"player_choice":"Bought 2 Potions","damage_taken":0,"max_hp_gain":0,"max_hp_loss":0,"event_name":"The Woman in Blue","floor":4,"gold_loss":0},{"damage_healed":0,"gold_gain":0,"player_choice":"Entered Light","damage_taken":14,"max_hp_gain":0,"max_hp_loss":0,"event_name":"Shining Light","floor":10,"gold_loss":0,"cards_upgraded":["Survivor","Strike_G"]},{"damage_healed":0,"gold_gain":0,"player_choice":"Ignored","damage_taken":0,"max_hp_gain":0,"max_hp_loss":0,"event_name":"Purifier","floor":14,"gold_loss":0},{"damage_healed":0,"gold_gain":0,"player_choice":"Copied","damage_taken":0,"max_hp_gain":0,"max_hp_loss":0,"event_name":"Duplicator","floor":19,"gold_loss":0,"cards_obtained":["Bane"]},{"damage_healed":0,"gold_gain":0,"player_choice":"Ignored","damage_taken":0,"max_hp_gain":0,"max_hp_loss":0,"event_name":"Ghosts","floor":21,"gold_loss":0}],"is_beta":false,"boss_relics":[{"not_picked":["Ring of the Serpent","Orrery"],"picked":"Tiny House"}],"items_purged_floors":[],"is_endless":false,"potions_floor_spawned":[7,11,18,20,24],"killed_by":"Centurion and Healer","ascension_level":0}