{"path_per_floor":["M","?","$","?","M","E","R","M","T","M","M","M","?","?","R","B",null,"M","$","?","M","M","R","E","R","T","M","?","M","R","?","R"],"character_chosen":"THE_SILENT","items_purchased":["Tiny Chest"],"gold_per_floor":[16,191,0,75,88,114,114,130,177,189,209,229,229,229,229,325,355,372,272,272,291,310,310,341,341,364,374,374,390,390,313,313,313],"floor_reached":33,"campfire_rested":4,"playtime":1801,"item_purchase_floors":[3],"current_hp_per_floor":[61,61,61,50,50,6,27,27,27,27,27,27,50,50,50,8,60,50,50,36,35,32,56,8,32,32,23,49,48,48,48,72,0],"items_purged":["Doubt","Injury"],"gold":313,"score":401,"play_id":"cd6d3b6b-ca0b-41ab-aee0-bf75806fbcb1","local_time":"20180530211644","is_prod":false,"is_daily":false,"chose_seed":false,"is_ascension_mode":true,"campfire_upgraded":2,"win_rate":0,"timestamp":1527711404,"campfire_choices":[{"floor":7,"key":"REST"},{"data":"Skewer","floor":15,"key":"SMITH"},{"floor":23,"key":"REST"},{"floor":25,"key":"REST"},{"data":"Concentrate","floor":30,"key":"SMITH"},{"floor":32,"key":"REST"}],"path_taken":["M","?","$","?","?","E","R","M","T","M","M","M","?","?","R","BOSS","M","$","?","?","M","R","E","R","T","M","?","M","R","?","R","BOSS"],"build_version":"2018-05-24","seed_source_timestamp":642432657939489,"purchased_purges":2,"victory":false,"master_deck":["Defend_G","Defend_G","Defend_G","Defend_G","Defend_G","Strike_G","Strike_G","Strike_G","Strike_G+1","Strike_G","Survivor","Neutralize+1","AscendersBane","Backstab","Skewer+1","Dagger Spray","Backflip","Dash","Flying Knee","Phantasmal Killer","Well Laid Plans","Footwork+1","Concentrate+1","Deflect","Blur","J.A.X."],"max_hp_per_floor":[70,70,70,70,70,70,70,70,70,70,70,70,70,70,70,70,75,75,75,80,80,80,80,80,80,80,80,80,80,80,80,80,80],"relics":["Ring of the Snake","Ginger","Tiny Chest","Oddly Smooth Stone","Bag of Marbles","Tiny House","Gremlin Horn","Snake Skull"],"card_choices":[{"not_picked":["Caltrops","Bane"],"picked":"Backstab","floor":1},{"not_picked":["All Out Attack","Poisoned Stab"],"picked":"Skewer","floor":5},{"not_picked":["Well Laid Plans","Acrobatics"],"picked":"Dagger Spray","floor":6},{"not_picked":["Finisher","Quick Slash"],"picked":"Backflip","floor":8},{"not_picked":["Poisoned Stab","Slice","Outmaneuver"],"picked":"SKIP","floor":10},{"not_picked":["Riddle With Holes","Outmaneuver"],"picked":"Dash","floor":11},{"not_picked":["Dagger Throw","Quick Slash"],"picked":"Flying Knee","floor":12},{"not_picked":["Venomology","Corpse Explosion"],"picked":"Phantasmal Killer","floor":16},{"not_picked":["Slice","Blade Dance"],"picked":"Well Laid Plans","floor":18},{"not_picked":["Dodge and Roll","PiercingWail"],"picked":"Footwork+1","floor":21},{"not_picked":["Acrobatics","Deflect+1"],"picked":"Concentrate","floor":22},{"not_picked":["Flying Knee","Expertise"],"picked":"Deflect","floor":24},{"not_picked":["Cloak And Dagger+1","Sucker Punch"],"picked":"Blur","floor":27},{"not_picked":["Leg Sweep","Deflect","PiercingWail"],"picked":"SKIP","floor":29}],"player_experience":250412,"potions_floor_usage":[6,6,16,33,33,33],"damage_taken":[{"damage":2,"enemies":"Small Slimes","floor":1,"turns":4},{"damage":0,"enemies":"2 Louse","floor":5,"turns":3},{"damage":44,"enemies":"Lagavulin","floor":6,"turns":7},{"damage":0,"enemies":"Cultist","floor":8,"turns":3},{"damage":0,"enemies":"2 Fungi Beasts","floor":10,"turns":1},{"damage":0,"enemies":"Large Slime","floor":11,"turns":5},{"damage":0,"enemies":"3 Louse","floor":12,"turns":2},{"damage":42,"enemies":"Slime Boss","floor":16,"turns":10},{"damage":10,"enemies":"Shell Parasite","floor":18,"turns":5},{"damage":1,"enemies":"Chosen","floor":21,"turns":5},{"damage":3,"enemies":"Snake Plant","floor":22,"turns":4},{"damage":48,"enemies":"Book of Stabbing","floor":24,"turns":7},{"damage":9,"enemies":"Cultist and Chosen","floor":27,"turns":8},{"damage":1,"enemies":"3 Cultists","floor":29,"turns":5},{"damage":76,"enemies":"Automaton","floor":33,"turns":12}],"relics_obtained":[{"floor":6,"key":"Oddly Smooth Stone"},{"floor":9,"key":"Bag of Marbles"},{"floor":24,"key":"Gremlin Horn"},{"floor":26,"key":"Snake Skull"}],"event_choices":[{"event_name":"Liars Game","player_choice":"agreed","floor":2,"damage_taken":0},{"event_name":"World of Goop","player_choice":"Gather Gold","floor":4,"damage_taken":0},{"event_name":"Big Fish","player_choice":"Banana","floor":13,"damage_taken":0},{"event_name":"Accursed Blacksmith","player_choice":"Forge","floor":14,"damage_taken":0},{"event_name":"Forgotten Altar","player_choice":"Shed Blood","floor":20,"damage_taken":0},{"event_name":"The Library","player_choice":"Heal","floor":28,"damage_taken":0},{"event_name":"Drug Dealer","player_choice":"Got JAXXED","floor":31,"damage_taken":0}],"boss_relics":[{"not_picked":["Snecko Eye","Runic Pyramid"],"picked":"Tiny House"}],"items_purged_floors":[3,19],"potions_floor_spawned":[1,5,12,24,27,29],"seed_played":"-6911000638643740349","killed_by":"Automaton","ascension_level":10,"potions_obtained":[{"floor":1,"key":"GhostInAJar"},{"floor":5,"key":"GamblersBrew"},{"floor":12,"key":"FearPotion"},{"floor":17,"key":"GamblersBrew"},{"floor":24,"key":"Dexterity Potion"},{"floor":27,"key":"Swift Potion"},{"floor":29,"key":"FearPotion"}],"is_trial":false}