{"gold_per_floor":[112,112,37,12,12,38,38,38,38,38,38,64,79,108,108,206,206,218,1,1,19,19],"floor_reached":22,"playtime":655,"items_purged":["Defend_R"],"score":197,"play_id":"673e6240-1f5d-4ffc-acc3-405095c32f02","local_time":"20190415155556","is_ascension_mode":true,"campfire_choices":[{"floor":8,"key":"REST"},{"floor":11,"key":"REST"},{"floor":15,"key":"REST"}],"neow_cost":"PERCENT_DAMAGE","seed_source_timestamp":509562801108238,"circlet_count":0,"master_deck":["Strike_R","Strike_R","Strike_R","Strike_R","Defend_R","Defend_R","Bash","Limit Break+1","Anger","Pommel Strike","Sword Boomerang","Heavy Blade","Reaper","Armaments","Shrug It Off","Iron Wave"],"relics":["Burning Blood","PreservedInsect","Pocketwatch","Bottled Flame","Orichalcum","Pantograph","Empty Cage","Membership Card"],"potions_floor_usage":[14,18],"damage_taken":[{"damage":11,"enemies":"2 Louse","floor":1,"turns":3},{"damage":62,"enemies":"Lagavulin","floor":6,"turns":7},{"damage":4,"enemies":"Small Slimes","floor":13,"turns":3},{"damage":19,"enemies":"3 Sentries","floor":14,"turns":5},{"damage":74,"enemies":"The Guardian","floor":16,"turns":11},{"damage":39,"enemies":"2 Thieves","floor":18,"turns":4},{"damage":23,"enemies":"Spheric Guardian","floor":21,"turns":5},{"damage":47,"enemies":"Centurion and Healer","floor":22,"turns":6}],"seed_played":"-617199375097474806","potions_obtained":[{"floor":13,"key":"Poison Potion"},{"floor":16,"key":"Swift Potion"},{"floor":18,"key":"Ancient Potion"}],"is_trial":false,"path_per_floor":["M","?","$","?","?","E","$","R","T","?","R","T","M","E","R","B",null,"M","$","?","M","M"],"character_chosen":"IRONCLAD","items_purchased":["Membership Card","Shrug It Off"],"campfire_rested":3,"item_purchase_floors":[19,19],"current_hp_per_floor":[51,39,39,39,65,9,9,33,33,33,57,57,59,46,70,12,80,55,55,55,38,0],"gold":19,"neow_bonus":"THREE_RARE_CARDS","is_prod":false,"is_daily":false,"chose_seed":false,"campfire_upgraded":0,"win_rate":0,"timestamp":1555368956,"path_taken":["M","?","$","?","?","E","$","R","T","?","R","?","M","E","R","BOSS","M","$","?","M","M"],"build_version":"2019-01-23","purchased_purges":1,"victory":false,"max_hp_per_floor":[80,80,80,80,80,80,80,80,80,80,80,80,80,80,80,80,80,80,80,80,80,80],"card_choices":[{"not_picked":["Feed","Juggernaut"],"picked":"Limit Break","floor":0},{"not_picked":["Clothesline","Flame Barrier"],"picked":"Anger","floor":1},{"not_picked":["Flame Barrier","Dark Embrace"],"picked":"Pommel Strike","floor":6},{"not_picked":["Ghostly Armor","Seeing Red"],"picked":"Sword Boomerang","floor":13},{"not_picked":["Power Through","Infernal Blade"],"picked":"Heavy Blade","floor":14},{"not_picked":["Impervious","Berserk"],"picked":"Reaper","floor":16},{"not_picked":["Intimidate","Body Slam+1"],"picked":"Armaments","floor":18},{"not_picked":["Rage","Battle Trance+1"],"picked":"Iron Wave","floor":21}],"player_experience":430316,"relics_obtained":[{"floor":6,"key":"Pocketwatch"},{"floor":9,"key":"Bottled Flame"},{"floor":12,"key":"Orichalcum"},{"floor":14,"key":"Pantograph"}],"event_choices":[{"damage_healed":0,"gold_gain":0,"player_choice":"Success","damage_taken":12,"relics_obtained":["PreservedInsect"],"max_hp_gain":0,"max_hp_loss":0,"event_name":"Scrap Ooze","floor":2,"gold_loss":0},{"damage_healed":0,"gold_gain":0,"player_choice":"Left Gold","damage_taken":0,"max_hp_gain":0,"max_hp_loss":0,"event_name":"World of Goop","floor":4,"gold_loss":25},{"damage_healed":26,"gold_gain":0,"player_choice":"Banana","damage_taken":0,"max_hp_gain":0,"max_hp_loss":0,"event_name":"Big Fish","floor":5,"gold_loss":0},{"damage_healed":0,"gold_gain":0,"player_choice":"Grow","damage_taken":0,"max_hp_gain":0,"max_hp_loss":0,"event_name":"Living Wall","floor":10,"gold_loss":0,"cards_upgraded":["Limit Break"]},{"damage_healed":0,"gold_gain":0,"player_choice":"Ignored","damage_taken":0,"max_hp_gain":0,"max_hp_loss":0,"event_name":"Beggar","floor":20,"gold_loss":0}],"is_beta":false,"boss_relics":[{"not_picked":["Philosopher\u0027s Stone","Fusion Hammer"],"picked":"Empty Cage"}],"items_purged_floors":[3],"is_endless":false,"potions_floor_spawned":[13,16,18],"killed_by":"Centurion and Healer","ascension_level":1}