{"gold_per_floor":[112,112,124,136,61,61,90,90,90,119,119,146,164,89,89,168,168,182,192,192,208,208,208,236,236,261,261],"floor_reached":27,"playtime":2024,"items_purged":[],"score":548,"play_id":"dd4a3e6e-dd96-4717-a19d-4789adf375ab","local_time":"20190505132821","is_ascension_mode":true,"campfire_choices":[{"data":"Dagger Spray","floor":6.0,"key":"SMITH"},{"floor":8.0,"key":"REST"},{"data":"Footwork","floor":15.0,"key":"SMITH"},{"floor":23,"key":"REST"},{"floor":25,"key":"REST"}],"neow_cost":"NONE","seed_source_timestamp":282248342307380,"circlet_count":0,"master_deck":["AscendersBane","Defend_G+1","Defend_G","Defend_G","Defend_G","Defend_G","Strike_G","Survivor","Neutralize","Dagger Spray+1","Well Laid Plans+1","Choke","Glass Knife+1","Endless Agony","Footwork+1","After Image","Slice","Calculated Gamble","Neutralize","Deflect"],"special_seed":0,"relics":["Ring of the Snake","Letter Opener","PreservedInsect","Peace Pipe","Pear","Empty Cage","Potion Belt","Oddly Smooth Stone"],"potions_floor_usage":[19,24,27],"damage_taken":[{"damage":0.0,"enemies":"2 Louse","floor":1.0,"turns":3.0},{"damage":1.0,"enemies":"Small Slimes","floor":3.0,"turns":4.0},{"damage":3.0,"enemies":"Cultist","floor":4.0,"turns":4.0},{"damage":14.0,"enemies":"3 Sentries","floor":7.0,"turns":5.0},{"damage":11.0,"enemies":"Lagavulin","floor":10.0,"turns":5.0},{"damage":0.0,"enemies":"Gremlin Nob","floor":12.0,"turns":3.0},{"damage":3.0,"enemies":"3 Louse","floor":13.0,"turns":4.0},{"damage":2.0,"enemies":"The Guardian","floor":16.0,"turns":13.0},{"damage":13.0,"enemies":"3 Byrds","floor":18.0,"turns":6.0},{"damage":13,"enemies":"Spheric Guardian","floor":19,"turns":5},{"damage":11,"enemies":"Centurion and Healer","floor":21,"turns":10},{"damage":26,"enemies":"Gremlin Leader","floor":24,"turns":4},{"damage":29,"enemies":"Snecko","floor":27,"turns":7}],"seed_played":"-590323766096615298","potions_obtained":[{"floor":3.0,"key":"AttackPotion"},{"floor":12.0,"key":"LiquidBronze"},{"floor":13.0,"key":"Swift Potion"},{"floor":16.0,"key":"FearPotion"},{"floor":19,"key":"PowerPotion"},{"floor":24,"key":"SkillPotion"}],"is_trial":false,"path_per_floor":["M","?","M","M","?","R","E","R","T","E","?","E","M","?","R","B",null,"M","M","?","M","?","R","E","R","T","M"],"character_chosen":"THE_SILENT","items_purchased":[],"campfire_rested":3,"item_purchase_floors":[],"current_hp_per_floor":[59,39,38,35,35,35,21,40,40,29,29,39,36,36,36,34,66,53,40,18,7,7,31,5,29,29,0],"gold":261,"neow_bonus":"TRANSFORM_CARD","is_prod":false,"is_daily":false,"chose_seed":false,"campfire_upgraded":2,"win_rate":0,"timestamp":1557055701,"path_taken":["M","?","M","M","?","R","E","R","T","E","?","E","?","?","R","BOSS","M","M","?","M","?","R","E","R","T","M"],"build_version":"2019-01-23","purchased_purges":0,"victory":false,"max_hp_per_floor":[66,66,66,66,66,66,66,66,66,66,66,76,76,76,76,76,76,76,76,81,81,81,81,81,81,81,81],"card_choices":[{"not_picked":["Deflect","Eviscerate"],"picked":"Well Laid Plans","floor":1.0},{"not_picked":["Bane","Tactician","Dodge and Roll"],"picked":"SKIP","floor":3.0},{"not_picked":["Poisoned Stab","Flying Knee"],"picked":"Choke","floor":4.0},{"not_picked":["Flying Knee","Outmaneuver","Dagger Throw"],"picked":"SKIP","floor":7.0},{"not_picked":["Dagger Spray","Choke"],"picked":"Glass Knife","floor":10.0},{"not_picked":["Calculated Gamble","Deadly Poison"],"picked":"Endless Agony","floor":12.0},{"not_picked":["Well Laid Plans","Acrobatics"],"picked":"Footwork","floor":13.0},{"not_picked":["Envenom","Wraith Form v2"],"picked":"After Image","floor":16.0},{"not_picked":["Dodge and Roll","Backflip+1"],"picked":"Slice","floor":18.0},{"not_picked":["Prepared","Slice"],"picked":"Calculated Gamble","floor":19},{"not_picked":["Catalyst","Poisoned Stab","Slice"],"picked":"SKIP","floor":21},{"not_picked":["Prepared","Wraith Form v2"],"picked":"Deflect","floor":24}],"player_experience":2037853,"relics_obtained":[{"floor":7.0,"key":"Letter Opener"},{"floor":9.0,"key":"PreservedInsect"},{"floor":10.0,"key":"Peace Pipe"},{"floor":12.0,"key":"Pear"},{"floor":24,"key":"Potion Belt"},{"floor":26,"key":"Oddly Smooth Stone"}],"event_choices":[{"damage_healed":0.0,"max_hp_gain":0.0,"max_hp_loss":0.0,"gold_gain":0.0,"event_name":"Shining Light","player_choice":"Entered Light","floor":2.0,"gold_loss":0.0,"damage_taken":20.0,"cards_upgraded":["Well Laid Plans","Defend_G"]},{"damage_healed":0.0,"max_hp_gain":0.0,"max_hp_loss":0.0,"gold_gain":0.0,"event_name":"World of Goop","player_choice":"Left Gold","floor":5.0,"gold_loss":75.0,"damage_taken":0.0},{"damage_healed":0.0,"max_hp_gain":0.0,"max_hp_loss":0.0,"gold_gain":0.0,"event_name":"Upgrade Shrine","player_choice":"Upgraded","floor":11.0,"gold_loss":0.0,"damage_taken":0.0,"cards_upgraded":["Glass Knife"]},{"cards_removed":["Strike_G"],"damage_healed":0.0,"max_hp_gain":0.0,"max_hp_loss":0.0,"gold_gain":0.0,"event_name":"The Cleric","player_choice":"Card Removal","floor":14.0,"gold_loss":75.0,"damage_taken":0.0},{"damage_healed":0,"gold_gain":0,"player_choice":"Shed Blood","damage_taken":27,"max_hp_gain":5,"max_hp_loss":0,"event_name":"Forgotten Altar","floor":20,"gold_loss":0},{"damage_healed":0,"gold_gain":0,"player_choice":"1 cards matched","damage_taken":0,"max_hp_gain":0,"max_hp_loss":0,"event_name":"Match and Keep!","floor":22,"gold_loss":0,"cards_obtained":["Neutralize"]}],"is_beta":false,"boss_relics":[{"not_picked":["WristBlade","Lizard Tail"],"picked":"Empty Cage"}],"items_purged_floors":[],"is_endless":false,"potions_floor_spawned":[3,12,13,16,19,24],"killed_by":"Snecko","ascension_level":20}