{"gold_per_floor":[114,129,181,181,74,74,104,204,204,204,219,234,249,249,249,349,349,349,349,349,349,32,32,32,32],"floor_reached":25,"playtime":727,"items_purged":[],"score":203,"play_id":"1660f32d-a2e9-4891-9797-b5338cc3d0f1","local_time":"20190405230000","daily_mods":["SealedDeck","Red Cards","Lethality"],"is_ascension_mode":false,"campfire_choices":[{"data":"1","floor":6,"key":"LIFT"},{"floor":10,"key":"REST"},{"data":"Armaments","floor":15,"key":"SMITH"},{"floor":23,"key":"REST"}],"neow_cost":"","seed_source_timestamp":0,"circlet_count":0,"master_deck":["Dropkick","Ball Lightning","Cold Snap","Reinforced Body","Streamline","Darkness","Doom and Gloom","Melter","Uppercut","Capacitor","Anger","Flex","Tempest","Metallicize","Turbo","Blood for Blood","Armaments+1","Demon Form","Aggregate+1","Conserve Battery+1","Headbutt","Violence","Searing Blow","Impervious"],"special_seed":17992,"relics":["Cracked Core","Girya","Ancient Tea Set","Pear","Ectoplasm"],"potions_floor_usage":[16,18,21,24,25,25],"damage_taken":[{"damage":13,"enemies":"Small Slimes","floor":1,"turns":2},{"damage":0,"enemies":"2 Louse","floor":2,"turns":1},{"damage":33,"enemies":"3 Sentries","floor":7,"turns":4},{"damage":0,"enemies":"Cultist","floor":11,"turns":2},{"damage":0,"enemies":"Looter","floor":12,"turns":2},{"damage":8,"enemies":"Blue Slaver","floor":13,"turns":2},{"damage":44,"enemies":"The Guardian","floor":16,"turns":5},{"damage":11,"enemies":"Chosen","floor":18,"turns":2},{"damage":60,"enemies":"3 Byrds","floor":19,"turns":4},{"damage":15,"enemies":"Centurion and Healer","floor":21,"turns":4},{"damage":18,"enemies":"Snecko","floor":24,"turns":3},{"damage":20,"enemies":"Slavers","floor":25,"turns":1}],"seed_played":"-540605378630544762","potions_obtained":[{"floor":1,"key":"FairyPotion"},{"floor":11,"key":"Ancient Potion"},{"floor":16,"key":"Poison Potion"},{"floor":19,"key":"Strength Potion"},{"floor":21,"key":"Dexterity Potion"},{"floor":24,"key":"Explosive Potion"}],"is_trial":false,"path_per_floor":["M","M","?","?","$","R","E","?","T","R","M","M","M","?","R","B",null,"M","M","?","M","$","R","M","E"],"character_chosen":"DEFECT","items_purchased":["Tempest","Metallicize","Violence","Searing Blow","Energy Potion"],"campfire_rested":2,"item_purchase_floors":[5,5,22,22,22],"current_hp_per_floor":[62,62,62,55,55,55,22,22,32,57,57,57,49,49,49,5,85,74,14,14,8,8,33,15,0],"gold":32,"neow_bonus":"","is_prod":false,"is_daily":true,"chose_seed":false,"campfire_upgraded":1,"win_rate":0,"timestamp":1554530400,"path_taken":["M","M","?","?","$","R","E","?","T","R","M","M","?","?","R","BOSS","M","M","?","M","$","R","M","E"],"build_version":"2019-01-23","purchased_purges":0,"victory":false,"max_hp_per_floor":[75,75,75,75,75,75,75,75,85,85,85,85,85,85,85,85,85,85,85,85,85,85,85,85,85],"card_choices":[{"not_picked":["Clash","Burning Pact"],"picked":"Anger","floor":1},{"not_picked":["True Grit","Headbutt"],"picked":"Flex","floor":2},{"not_picked":["Machine Learning","Reprogram","Cold Snap"],"picked":"SKIP","floor":7},{"not_picked":["Ball Lightning","Havoc"],"picked":"Turbo","floor":11},{"not_picked":["Disarm","Steam"],"picked":"Blood for Blood","floor":12},{"not_picked":["Rampage","Sword Boomerang"],"picked":"Armaments","floor":13},{"not_picked":["Echo Form","Biased Cognition"],"picked":"Demon Form","floor":16},{"not_picked":["Battle Trance","Gash"],"picked":"Aggregate+1","floor":18},{"not_picked":["Sweeping Beam","Twin Strike+1"],"picked":"Conserve Battery+1","floor":19},{"not_picked":["Double Energy","Rebound+1"],"picked":"Headbutt","floor":21},{"not_picked":["Double Energy","Shrug It Off"],"picked":"Impervious","floor":24}],"player_experience":405237,"relics_obtained":[{"floor":7,"key":"Ancient Tea Set"},{"floor":9,"key":"Pear"}],"event_choices":[{"damage_healed":0,"gold_gain":52,"player_choice":"Gained Gold","damage_taken":0,"max_hp_gain":0,"max_hp_loss":0,"event_name":"Golden Wing","floor":3,"gold_loss":0},{"damage_healed":0,"gold_gain":0,"player_choice":"Success","damage_taken":7,"relics_obtained":["Girya"],"max_hp_gain":0,"max_hp_loss":0,"event_name":"Scrap Ooze","floor":4,"gold_loss":0},{"damage_healed":0,"gold_gain":100,"player_choice":"Pray","damage_taken":0,"max_hp_gain":0,"max_hp_loss":0,"event_name":"Golden Shrine","floor":8,"gold_loss":0},{"damage_healed":0,"gold_gain":0,"player_choice":"Ignored","damage_taken":0,"max_hp_gain":0,"max_hp_loss":0,"event_name":"Golden Idol","floor":14,"gold_loss":0},{"damage_healed":0,"gold_gain":0,"player_choice":"Ignored","damage_taken":0,"max_hp_gain":0,"max_hp_loss":0,"event_name":"The Mausoleum","floor":20,"gold_loss":0}],"is_beta":false,"boss_relics":[{"not_picked":["White Beast Statue","Cursed Key"],"picked":"Ectoplasm"}],"items_purged_floors":[],"is_endless":false,"potions_floor_spawned":[1,11,16,19,21,24],"killed_by":"Slavers","ascension_level":0}