{"gold_per_floor":[111,131,306,326,38,65,84,84,84,108,120,133,160,175,175,280,280,299,327,343,355,19,53,53,79,124,150,150,184,104,121,121,223,223,235,250,91,136,136,136,163,163,163,193,204,232,248,273,273,273,273,273,31,60,60],"floor_reached":56,"playtime":4491,"items_purged":["Doubt","Strike_G"],"score":1509,"play_id":"dd4902e3-1013-4b89-8ecb-2d2808d12892","local_time":"20190504133455","is_ascension_mode":true,"campfire_choices":[{"data":"After Image","floor":8,"key":"SMITH"},{"data":"Cloak And Dagger","floor":15,"key":"SMITH"},{"data":"Blade Dance","floor":24,"key":"SMITH"},{"data":"Venomology","floor":28,"key":"SMITH"},{"data":"Neutralize","floor":32,"key":"SMITH"},{"data":"A Thousand Cuts","floor":40,"key":"SMITH"},{"floor":42,"key":"RECALL"},{"floor":49,"key":"REST"},{"data":"Caltrops","floor":52,"key":"SMITH"}],"neow_cost":"NONE","seed_source_timestamp":513221914145984,"circlet_count":0,"master_deck":["Defend_G","Defend_G","Defend_G","Defend_G+1","Defend_G","Strike_G","Strike_G","Strike_G+1","Strike_G","Survivor","Neutralize+1","Flying Knee","Poisoned Stab","Quick Slash","Backstab+1","After Image+1","Backflip","PiercingWail+1","Backstab","Cloak And Dagger+1","Malaise","Caltrops+1","Blade Dance+1","Venomology+1","Well Laid Plans+1","Dagger Spray","Skewer+1","Blur+1","Sucker Punch+1","A Thousand Cuts+1","Deadly Poison+1","After Image+1","Deadly Poison+1","Terror+1","Backflip","Deadly Poison+1","Deadly Poison+1"],"relics":["Ring of the Snake","NeowsBlessing","Lantern","Whetstone","Potion Belt","Odd Mushroom","The Courier","WristBlade","Red Mask","Bag of Marbles","TwistedFunnel","Vajra","Dream Catcher","PreservedInsect","Orichalcum","Strawberry","Runic Dome","DollysMirror","StoneCalendar","War Paint","Regal Pillow","Anchor","Snake Skull","FossilizedHelix","Dead Branch"],"potions_floor_usage":[10,18,21,23,25,27,33,33,41,41,45,45,48,48,50,50,55,55,55],"damage_taken":[{"damage":0,"enemies":"Cultist","floor":1,"turns":1},{"damage":0,"enemies":"Small Slimes","floor":2,"turns":1},{"damage":0,"enemies":"Jaw Worm","floor":4,"turns":1},{"damage":22,"enemies":"Gremlin Nob","floor":6,"turns":5},{"damage":0,"enemies":"2 Fungi Beasts","floor":7,"turns":3},{"damage":6,"enemies":"The Mushroom Lair","floor":10,"turns":4},{"damage":0,"enemies":"Exordium Thugs","floor":11,"turns":4},{"damage":0,"enemies":"Lots of Slimes","floor":12,"turns":2},{"damage":7,"enemies":"3 Sentries","floor":13,"turns":7},{"damage":0,"enemies":"Large Slime","floor":14,"turns":5},{"damage":4,"enemies":"Hexaghost","floor":16,"turns":12},{"damage":0,"enemies":"2 Thieves","floor":18,"turns":4},{"damage":3,"enemies":"Masked Bandits","floor":19,"turns":5},{"damage":0,"enemies":"Spheric Guardian","floor":20,"turns":1},{"damage":1,"enemies":"Centurion and Healer","floor":21,"turns":8},{"damage":9,"enemies":"Gremlin Leader","floor":23,"turns":5},{"damage":3,"enemies":"Book of Stabbing","floor":25,"turns":5},{"damage":6,"enemies":"Gremlin Leader","floor":27,"turns":2},{"damage":0,"enemies":"Book of Stabbing","floor":29,"turns":3},{"damage":0,"enemies":"3 Cultists","floor":31,"turns":4},{"damage":56,"enemies":"Automaton","floor":33,"turns":14},{"damage":0,"enemies":"3 Shapes","floor":35,"turns":2},{"damage":0,"enemies":"Orb Walker","floor":36,"turns":1},{"damage":9,"enemies":"2 Orb Walkers","floor":38,"turns":4},{"damage":0,"enemies":"Nemesis","floor":41,"turns":3},{"damage":5,"enemies":"Giant Head","floor":44,"turns":6},{"damage":6,"enemies":"Maw","floor":45,"turns":7},{"damage":1,"enemies":"Nemesis","floor":46,"turns":3},{"damage":0,"enemies":"3 Darklings","floor":47,"turns":3},{"damage":39,"enemies":"Reptomancer","floor":48,"turns":3},{"damage":28,"enemies":"Time Eater","floor":50,"turns":11},{"damage":21,"enemies":"Shield and Spear","floor":54,"turns":4},{"damage":3,"enemies":"The Heart","floor":55,"turns":8}],"seed_played":"-369943049725864042","potions_obtained":[{"floor":6,"key":"Block Potion"},{"floor":7,"key":"SteroidPotion"},{"floor":11,"key":"Ancient Potion"},{"floor":14,"key":"Swift Potion"},{"floor":18,"key":"Weak Potion"},{"floor":19,"key":"SteroidPotion"},{"floor":23,"key":"SteroidPotion"},{"floor":31,"key":"LiquidBronze"},{"floor":44,"key":"AttackPotion"},{"floor":48,"key":"Ancient Potion"}],"is_trial":false,"path_per_floor":["M","M","?","M","$","E","M","R","T","?","M","M","E","M","R","B",null,"M","?","M","M","$","E","R","E","T","E","R","E","$","M","R","B",null,"M","M","$","?","?","R","E","R","T","E","M","E","M","E","R","B",null,"R","$","E","B",null],"character_chosen":"THE_SILENT","items_purchased":["Backstab","After Image","Lantern","Bag of Marbles","TwistedFunnel","DollysMirror","FossilizedHelix"],"campfire_rested":1,"item_purchase_floors":[5,5,5,22,22,37,53],"current_hp_per_floor":[70,70,70,70,70,48,48,48,48,42,42,42,35,35,35,31,70,70,67,67,66,66,57,57,68,68,62,62,69,69,69,69,13,77,77,77,77,68,68,68,68,68,68,63,57,56,56,17,53,25,73,73,73,52,49],"gold":60,"neow_bonus":"THREE_ENEMY_KILL","is_prod":false,"is_daily":false,"chose_seed":false,"campfire_upgraded":7,"win_rate":0,"timestamp":1556991295,"path_taken":["M","?","?","M","$","E","M","R","T","?","M","M","E","M","R","BOSS","M","?","M","M","$","E","R","E","T","E","R","E","$","M","R","BOSS","M","M","$","?","?","R","E","R","T","E","?","E","M","E","R","BOSS","R","$","E","BOSS"],"build_version":"2019-01-23","purchased_purges":2,"victory":true,"max_hp_per_floor":[70,70,70,70,70,70,70,70,70,70,70,70,70,70,70,70,70,70,70,70,70,70,70,70,70,70,70,70,77,77,77,77,77,77,77,77,77,77,73,73,73,73,73,73,73,73,73,73,73,73,73,73,73,73,73],"card_choices":[{"not_picked":["Bane","Quick Slash"],"picked":"Flying Knee","floor":1},{"not_picked":["Choke","Flying Knee"],"picked":"Poisoned Stab","floor":2},{"not_picked":["Backflip","Slice"],"picked":"Quick Slash","floor":4},{"not_picked":["Blade Dance","Slice"],"picked":"Backflip","floor":6},{"not_picked":["Acrobatics","Eviscerate"],"picked":"PiercingWail","floor":7},{"not_picked":["Endless Agony","Phantasmal Killer"],"picked":"Backstab","floor":10},{"not_picked":["PiercingWail","Dagger Spray"],"picked":"Cloak And Dagger","floor":11},{"not_picked":["Deflect","Noxious Fumes"],"picked":"Malaise","floor":12},{"not_picked":["Underhanded Strike","Unload"],"picked":"Caltrops","floor":13},{"not_picked":["Heel Hook","Deadly Poison"],"picked":"Blade Dance","floor":14},{"not_picked":["Wraith Form v2","After Image"],"picked":"Venomology","floor":16},{"not_picked":["Flying Knee","Dagger Spray","Tactician"],"picked":"SKIP","floor":18},{"not_picked":["Leg Sweep","Finisher"],"picked":"Well Laid Plans+1","floor":20},{"not_picked":["Slice","Flying Knee"],"picked":"Dagger Spray","floor":21},{"not_picked":["Underhanded Strike+1","Riddle With Holes"],"picked":"Skewer+1","floor":23},{"not_picked":["Unload","Quick Slash","Bane"],"picked":"SKIP","floor":25},{"not_picked":["Endless Agony","Calculated Gamble"],"picked":"Blur+1","floor":27},{"not_picked":["Terror","Underhanded Strike","Tactician"],"picked":"SKIP","floor":29},{"not_picked":["Backflip","Acrobatics"],"picked":"Sucker Punch+1","floor":31},{"not_picked":["Unload","Wraith Form v2"],"picked":"A Thousand Cuts","floor":33},{"not_picked":["Noxious Fumes+1","Dagger Throw","Slice"],"picked":"SKIP","floor":35},{"not_picked":["Bane","Distraction"],"picked":"Deadly Poison+1","floor":36},{"not_picked":["Bane+1","Concentrate"],"picked":"Deadly Poison+1","floor":38},{"not_picked":["Dagger Spray+1","Predator"],"picked":"Terror+1","floor":41},{"not_picked":["Infinite Blades+1","Flying Knee+1"],"picked":"Backflip","floor":44},{"not_picked":["Dodge and Roll","Tactician"],"picked":"Deadly Poison+1","floor":45},{"not_picked":["Grand Finale","Quick Slash+1"],"picked":"Deadly Poison+1","floor":46},{"not_picked":["Dagger Throw+1","Riddle With Holes","Deadly Poison"],"picked":"SKIP","floor":47},{"not_picked":["Cloak And Dagger","Caltrops","Slice"],"picked":"SKIP","floor":48},{"not_picked":["Cloak And Dagger","Flechettes+1","Deflect"],"picked":"SKIP","floor":54}],"player_experience":899407,"relics_obtained":[{"floor":6,"key":"Whetstone"},{"floor":9,"key":"Potion Belt"},{"floor":10,"key":"Odd Mushroom"},{"floor":13,"key":"The Courier"},{"floor":19,"key":"Red Mask"},{"floor":23,"key":"Vajra"},{"floor":25,"key":"Dream Catcher"},{"floor":26,"key":"PreservedInsect"},{"floor":27,"key":"Orichalcum"},{"floor":29,"key":"Strawberry"},{"floor":38,"key":"StoneCalendar"},{"floor":41,"key":"War Paint"},{"floor":44,"key":"Regal Pillow"},{"floor":46,"key":"Anchor"},{"floor":48,"key":"Snake Skull"},{"floor":54,"key":"Dead Branch"}],"event_choices":[{"damage_healed":0,"gold_gain":175,"player_choice":"AGREE","damage_taken":0,"max_hp_gain":0,"max_hp_loss":0,"event_name":"Liars Game","floor":3,"gold_loss":0,"cards_obtained":["Doubt"]},{"damage_healed":0,"gold_gain":0,"player_choice":"Fought Mushrooms","damage_taken":0,"max_hp_gain":0,"max_hp_loss":0,"event_name":"Mushrooms","floor":10,"gold_loss":0},{"damage_healed":0,"gold_gain":0,"player_choice":"Fought Bandits","damage_taken":0,"max_hp_gain":0,"max_hp_loss":0,"event_name":"Masked Bandits","floor":19,"gold_loss":0},{"damage_healed":0,"gold_gain":0,"player_choice":"Fight","damage_taken":0,"max_hp_gain":0,"max_hp_loss":0,"event_name":"Mysterious Sphere","floor":38,"gold_loss":0},{"damage_healed":0,"gold_gain":0,"player_choice":"Max HP","damage_taken":0,"max_hp_gain":0,"max_hp_loss":4,"event_name":"Winding Halls","floor":39,"gold_loss":0}],"is_beta":false,"boss_relics":[{"not_picked":["Calling Bell","Sozu"],"picked":"WristBlade"},{"not_picked":["Tiny House","White Beast Statue"],"picked":"Runic Dome"}],"items_purged_floors":[22,30],"is_endless":false,"potions_floor_spawned":[6,7,11,14,18,19,23,31,44,46,48],"ascension_level":1}