{"gold_per_floor":[159,219,279,339,87,87,12,12,12,12,12,89,116,206,206,521,521,566,68,113,113,158,158,248,275,287,344,371],"floor_reached":28,"playtime":1046,"items_purged":["Normality"],"score":336,"play_id":"9c9a3796-9c6a-4fb5-b84e-ef77b826575a","local_time":"20180829203235","daily_mods":["Allstar","Cursed Run","Midas"],"is_ascension_mode":false,"campfire_choices":[{"floor":6,"key":"REST"},{"floor":8,"key":"REST"},{"floor":10,"key":"REST"},{"floor":15,"key":"REST"},{"floor":23,"key":"REST"}],"neow_cost":"","seed_source_timestamp":0,"circlet_count":0,"master_deck":["Strike_R","Strike_R+1","Strike_R","Strike_R","Strike_R","Defend_R","Defend_R","Defend_R","Defend_R+1","Bash","Trip","Dark Shackles+1","Enlightenment+1","Good Instincts","HandOfGreed","Sword Boomerang","Thunderclap","Jack Of All Trades","Anger","Warcry","Heavy Blade+1","Double Tap","Decay","Inflame+1","Anger+1","Flex","Cleave+1","Anger+1","Enlightenment","Reckless Charge+1","Flex","Anger+1","Shame","Flex"],"special_seed":17773,"relics":["Cursed Key","Darkstone Periapt","Du-Vu Doll","Oddly Smooth Stone","Molten Egg 2","Odd Mushroom","War Paint","Astrolabe","Sling","MawBank","Dodecahedron"],"potions_floor_usage":[20,20,20],"damage_taken":[{"damage":1,"enemies":"Cultist","floor":1,"turns":3},{"damage":5,"enemies":"Small Slimes","floor":2,"turns":4},{"damage":4,"enemies":"2 Louse","floor":3,"turns":3},{"damage":8,"enemies":"Blue Slaver","floor":4,"turns":4},{"damage":8,"enemies":"The Mushroom Lair","floor":13,"turns":4},{"damage":9,"enemies":"3 Sentries","floor":14,"turns":6},{"damage":62,"enemies":"The Guardian","floor":16,"turns":11},{"damage":5,"enemies":"Chosen","floor":18,"turns":4},{"damage":17,"enemies":"3 Byrds","floor":20,"turns":5},{"damage":6,"enemies":"Snake Plant","floor":22,"turns":3},{"damage":40,"enemies":"Book of Stabbing","floor":24,"turns":4},{"damage":22,"enemies":"Colosseum Slavers","floor":25,"turns":3},{"damage":19,"enemies":"Snecko","floor":27,"turns":4},{"damage":24,"enemies":"Chosen and Byrds","floor":28,"turns":4}],"seed_played":"8318791093423734901","potions_obtained":[{"floor":1,"key":"BloodPotion"},{"floor":3,"key":"Strength Potion"},{"floor":16,"key":"Strength Potion"}],"is_trial":false,"path_per_floor":["M","M","M","M","$","R","$","R","T","R","?","?","?","E","R","B",null,"M","$","M","?","M","R","E","?","T","M"],"character_chosen":"IRONCLAD","items_purchased":["Oddly Smooth Stone","Jack Of All Trades","Anger","Warcry","Sling","Flex","Cleave+1","Anger+1","Enlightenment"],"campfire_rested":5,"item_purchase_floors":[5,5,7,7,19,19,19,19,19],"current_hp_per_floor":[79,74,70,62,62,80,80,80,86,86,69,69,61,52,77,21,101,96,96,89,69,63,94,54,32,38,19,0],"gold":371,"neow_bonus":"","is_prod":false,"is_daily":true,"chose_seed":false,"campfire_upgraded":0,"win_rate":0,"timestamp":1535599955,"path_taken":["M","M","M","M","?","R","$","R","T","R","?","?","?","E","R","BOSS","M","$","M","?","M","R","E","?","T","M","M"],"build_version":"2018-08-23v2","purchased_purges":1,"victory":false,"max_hp_per_floor":[80,80,80,80,80,80,80,80,86,86,86,86,86,86,86,92,101,101,101,101,106,106,106,106,106,112,112,112],"card_choices":[{"not_picked":["Perfected Strike","Shrug It Off"],"picked":"Warcry","floor":1},{"not_picked":["Clash","Headbutt"],"picked":"Sword Boomerang","floor":2},{"not_picked":["Headbutt","Fire Breathing"],"picked":"Thunderclap","floor":3},{"not_picked":["Dropkick","Rupture","Entrench"],"picked":"SKIP","floor":4},{"not_picked":["Perfected Strike+1","Headbutt+1"],"picked":"Heavy Blade+1","floor":13},{"not_picked":["Clothesline+1","Evolve","Havoc"],"picked":"SKIP","floor":14},{"not_picked":["Exhume","Brutality"],"picked":"Double Tap","floor":16},{"not_picked":["Shockwave+1","Infernal Blade"],"picked":"Anger+1","floor":18},{"not_picked":["Shrug It Off","Armaments"],"picked":"Reckless Charge+1","floor":20},{"not_picked":["Sword Boomerang+1","Carnage+1"],"picked":"Flex","floor":22},{"not_picked":["Juggernaut","Body Slam+1"],"picked":"Anger+1","floor":24},{"not_picked":["Thunderclap+1","Searing Blow+1"],"picked":"Flex","floor":27}],"player_experience":52067,"relics_obtained":[{"floor":9,"key":"Molten Egg 2"},{"floor":13,"key":"Odd Mushroom"},{"floor":14,"key":"War Paint"},{"floor":24,"key":"MawBank"},{"floor":26,"key":"Dodecahedron"}],"event_choices":[{"event_name":"Shining Light","player_choice":"Entered Light","floor":11,"damage_taken":0},{"event_name":"Golden Wing","player_choice":"Gained Gold","floor":12,"damage_taken":0},{"event_name":"Mushrooms","player_choice":"Fought Mushrooms","floor":13,"damage_taken":0},{"event_name":"Forgotten Altar","player_choice":"Shed Blood","floor":21,"damage_taken":0},{"event_name":"Colosseum","player_choice":"Fight","floor":25,"damage_taken":0},{"event_name":"Colosseum","player_choice":"Fled From Nobs","floor":25,"damage_taken":0}],"is_beta":false,"boss_relics":[{"not_picked":["Ectoplasm","Velvet Choker"],"picked":"Astrolabe"}],"items_purged_floors":[19],"is_endless":false,"potions_floor_spawned":[1,3,16,18],"killed_by":"Chosen and Byrds","ascension_level":0}