{"gold_per_floor":[116,116,136,152,152,152,169,188,188,205,6,6,19,32,32,129,129,140,240,240,240,253,253,43,56,56,56,56,87,141,16,16,116,116,129,129,43,43,61,61,76,76,76,76,94,94,111,40,40,40],"floor_reached":51,"playtime":2242,"items_purged":["Writhe"],"score":782,"play_id":"b5e26059-f469-4ef0-ab33-b713fec079ce","local_time":"20190503203600","is_ascension_mode":false,"campfire_choices":[{"data":"Compile Driver","floor":6,"key":"SMITH"},{"data":"Coolheaded","floor":15,"key":"SMITH"},{"data":"Buffer","floor":23,"key":"SMITH"},{"floor":27,"key":"REST"},{"floor":32,"key":"REST"},{"floor":40,"key":"REST"},{"data":"Madness","floor":42,"key":"SMITH"},{"data":"Madness","floor":44,"key":"SMITH"},{"data":"Seek","floor":46,"key":"SMITH"},{"data":"Capacitor","floor":49,"key":"SMITH"}],"neow_cost":"NONE","seed_source_timestamp":4000671806148029,"circlet_count":0,"master_deck":["Strike_B+1","Defend_B+1","Defend_B+1","Defend_B+1","Defend_B+1","Zap+1","Dualcast","Rebound+1","Compile Driver+1","Capacitor+1","Leap","Conserve Battery","Conserve Battery","Coolheaded+1","Sweeping Beam","Core Surge+1","Undo+1","Heatsinks+1","Meteor Strike+1","Buffer+1","Seek+1","Coolheaded","Conserve Battery","Reinforced Body","Machine Learning+1","Compile Driver","Mayhem+1","Self Repair+1","Turbo","Madness+1","Madness+1","Force Field","Heatsinks+1","Reprogram+1","Chill+1","Seek"],"relics":["Cracked Core","Happy Flower","Mummified Hand","Potion Belt","Symbiotic Virus","Astrolabe","Du-Vu Doll","Sundial","Torii","Pantograph","Frozen Egg 2","Oddly Smooth Stone","White Beast Statue","Whetstone"],"potions_floor_usage":[8,16,18,18,18,19,29,29,45,50,50,50,50,50],"damage_taken":[{"damage":2,"enemies":"2 Louse","floor":1,"turns":2},{"damage":1,"enemies":"Jaw Worm","floor":3,"turns":3},{"damage":0,"enemies":"Small Slimes","floor":4,"turns":2},{"damage":4,"enemies":"2 Fungi Beasts","floor":7,"turns":3},{"damage":0,"enemies":"Exordium Thugs","floor":8,"turns":3},{"damage":0,"enemies":"3 Louse","floor":10,"turns":3},{"damage":0,"enemies":"Blue Slaver","floor":13,"turns":4},{"damage":1,"enemies":"Exordium Wildlife","floor":14,"turns":3},{"damage":24,"enemies":"Hexaghost","floor":16,"turns":9},{"damage":6,"enemies":"3 Byrds","floor":18,"turns":4},{"damage":11,"enemies":"Colosseum Slavers","floor":19,"turns":5},{"damage":0,"enemies":"Colosseum Nobs","floor":19,"turns":3},{"damage":9,"enemies":"2 Thieves","floor":22,"turns":3},{"damage":0,"enemies":"Shelled Parasite and Fungi","floor":25,"turns":7},{"damage":26,"enemies":"Gremlin Leader","floor":29,"turns":10},{"damage":0,"enemies":"Automaton","floor":33,"turns":13},{"damage":15,"enemies":"3 Darklings","floor":35,"turns":10},{"damage":28,"enemies":"3 Shapes","floor":39,"turns":3},{"damage":0,"enemies":"Jaw Worm Horde","floor":41,"turns":5},{"damage":7,"enemies":"4 Shapes","floor":45,"turns":4},{"damage":1,"enemies":"Sphere and 2 Shapes","floor":47,"turns":7},{"damage":0,"enemies":"Donu and Deca","floor":50,"turns":13}],"seed_played":"5095466229306527581","potions_obtained":[{"floor":1,"key":"Swift Potion"},{"floor":7,"key":"EssenceOfSteel"},{"floor":10,"key":"Block Potion"},{"floor":14,"key":"Swift Potion"},{"floor":16,"key":"GamblersBrew"},{"floor":21,"key":"Strength Potion"},{"floor":21,"key":"LiquidBronze"},{"floor":21,"key":"SneckoOil"},{"floor":22,"key":"LiquidBronze"},{"floor":25,"key":"Weak Potion"},{"floor":29,"key":"SpeedPotion"},{"floor":35,"key":"Ancient Potion"},{"floor":39,"key":"Block Potion"},{"floor":41,"key":"SpeedPotion"},{"floor":45,"key":"SteroidPotion"},{"floor":47,"key":"SpeedPotion"}],"is_trial":false,"path_per_floor":["M","?","M","M","?","R","M","M","T","M","$","T","M","M","R","B",null,"M","?","?","?","M","R","$","M","T","R","?","E","T","$","R","B",null,"M","?","$","?","M","R","M","R","T","R","M","R","M","$","R","B",null],"character_chosen":"DEFECT","items_purchased":["Potion Belt","Fire Potion","Seek","Coolheaded","Dexterity Potion","Self Repair+1","Turbo","Seek"],"campfire_rested":3,"item_purchase_floors":[11,11,24,24,31,37,37,48],"current_hp_per_floor":[73,55,54,54,54,54,50,50,50,50,50,50,50,49,49,25,75,69,58,58,58,49,49,49,49,49,71,71,45,45,45,67,75,75,60,60,60,51,33,55,65,65,65,65,68,68,75,75,75,75],"gold":40,"neow_bonus":"THREE_CARDS","is_prod":false,"is_daily":false,"chose_seed":false,"campfire_upgraded":7,"win_rate":0,"timestamp":1556912160,"path_taken":["M","?","M","M","?","R","M","M","T","M","$","?","M","M","R","BOSS","M","?","?","?","?","R","$","M","T","R","?","E","?","?","R","BOSS","M","?","$","?","M","R","M","R","T","R","M","R","M","?","R","BOSS"],"build_version":"2019-01-23","purchased_purges":1,"victory":true,"max_hp_per_floor":[75,75,75,75,75,75,75,75,75,75,75,75,75,75,75,75,75,75,75,75,75,75,75,75,75,75,75,75,75,75,75,75,75,75,75,75,75,75,75,75,75,75,75,75,75,75,75,75,75,75],"card_choices":[{"not_picked":["Redo","Stack"],"picked":"Rebound","floor":0},{"not_picked":["BootSequence","Streamline"],"picked":"Compile Driver","floor":1},{"not_picked":["Stack","Melter"],"picked":"Capacitor","floor":3},{"not_picked":["Go for the Eyes","Steam"],"picked":"Leap","floor":4},{"not_picked":["Rebound","Compile Driver"],"picked":"Conserve Battery","floor":7},{"not_picked":["Fission","Compile Driver"],"picked":"Conserve Battery","floor":8},{"not_picked":["Gash","Leap"],"picked":"Coolheaded","floor":10},{"not_picked":["Double Energy","Compile Driver"],"picked":"Sweeping Beam","floor":13},{"not_picked":["Go for the Eyes","Compile Driver","Barrage"],"picked":"SKIP","floor":14},{"not_picked":["Echo Form","Hyperbeam"],"picked":"Core Surge","floor":16},{"not_picked":["Go for the Eyes+1","Barrage+1","Gash+1"],"picked":"SKIP","floor":18},{"not_picked":["Conserve Battery","Cold Snap+1"],"picked":"Buffer","floor":22},{"not_picked":["Force Field+1","Steam"],"picked":"Conserve Battery","floor":25},{"not_picked":["Blizzard","Aggregate"],"picked":"Reinforced Body","floor":29},{"not_picked":["Core Surge","Meteor Strike"],"picked":"Machine Learning+1","floor":33},{"not_picked":["Blizzard","Sweeping Beam"],"picked":"Compile Driver","floor":35},{"not_picked":["Forethought","Panache+1"],"picked":"Mayhem+1","floor":36},{"not_picked":["Sweeping Beam","Stack"],"picked":"Force Field","floor":39},{"not_picked":["Gash+1","Lockon"],"picked":"Heatsinks+1","floor":41},{"not_picked":["Steam+1","Streamline"],"picked":"Reprogram+1","floor":45},{"not_picked":["Redo+1","Recycle+1"],"picked":"Chill+1","floor":47}],"player_experience":802527,"relics_obtained":[{"floor":9,"key":"Mummified Hand"},{"floor":12,"key":"Symbiotic Virus"},{"floor":19,"key":"Du-Vu Doll"},{"floor":19,"key":"Sundial"},{"floor":26,"key":"Torii"},{"floor":29,"key":"Frozen Egg 2"},{"floor":30,"key":"Oddly Smooth Stone"},{"floor":43,"key":"Whetstone"}],"event_choices":[{"damage_healed":0,"gold_gain":0,"player_choice":"Success","damage_taken":18,"relics_obtained":["Happy Flower"],"max_hp_gain":0,"max_hp_loss":0,"event_name":"Scrap Ooze","floor":2,"gold_loss":0},{"damage_healed":0,"gold_gain":0,"player_choice":"Grow","damage_taken":0,"max_hp_gain":0,"max_hp_loss":0,"event_name":"Living Wall","floor":5,"gold_loss":0,"cards_upgraded":["Zap"]},{"damage_healed":0,"gold_gain":0,"player_choice":"Fight","damage_taken":0,"max_hp_gain":0,"max_hp_loss":0,"event_name":"Colosseum","floor":19,"gold_loss":0},{"damage_healed":0,"gold_gain":0,"player_choice":"Fought Nobs","damage_taken":0,"max_hp_gain":0,"max_hp_loss":0,"event_name":"Colosseum","floor":19,"gold_loss":0},{"damage_healed":0,"gold_gain":0,"player_choice":"Simplicity","damage_taken":0,"max_hp_gain":0,"max_hp_loss":0,"event_name":"Back to Basics","floor":20,"gold_loss":0,"cards_upgraded":["Strike_B","Defend_B","Defend_B","Defend_B","Defend_B"]},{"damage_healed":0,"gold_gain":0,"player_choice":"Got Potions","damage_taken":0,"max_hp_gain":0,"max_hp_loss":0,"event_name":"Lab","floor":21,"gold_loss":0},{"damage_healed":0,"gold_gain":0,"player_choice":"Opened","damage_taken":0,"relics_obtained":["Pantograph"],"max_hp_gain":0,"max_hp_loss":0,"event_name":"The Mausoleum","floor":28,"gold_loss":0,"cards_obtained":["Writhe"]},{"damage_healed":0,"gold_gain":0,"player_choice":"Memory 1","damage_taken":0,"max_hp_gain":0,"max_hp_loss":0,"event_name":"SensoryStone","floor":36,"gold_loss":0},{"damage_healed":0,"gold_gain":0,"player_choice":"Embrace Madness","damage_taken":9,"max_hp_gain":0,"max_hp_loss":0,"event_name":"Winding Halls","floor":38,"gold_loss":0,"cards_obtained":["Madness","Madness"]}],"is_beta":false,"boss_relics":[{"not_picked":["Fusion Hammer","Ectoplasm"],"picked":"Astrolabe"},{"not_picked":["Philosopher\u0027s Stone","Calling Bell"],"picked":"White Beast Statue"}],"items_purged_floors":[31],"is_endless":false,"potions_floor_spawned":[1,7,10,14,16,19,22,25,29,35,39,41,45,47],"ascension_level":0}