{"gold_per_floor":[111,123,143,160,235,235,254,254,254,274,274,148,167,167,167,265,265,277,207,223,223,138,138,154,154,154,154],"floor_reached":27,"playtime":2862,"items_purged":[],"score":205,"play_id":"e3b7b94b-24b4-4dea-be6f-a42fbd5fa2b9","local_time":"20190503125827","is_ascension_mode":false,"campfire_choices":[{"data":"Metallicize","floor":6.0,"key":"SMITH"},{"data":"Searing Blow","floor":8.0,"key":"SMITH"},{"data":"Metallicize","floor":11.0,"key":"SMITH"},{"data":"Searing Blow+1","floor":15.0,"key":"SMITH"},{"data":"Barricade","floor":23,"key":"SMITH"},{"data":"Searing Blow+2","floor":25,"key":"SMITH"}],"neow_cost":"NONE","seed_source_timestamp":0,"circlet_count":0,"master_deck":["Strike_R","Strike_R","Defend_R","Defend_R","Defend_R","Defend_R","Bash","Metallicize+1","Iron Wave","Metallicize+1","Searing Blow+3","Intimidate","Corruption","Havoc","Shrug It Off","Barricade+1","Sentinel+1","Dropkick+1","Dual Wield+1","Feel No Pain","Sentinel"],"special_seed":0,"relics":["Burning Blood","NeowsBlessing","Question Card","Astrolabe","Smiling Mask","Matryoshka"],"potions_floor_usage":[27],"damage_taken":[{"damage":0.0,"enemies":"Cultist","floor":1.0,"turns":1.0},{"damage":0.0,"enemies":"Jaw Worm","floor":2.0,"turns":1.0},{"damage":0.0,"enemies":"Small Slimes","floor":3.0,"turns":1.0},{"damage":3.0,"enemies":"3 Louse","floor":4.0,"turns":6.0},{"damage":6.0,"enemies":"Exordium Wildlife","floor":7.0,"turns":9.0},{"damage":3.0,"enemies":"Red Slaver","floor":10.0,"turns":5.0},{"damage":11.0,"enemies":"Lots of Slimes","floor":13.0,"turns":5.0},{"damage":43.0,"enemies":"Slime Boss","floor":16.0,"turns":20.0},{"damage":15.0,"enemies":"Spheric Guardian","floor":18.0,"turns":12.0},{"damage":0.0,"enemies":"Chosen","floor":20.0,"turns":10.0},{"damage":16,"enemies":"Shelled Parasite and Fungi","floor":24,"turns":16},{"damage":75,"enemies":"Cultist and Chosen","floor":27,"turns":11}],"seed_played":"9102981949988187700","potions_obtained":[{"floor":1.0,"key":"LiquidBronze"},{"floor":7.0,"key":"GamblersBrew"},{"floor":10.0,"key":"BloodPotion"}],"is_trial":false,"path_per_floor":["M","M","M","M","?","R","M","R","T","M","R","$","M","$","R","B",null,"M","$","M","?","?","R","M","R","T","M"],"character_chosen":"IRONCLAD","items_purchased":["Corruption","Havoc","Feel No Pain"],"campfire_rested":0,"item_purchase_floors":[12,12,19],"current_hp_per_floor":[80,80,80,80,69,69,69,69,69,72,72,72,67,67,67,30,80,71,71,77,77,77,77,67,67,67,0],"gold":154,"neow_bonus":"THREE_ENEMY_KILL","is_prod":false,"is_daily":false,"chose_seed":false,"campfire_upgraded":6,"win_rate":0.0,"timestamp":1556881107,"path_taken":["M","?","M","M","?","R","M","R","T","M","R","$","M","$","R","BOSS","M","$","M","?","?","R","M","R","T","M"],"build_version":"2019-01-23","purchased_purges":0,"victory":false,"max_hp_per_floor":[80,80,80,80,80,80,80,80,80,80,80,80,80,80,80,80,80,80,80,80,80,80,80,80,80,80,80],"card_choices":[{"not_picked":["Heavy Blade","Pommel Strike"],"picked":"Metallicize","floor":1.0},{"not_picked":["Anger","Thunderclap"],"picked":"Iron Wave","floor":2.0},{"not_picked":["Iron Wave","Rampage"],"picked":"Metallicize","floor":3.0},{"not_picked":["Sword Boomerang","Sever Soul","Twin Strike"],"picked":"SKIP","floor":4.0},{"not_picked":["Rupture","Twin Strike"],"picked":"Searing Blow","floor":7.0},{"not_picked":["Anger","Pummel","Limit Break"],"picked":"Intimidate","floor":10.0},{"not_picked":["Anger","Twin Strike","Sword Boomerang"],"picked":"Shrug It Off","floor":13.0},{"not_picked":["Fiend Fire","Demon Form","Dark Embrace"],"picked":"Barricade","floor":16.0},{"not_picked":["Warcry","Flex","Sword Boomerang","Armaments"],"picked":"SKIP","floor":18.0},{"not_picked":["Rupture","Anger","Twin Strike"],"picked":"Sentinel","floor":20.0},{"not_picked":["Reckless Charge","Clash+1","Twin Strike+1","Perfected Strike"],"picked":"SKIP","floor":24}],"player_experience":117165,"relics_obtained":[{"floor":9.0,"key":"Question Card"},{"floor":26,"key":"Matryoshka"}],"event_choices":[{"damage_healed":0.0,"max_hp_gain":0.0,"max_hp_loss":0.0,"gold_gain":75.0,"event_name":"World of Goop","player_choice":"Gather Gold","floor":5.0,"gold_loss":0.0,"damage_taken":11.0},{"damage_healed":0.0,"max_hp_gain":0.0,"max_hp_loss":0.0,"gold_gain":0.0,"event_name":"Vampires","player_choice":"Ignored","floor":21.0,"gold_loss":0.0,"damage_taken":0.0},{"damage_healed":0.0,"max_hp_gain":0.0,"max_hp_loss":0.0,"gold_gain":0.0,"event_name":"Addict","player_choice":"Obtained Relic","floor":22.0,"gold_loss":85.0,"damage_taken":0.0,"relics_obtained":["Smiling Mask"]}],"is_beta":false,"boss_relics":[{"not_picked":["Calling Bell","Philosopher\u0027s Stone"],"picked":"Astrolabe"}],"items_purged_floors":[],"is_endless":false,"potions_floor_spawned":[1,7,10,13,18,24],"killed_by":"Cultist and Chosen","ascension_level":0}