{"gold_per_floor":[109,11,27,37,112,112,130,142,172,172,190,190,202,20,20,118,168,185,185,205,205,218,218,228,228,252,264,295,295,295,305,305,305],"floor_reached":33,"playtime":3250,"items_purged":["Strike_R"],"score":286,"play_id":"c5c7e6e9-2c7a-40df-ab13-2ee6ef7a31bc","local_time":"20190503143704","is_ascension_mode":false,"campfire_choices":[{"data":"True Grit","floor":6,"key":"SMITH"},{"data":"Inflame","floor":10,"key":"SMITH"},{"data":"Heavy Blade","floor":12,"key":"SMITH"},{"data":"Enlightenment","floor":15,"key":"SMITH"},{"data":"Demon Form","floor":23,"key":"SMITH"},{"data":"Armaments","floor":25,"key":"SMITH"},{"data":"Disarm","floor":29,"key":"SMITH"},{"floor":32,"key":"REST"}],"neow_cost":"PERCENT_DAMAGE","seed_source_timestamp":15246125105019,"circlet_count":0,"master_deck":["Strike_R","Strike_R+1","Defend_R","Defend_R","Defend_R","Bash","Heavy Blade+1","Shrug It Off","True Grit+1","Flame Barrier","Seeing Red","Inflame+1","Demon Form+1","Armaments+1","Seeing Red","Enlightenment+1","Headbutt","Limit Break","Disarm","Disarm+1","Heavy Blade","Shrug It Off","Limit Break"],"relics":["Burning Blood","Tiny Chest","Tiny House","Ancient Tea Set","Dream Catcher","Lantern"],"potions_floor_usage":[24,27,28,33,33],"damage_taken":[{"damage":6,"enemies":"Jaw Worm","floor":1,"turns":4},{"damage":0,"enemies":"2 Louse","floor":3,"turns":4},{"damage":2,"enemies":"Cultist","floor":4,"turns":4},{"damage":2,"enemies":"2 Fungi Beasts","floor":7,"turns":6},{"damage":0,"enemies":"Blue Slaver","floor":8,"turns":5},{"damage":8,"enemies":"Large Slime","floor":11,"turns":9},{"damage":5,"enemies":"Looter","floor":13,"turns":2},{"damage":26,"enemies":"The Guardian","floor":16,"turns":8},{"damage":9,"enemies":"Shell Parasite","floor":18,"turns":6},{"damage":16,"enemies":"Chosen","floor":20,"turns":7},{"damage":25,"enemies":"Snake Plant","floor":22,"turns":5},{"damage":31,"enemies":"Shelled Parasite and Fungi","floor":24,"turns":7},{"damage":1,"enemies":"Chosen and Byrds","floor":27,"turns":7},{"damage":14,"enemies":"Book of Stabbing","floor":28,"turns":7},{"damage":24,"enemies":"Snecko","floor":31,"turns":7},{"damage":78,"enemies":"Collector","floor":33,"turns":7}],"seed_played":"3753972145367849862","potions_obtained":[{"floor":3,"key":"Weak Potion"},{"floor":4,"key":"LiquidBronze"},{"floor":7,"key":"Explosive Potion"},{"floor":16,"key":"Regen Potion"},{"floor":27,"key":"BloodPotion"},{"floor":28,"key":"FearPotion"}],"is_trial":false,"path_per_floor":["M","$","M","M","?","R","M","M","T","R","M","R","M","$","R","B",null,"M","?","M","T","M","R","M","R","T","M","E","R","?","M","R","B"],"character_chosen":"IRONCLAD","items_purchased":["Shrug It Off","Seeing Red","Enlightenment","Headbutt"],"campfire_rested":1,"item_purchase_floors":[2,14,14,14],"current_hp_per_floor":[56,56,62,66,55,55,59,65,65,65,63,63,64,64,64,44,85,82,82,72,72,53,53,43,43,43,48,48,48,48,30,55,0],"gold":305,"neow_bonus":"REMOVE_TWO","is_prod":false,"is_daily":false,"chose_seed":false,"campfire_upgraded":7,"win_rate":0.0,"timestamp":1556887024,"path_taken":["M","$","M","M","?","R","M","M","T","R","M","R","M","$","R","BOSS","M","?","M","?","?","R","M","R","T","M","E","R","?","M","R","BOSS"],"build_version":"2019-01-23","purchased_purges":1,"victory":false,"max_hp_per_floor":[80,80,80,80,80,80,80,80,80,80,80,80,80,80,80,80,85,85,85,85,85,85,85,85,85,85,85,85,85,85,85,85,85],"card_choices":[{"not_picked":["Body Slam","Wild Strike"],"picked":"Heavy Blade","floor":1},{"not_picked":["Shrug It Off","Pommel Strike"],"picked":"True Grit","floor":3},{"not_picked":["Battle Trance","Headbutt"],"picked":"Flame Barrier","floor":4},{"not_picked":["Heavy Blade","Spot Weakness"],"picked":"Seeing Red","floor":7},{"not_picked":["Clash","Warcry"],"picked":"Inflame","floor":8},{"not_picked":["Body Slam","Pommel Strike"],"picked":"Demon Form","floor":11},{"not_picked":["Warcry","Sever Soul"],"picked":"Armaments","floor":13},{"not_picked":["Dark Embrace","Exhume"],"picked":"Limit Break","floor":16},{"not_picked":["Shrug It Off","Perfected Strike"],"picked":"Disarm","floor":17},{"not_picked":["Sentinel+1","Body Slam"],"picked":"Disarm","floor":18},{"not_picked":["Combust+1","Thunderclap","Sword Boomerang"],"picked":"SKIP","floor":20},{"not_picked":["Perfected Strike","Evolve"],"picked":"Heavy Blade","floor":22},{"not_picked":["True Grit","Whirlwind","Iron Wave"],"picked":"SKIP","floor":24},{"not_picked":["Twin Strike","Warcry"],"picked":"Shrug It Off","floor":27},{"not_picked":["Brutality","Shrug It Off"],"picked":"Limit Break","floor":28},{"not_picked":["Spot Weakness","Perfected Strike+1","Flex"],"picked":"SKIP","floor":31}],"player_experience":122668,"relics_obtained":[{"floor":9,"key":"Tiny Chest"},{"floor":21,"key":"Ancient Tea Set"},{"floor":26,"key":"Dream Catcher"},{"floor":28,"key":"Lantern"}],"event_choices":[{"damage_healed":0,"gold_gain":75,"player_choice":"Gather Gold","damage_taken":11,"max_hp_gain":0,"max_hp_loss":0,"event_name":"World of Goop","floor":5,"gold_loss":0},{"cards_removed":["Defend_R"],"damage_healed":0,"gold_gain":0,"player_choice":"Elegance","damage_taken":0,"max_hp_gain":0,"max_hp_loss":0,"event_name":"Back to Basics","floor":19,"gold_loss":0},{"damage_healed":0,"gold_gain":0,"player_choice":"Ignored","damage_taken":0,"max_hp_gain":0,"max_hp_loss":0,"event_name":"Ghosts","floor":30,"gold_loss":0}],"is_beta":false,"boss_relics":[{"not_picked":["Runic Pyramid","Snecko Eye"],"picked":"Tiny House"}],"items_purged_floors":[2],"is_endless":false,"potions_floor_spawned":[3,4,7,13,16,22,27,28],"killed_by":"Collector","ascension_level":0}