{"gold_per_floor":[115,131,46,11,31,44,44,44,44,44,60,12,12,35,35,35],"floor_reached":16,"playtime":383,"items_purged":[],"score":92,"play_id":"7e87e7dc-d2ae-42da-a714-b6b493182dae","local_time":"20180909085926","is_ascension_mode":false,"campfire_choices":[{"data":"Doom and Gloom","floor":7,"key":"SMITH"},{"data":"Redo","floor":10,"key":"SMITH"},{"data":"Dualcast","floor":15,"key":"SMITH"}],"neow_cost":"","seed_source_timestamp":2234575983951843,"circlet_count":0,"master_deck":["Strike_B","Strike_B","Strike_B","Strike_B","Defend_B","Defend_B","Defend_B","Defend_B","Zap","Dualcast+1","Streamline","Go for the Eyes","Doom and Gloom+1","Redo+1","Go for the Eyes","Parasite","Gash","Reinforced Body"],"relics":["Cracked Core","Singing Bowl","Golden Idol"],"potions_floor_usage":[16,16,16],"damage_taken":[{"damage":11,"enemies":"2 Louse","floor":1,"turns":2},{"damage":8,"enemies":"Small Slimes","floor":2,"turns":2},{"damage":11,"enemies":"Jaw Worm","floor":5,"turns":2},{"damage":6,"enemies":"2 Fungi Beasts","floor":6,"turns":2},{"damage":0,"enemies":"Looter","floor":11,"turns":2},{"damage":6,"enemies":"Large Slime","floor":14,"turns":5},{"damage":55,"enemies":"The Guardian","floor":16,"turns":7}],"seed_played":"7024261824660049331","potions_obtained":[{"floor":5,"key":"EssenceOfSteel"},{"floor":11,"key":"SteroidPotion"}],"is_trial":false,"path_per_floor":["M","M","$","?","M","M","R","?","T","R","M","$","?","M","R"],"character_chosen":"DEFECT","items_purchased":["Doom and Gloom","SkillPotion","AttackPotion"],"campfire_rested":0,"item_purchase_floors":[3,3,12],"current_hp_per_floor":[64,56,56,74,63,57,57,75,75,75,75,75,57,51,51,0],"gold":35,"neow_bonus":"","is_prod":false,"is_daily":false,"chose_seed":false,"campfire_upgraded":3,"win_rate":0,"timestamp":1536508766,"path_taken":["M","M","$","?","M","M","R","?","T","R","M","$","?","?","R","BOSS"],"build_version":"2018-09-06","purchased_purges":0,"victory":false,"max_hp_per_floor":[75,75,75,75,75,75,75,75,75,75,75,75,75,75,75,75],"card_choices":[{"not_picked":["Melter","Reprogram"],"picked":"Streamline","floor":1},{"not_picked":["Stack","Darkness"],"picked":"Go for the Eyes","floor":2},{"not_picked":["Blizzard","Leap"],"picked":"Redo","floor":5},{"not_picked":["Leap","FTL"],"picked":"Go for the Eyes","floor":6},{"not_picked":["Auto Shields","Rebound"],"picked":"Gash","floor":11},{"not_picked":["Skim","Stack"],"picked":"Reinforced Body","floor":14}],"player_experience":63679,"relics_obtained":[{"floor":9,"key":"Singing Bowl"}],"event_choices":[{"event_name":"The Cleric","player_choice":"Healed","floor":4,"damage_taken":0},{"event_name":"Mushrooms","player_choice":"Healed and dodged fight","floor":8,"damage_taken":0},{"event_name":"Golden Idol","player_choice":"Take Damage","floor":13,"damage_taken":0}],"is_beta":false,"boss_relics":[],"items_purged_floors":[],"is_endless":false,"potions_floor_spawned":[5,11],"killed_by":"The Guardian","ascension_level":0}