{"gold_per_floor":[118,118,135,41,55,55,71,71,95,112,130,130,148,48,48,123,123,142,153,153],"floor_reached":20,"playtime":905,"items_purged":[],"score":336,"play_id":"1e97525f-905b-4c36-b03a-b7fec8452297","local_time":"20190502122826","is_ascension_mode":true,"campfire_choices":[{"data":"Rampage","floor":6,"key":"SMITH"},{"data":"Cleave","floor":15,"key":"SMITH"}],"neow_cost":"NONE","seed_source_timestamp":3886357398203218,"circlet_count":0,"master_deck":["AscendersBane","Strike_R","Strike_R","Strike_R","Strike_R","Defend_R","Defend_R","Defend_R","Defend_R","Bash","Shrug It Off","Iron Wave","Rampage+1","Disarm","Thunderclap","Cleave+1","Flash of Steel"],"relics":["Burning Blood","Smiling Mask","Pen Nib","Philosopher\u0027s Stone"],"potions_floor_usage":[16,16],"damage_taken":[{"damage":9,"enemies":"Jaw Worm","floor":1,"turns":5},{"damage":0,"enemies":"Cultist","floor":3,"turns":4},{"damage":1,"enemies":"2 Louse","floor":5,"turns":4},{"damage":23,"enemies":"Gremlin Gang","floor":7,"turns":6},{"damage":4,"enemies":"Looter","floor":10,"turns":4},{"damage":8,"enemies":"Exordium Wildlife","floor":11,"turns":3},{"damage":4,"enemies":"Blue Slaver","floor":13,"turns":6},{"damage":55,"enemies":"Slime Boss","floor":16,"turns":9},{"damage":23,"enemies":"3 Byrds","floor":18,"turns":5},{"damage":45,"enemies":"Spheric Guardian","floor":19,"turns":6},{"damage":15,"enemies":"Centurion and Healer","floor":20,"turns":1}],"seed_played":"6552293398732020811","potions_obtained":[{"floor":1,"key":"GamblersBrew"},{"floor":3,"key":"SkillPotion"},{"floor":13,"key":"Strength Potion"}],"is_trial":false,"path_per_floor":["M","?","M","$","M","R","M","?","T","M","M","?","M","$","R","B",null,"M","M","M"],"character_chosen":"IRONCLAD","items_purchased":["Rampage","Fire Potion","Flash of Steel"],"campfire_rested":0,"item_purchase_floors":[4,4,14],"current_hp_per_floor":[65,65,71,71,75,75,58,75,75,75,73,73,75,75,75,26,63,46,7,0],"gold":153,"neow_bonus":"RANDOM_COMMON_RELIC","is_prod":false,"is_daily":false,"chose_seed":false,"campfire_upgraded":2,"win_rate":0,"timestamp":1556796506,"path_taken":["M","?","?","$","M","R","M","?","T","M","?","?","M","$","R","BOSS","M","?","M"],"build_version":"2019-01-23","purchased_purges":0,"victory":false,"max_hp_per_floor":[75,75,75,75,75,75,75,75,75,75,75,75,75,75,75,75,75,75,75,75],"card_choices":[{"not_picked":["Evolve","Flame Barrier"],"picked":"Shrug It Off","floor":1},{"not_picked":["Havoc","Shrug It Off"],"picked":"Iron Wave","floor":3},{"not_picked":["Flex","Bloodletting","Anger"],"picked":"SKIP","floor":5},{"not_picked":["Wild Strike","Perfected Strike"],"picked":"Disarm","floor":7},{"not_picked":["Bloodletting","Pummel","Havoc"],"picked":"SKIP","floor":10},{"not_picked":["Dark Embrace","Corruption"],"picked":"Thunderclap","floor":11},{"not_picked":["Pummel","Body Slam"],"picked":"Cleave","floor":13},{"not_picked":["Havoc","Clash","Heavy Blade"],"picked":"SKIP","floor":18},{"not_picked":["Heavy Blade","Warcry","Burning Pact+1"],"picked":"SKIP","floor":19}],"player_experience":795520,"relics_obtained":[{"floor":9,"key":"Pen Nib"}],"event_choices":[{"cards_removed":["Strike_R"],"damage_healed":0,"gold_gain":0,"player_choice":"Offered Basic","damage_taken":0,"max_hp_gain":0,"max_hp_loss":0,"event_name":"Bonfire Elementals","floor":2,"gold_loss":0},{"damage_healed":17,"gold_gain":0,"player_choice":"Full Heal","damage_taken":0,"max_hp_gain":0,"max_hp_loss":0,"event_name":"Wheel of Change","floor":8,"gold_loss":0},{"damage_healed":0,"gold_gain":0,"player_choice":"0 cards matched","damage_taken":0,"max_hp_gain":0,"max_hp_loss":0,"event_name":"Match and Keep!","floor":12,"gold_loss":0,"cards_obtained":[]}],"is_beta":false,"boss_relics":[{"not_picked":["Runic Pyramid","Sozu"],"picked":"Philosopher\u0027s Stone"}],"items_purged_floors":[],"is_endless":false,"potions_floor_spawned":[1,3,11,13],"killed_by":"Centurion and Healer","ascension_level":20}