{"gold_per_floor":[119,119,44,61,74,74,103,103,129,129,142,171,181,181,181,282,282],"floor_reached":17,"playtime":789,"items_purged":["Defend_G"],"score":248,"play_id":"268b8cab-52c6-46e5-a229-657aba2d7466","local_time":"20180905205249","is_ascension_mode":true,"campfire_choices":[{"data":"Envenom","floor":6.0,"key":"SMITH"},{"data":"Dagger Spray","floor":8.0,"key":"SMITH"},{"floor":10.0,"key":"REST"},{"data":"Well Laid Plans","floor":15.0,"key":"SMITH"}],"neow_cost":"NONE","seed_source_timestamp":0,"circlet_count":0,"master_deck":["Defend_G","Defend_G","Defend_G","Strike_G","Strike_G","Strike_G","Survivor","Neutralize+1","AscendersBane","Well Laid Plans+1","Dagger Spray+1","Envenom+1","Expertise","Flying Knee","Outmaneuver","Slice","Bullet Time"],"special_seed":0,"relics":["Ring of the Snake","Pen Nib","Anchor","Ancient Tea Set","Empty Cage"],"potions_floor_usage":[],"damage_taken":[{"damage":4.0,"enemies":"Small Slimes","floor":1.0,"turns":4.0},{"damage":0.0,"enemies":"Cultist","floor":4.0,"turns":4.0},{"damage":0.0,"enemies":"Jaw Worm","floor":5.0,"turns":4.0},{"damage":12.0,"enemies":"Gremlin Nob","floor":7.0,"turns":3.0},{"damage":5.0,"enemies":"Exordium Thugs","floor":11.0,"turns":4.0},{"damage":12.0,"enemies":"Lagavulin","floor":12.0,"turns":6.0},{"damage":0.0,"enemies":"Red Slaver","floor":13.0,"turns":4.0},{"damage":16.0,"enemies":"Slime Boss","floor":16.0,"turns":7.0}],"seed_played":"4261682933124308038","potions_obtained":[{"floor":2.0,"key":"Swift Potion"},{"floor":2.0,"key":"Energy Potion"},{"floor":2.0,"key":"AttackPotion"},{"floor":12.0,"key":"FearPotion"},{"floor":13.0,"key":"PowerPotion"}],"is_trial":false,"path_per_floor":["M","?","$","M","M","R","E","R","T","R","M","E","M","?","R","B"],"character_chosen":"THE_SILENT","items_purchased":[],"campfire_rested":1,"item_purchase_floors":[],"current_hp_per_floor":[59,59,59,59,59,59,47,47,47,68,63,51,51,44,44,28,60],"gold":282,"neow_bonus":"UPGRADE_CARD","is_prod":false,"is_daily":false,"chose_seed":false,"campfire_upgraded":3,"win_rate":0,"timestamp":1536177169,"path_taken":["M","?","?","?","M","R","E","R","T","R","M","E","?","?","R","BOSS"],"build_version":"2018-08-30","purchased_purges":1,"victory":false,"max_hp_per_floor":[70,70,70,70,70,70,70,70,70,70,70,70,70,70,70,70,70],"card_choices":[{"not_picked":["Flying Knee","Blade Dance"],"picked":"Well Laid Plans","floor":1.0},{"not_picked":["Blade Dance","Underhanded Strike"],"picked":"Dagger Spray","floor":4.0},{"not_picked":["Deadly Poison","Dash"],"picked":"Envenom","floor":5.0},{"not_picked":["Concentrate","Leg Sweep"],"picked":"Expertise","floor":7.0},{"not_picked":["Acrobatics","Dash"],"picked":"Flying Knee","floor":11.0},{"not_picked":["Malaise","Acrobatics"],"picked":"Outmaneuver","floor":12.0},{"not_picked":["Dagger Spray","Masterful Stab"],"picked":"Slice","floor":13.0},{"not_picked":["Grand Finale","Wraith Form v2"],"picked":"Bullet Time","floor":16.0}],"player_experience":316146,"relics_obtained":[{"floor":7.0,"key":"Pen Nib"},{"floor":9.0,"key":"Anchor"},{"floor":12.0,"key":"Ancient Tea Set"}],"event_choices":[{"event_name":"The Lab","player_choice":"Got Potions","floor":2.0,"damage_taken":0.0},{"event_name":"Golden Wing","player_choice":"Card Removal","floor":14.0,"damage_taken":0.0}],"is_beta":false,"boss_relics":[{"not_picked":["Busted Crown","Astrolabe"],"picked":"Empty Cage"}],"items_purged_floors":[3],"is_endless":false,"potions_floor_spawned":[4,5,12,13],"ascension_level":10}