{"gold_per_floor":[118,138,149,424,140,140,159,172,197,197,210,230,230,245,245,343,343,312,312,312,24,40,40,68,68,68,88,88,100,100,113,113,113],"floor_reached":33,"playtime":2724,"items_purged":["Regret"],"score":418,"play_id":"ae8a555b-8dfb-4ba6-848c-b3b9ee3d2d3c","local_time":"20190421231136","is_ascension_mode":true,"campfire_choices":[{"data":"Backflip","floor":6,"key":"SMITH"},{"data":"Glass Knife","floor":10,"key":"SMITH"},{"data":"Well Laid Plans","floor":15,"key":"SMITH"},{"data":"Malaise","floor":23,"key":"SMITH"},{"floor":32,"key":"REST"}],"neow_cost":"NONE","seed_source_timestamp":124315438226800,"circlet_count":0,"master_deck":["AscendersBane","Defend_G+1","Defend_G","Defend_G","Defend_G+1","Defend_G","Strike_G","Strike_G","Strike_G","Strike_G","Strike_G","Survivor","Neutralize+1","Endless Agony","Backflip+1","Dash","Glass Knife+1","Distraction","Sucker Punch","Terror","Well Laid Plans+1","Malaise+1","Backstab","Dark Shackles","Footwork+1","PiercingWail","Heel Hook","Prepared","Decay","Deflect"],"relics":["Ring of the Snake","TheAbacus","Snake Skull","Black Star","ClockworkSouvenir","War Paint","Ancient Tea Set","MutagenicStrength","Molten Egg 2"],"potions_floor_usage":[16,22,24,27,27,33],"damage_taken":[{"damage":4,"enemies":"Small Slimes","floor":1,"turns":5},{"damage":0,"enemies":"Cultist","floor":2,"turns":4},{"damage":2,"enemies":"Jaw Worm","floor":3,"turns":4},{"damage":0,"enemies":"Looter","floor":7,"turns":4},{"damage":7,"enemies":"2 Fungi Beasts","floor":8,"turns":3},{"damage":0,"enemies":"Red Slaver","floor":11,"turns":4},{"damage":4,"enemies":"Blue Slaver","floor":12,"turns":3},{"damage":0,"enemies":"3 Louse","floor":14,"turns":3},{"damage":27,"enemies":"Slime Boss","floor":16,"turns":10},{"damage":21,"enemies":"2 Thieves","floor":18,"turns":5},{"damage":0,"enemies":"Chosen","floor":22,"turns":5},{"damage":2,"enemies":"Slavers","floor":24,"turns":11},{"damage":0,"enemies":"Centurion and Healer","floor":27,"turns":6},{"damage":9,"enemies":"Snecko","floor":29,"turns":7},{"damage":10,"enemies":"Shelled Parasite and Fungi","floor":31,"turns":8},{"damage":63,"enemies":"Collector","floor":33,"turns":16}],"seed_played":"5058775073397979356","potions_obtained":[{"floor":1,"key":"Strength Potion"},{"floor":11,"key":"SteroidPotion"},{"floor":14,"key":"Dexterity Potion"},{"floor":16,"key":"GamblersBrew"},{"floor":22,"key":"GamblersBrew"},{"floor":24,"key":"Fire Potion"},{"floor":27,"key":"SteroidPotion"}],"is_trial":false,"path_per_floor":["M","M","M","?","$","R","M","M","T","R","M","M","?","M","R","B",null,"M","?","?","$","M","R","E","?","T","M","?","M","?","M","R","B"],"character_chosen":"THE_SILENT","items_purchased":["TheAbacus","ClockworkSouvenir","Footwork"],"campfire_rested":1,"item_purchase_floors":[5,21,21],"current_hp_per_floor":[59,59,57,57,57,57,57,50,50,50,50,46,46,46,46,19,57,36,59,59,59,59,59,57,57,57,57,57,48,48,38,59,0],"gold":113,"neow_bonus":"UPGRADE_CARD","is_prod":false,"is_daily":false,"chose_seed":false,"campfire_upgraded":4,"win_rate":0,"timestamp":1555881096,"path_taken":["M","M","M","?","$","R","M","?","T","R","?","M","?","M","R","BOSS","M","?","?","$","?","R","E","?","T","M","?","M","?","M","R","BOSS"],"build_version":"2019-01-23","purchased_purges":1,"victory":false,"max_hp_per_floor":[70,70,70,70,70,70,70,70,70,70,70,70,70,70,70,70,70,70,70,70,70,70,70,70,70,70,70,70,70,70,70,70,70],"card_choices":[{"not_picked":["Blade Dance","Slice"],"picked":"Endless Agony","floor":1},{"not_picked":["Acrobatics","PiercingWail"],"picked":"Backflip","floor":2},{"not_picked":["Quick Slash","Expertise"],"picked":"Dash","floor":3},{"not_picked":["Prepared","Heel Hook"],"picked":"Glass Knife","floor":7},{"not_picked":["Flechettes","Slice"],"picked":"Distraction","floor":8},{"not_picked":["Finisher","Slice"],"picked":"Sucker Punch","floor":11},{"not_picked":["Acrobatics","Backflip"],"picked":"Terror","floor":12},{"not_picked":["Flying Knee","Bane"],"picked":"Well Laid Plans","floor":14},{"not_picked":["Tools of the Trade","After Image"],"picked":"Malaise","floor":16},{"not_picked":["Riddle With Holes+1","Expertise+1"],"picked":"Backstab","floor":18},{"not_picked":["Prepared","Bane"],"picked":"PiercingWail","floor":22},{"not_picked":["Skewer","Dagger Throw"],"picked":"Heel Hook","floor":24},{"not_picked":["Heel Hook+1","Caltrops+1"],"picked":"Prepared","floor":27},{"not_picked":["PiercingWail","Blade Dance"],"picked":"Deflect","floor":29},{"not_picked":["Well Laid Plans","Skewer+1","Prepared"],"picked":"SKIP","floor":31}],"player_experience":684867,"relics_obtained":[{"floor":9,"key":"Snake Skull"},{"floor":24,"key":"War Paint"},{"floor":24,"key":"Ancient Tea Set"},{"floor":26,"key":"Molten Egg 2"}],"event_choices":[{"damage_healed":0,"gold_gain":275,"player_choice":"Desecrate","damage_taken":0,"max_hp_gain":0,"max_hp_loss":0,"event_name":"Golden Shrine","floor":4,"gold_loss":0,"cards_obtained":["Regret"]},{"damage_healed":0,"gold_gain":0,"player_choice":"Ignored","damage_taken":0,"max_hp_gain":0,"max_hp_loss":0,"event_name":"Golden Idol","floor":13,"gold_loss":0},{"damage_healed":23,"gold_gain":0,"player_choice":"Heal","damage_taken":0,"max_hp_gain":0,"max_hp_loss":0,"event_name":"The Library","floor":19,"gold_loss":0},{"damage_healed":0,"gold_gain":0,"player_choice":"1 cards matched","damage_taken":0,"max_hp_gain":0,"max_hp_loss":0,"event_name":"Match and Keep!","floor":20,"gold_loss":0,"cards_obtained":["Dark Shackles"]},{"damage_healed":0,"gold_gain":0,"player_choice":"Inject Mutagens","damage_taken":0,"relics_obtained":["MutagenicStrength"],"max_hp_gain":0,"max_hp_loss":0,"event_name":"Drug Dealer","floor":25,"gold_loss":0},{"damage_healed":0,"gold_gain":0,"player_choice":"Smashed Altar","damage_taken":0,"max_hp_gain":0,"max_hp_loss":0,"event_name":"Forgotten Altar","floor":28,"gold_loss":0,"cards_obtained":["Decay"]},{"damage_healed":0,"gold_gain":0,"player_choice":"Upgraded","damage_taken":0,"max_hp_gain":0,"max_hp_loss":0,"event_name":"Upgrade Shrine","floor":30,"gold_loss":0,"cards_upgraded":["Footwork"]}],"is_beta":false,"boss_relics":[{"not_picked":["Coffee Dripper","Calling Bell"],"picked":"Black Star"}],"items_purged_floors":[5],"is_endless":false,"potions_floor_spawned":[1,11,12,14,16,22,24,27],"killed_by":"Collector","ascension_level":12}