{"gold_per_floor":[114,124,124,134,148,178,453,453,453,473,13,28,0,24,24,119,119,133,232,232,247,247,247,260,260,260,260,275,285,285],"floor_reached":30,"playtime":1696,"items_purged":["Regret"],"score":232,"play_id":"e5f20c05-9864-4f25-a9a1-53a335557865","local_time":"20181214181422","is_ascension_mode":false,"campfire_choices":[{"floor":8,"key":"REST"},{"floor":15,"key":"REST"},{"floor":23,"key":"RECALL"},{"floor":25,"key":"REST"},{"floor":27,"key":"REST"}],"neow_cost":"NONE","seed_source_timestamp":162118900503430,"circlet_count":0,"master_deck":["Strike_R","Strike_R","Strike_R","Strike_R","Strike_R","Defend_R","Defend_R","Defend_R","Defend_R","Bash","Perfected Strike","Metallicize","Clothesline","Pummel","Fire Breathing","Iron Wave","Impervious","Juggernaut","Cleave+1","Shame","Flex+1","Flex+1","Flame Barrier","Rage","Infernal Blade"],"relics":["Burning Blood","NeowsBlessing","Paper Frog","Bird Faced Urn","Blood Vial","White Beast Statue","Frozen Egg 2","Matryoshka"],"potions_floor_usage":[6,18,18,24,24,28,29,30],"damage_taken":[{"damage":0,"enemies":"2 Louse","floor":1,"turns":1},{"damage":0,"enemies":"Jaw Worm","floor":2,"turns":1},{"damage":0,"enemies":"Cultist","floor":4,"turns":1},{"damage":31,"enemies":"Large Slime","floor":5,"turns":8},{"damage":14,"enemies":"Gremlin Nob","floor":6,"turns":4},{"damage":15,"enemies":"Blue Slaver","floor":10,"turns":5},{"damage":20,"enemies":"Exordium Wildlife","floor":12,"turns":5},{"damage":32,"enemies":"Slime Boss","floor":16,"turns":13},{"damage":29,"enemies":"Spheric Guardian","floor":18,"turns":6},{"damage":15,"enemies":"Chosen","floor":21,"turns":7},{"damage":57,"enemies":"Sentry and Sphere","floor":24,"turns":10},{"damage":51,"enemies":"Centurion and Healer","floor":28,"turns":12},{"damage":24,"enemies":"Shelled Parasite and Fungi","floor":29,"turns":5},{"damage":26,"enemies":"Chosen and Byrds","floor":30,"turns":6}],"seed_played":"-7681276666340084547","potions_obtained":[{"floor":2,"key":"Block Potion"},{"floor":10,"key":"SpeedPotion"},{"floor":12,"key":"Energy Potion"},{"floor":18,"key":"FearPotion"},{"floor":21,"key":"FearPotion"},{"floor":24,"key":"Strength Potion"},{"floor":28,"key":"Block Potion"},{"floor":29,"key":"Weak Potion"}],"is_trial":false,"path_per_floor":["M","M","?","M","M","E","?","R","T","M","$","M","?","T","R","B",null,"M","?","?","M","?","R","M","R","T","R","M","M","M"],"character_chosen":"IRONCLAD","items_purchased":["Bird Faced Urn","Impervious"],"campfire_rested":4,"item_purchase_floors":[11,11],"current_hp_per_floor":[80,80,80,80,55,47,47,71,71,62,62,52,52,52,76,54,80,57,57,57,56,56,56,13,37,37,61,24,14,0],"gold":285,"neow_bonus":"THREE_ENEMY_KILL","is_prod":false,"is_daily":false,"chose_seed":false,"campfire_upgraded":0,"win_rate":0,"timestamp":1544840062,"path_taken":["M","M","?","M","M","E","?","R","T","M","$","?","?","?","R","BOSS","M","?","?","?","?","R","M","R","T","R","M","M","M"],"build_version":"2018-12-13","purchased_purges":1,"victory":false,"max_hp_per_floor":[80,80,80,80,80,80,80,80,80,80,80,80,80,80,80,80,80,80,80,80,80,80,80,80,80,80,80,80,80,80],"card_choices":[{"not_picked":["Disarm","Iron Wave"],"picked":"Perfected Strike","floor":1},{"not_picked":["Dual Wield","Wild Strike"],"picked":"Metallicize","floor":2},{"not_picked":["Rupture","True Grit"],"picked":"Clothesline","floor":4},{"not_picked":["Body Slam","Brutality"],"picked":"Pummel","floor":5},{"not_picked":["Heavy Blade","Ghostly Armor"],"picked":"Fire Breathing","floor":6},{"not_picked":["Sword Boomerang","Heavy Blade"],"picked":"Iron Wave","floor":10},{"not_picked":["Limit Break","Body Slam","Sever Soul"],"picked":"SKIP","floor":12},{"not_picked":["Dark Embrace","Berserk"],"picked":"Juggernaut","floor":16},{"not_picked":["Pummel","Iron Wave"],"picked":"Cleave+1","floor":18},{"not_picked":["Armaments","Sword Boomerang+1"],"picked":"Flex+1","floor":21},{"not_picked":["Iron Wave","Clothesline"],"picked":"Flame Barrier","floor":24},{"not_picked":["Havoc","Body Slam+1"],"picked":"Rage","floor":28},{"not_picked":["Clothesline","Shrug It Off"],"picked":"Infernal Blade","floor":29}],"player_experience":259522,"relics_obtained":[{"floor":6,"key":"Paper Frog"},{"floor":14,"key":"Blood Vial"},{"floor":26,"key":"Matryoshka"}],"event_choices":[{"damage_healed":0,"gold_gain":0,"player_choice":"Leave","damage_taken":0,"max_hp_gain":0,"max_hp_loss":0,"event_name":"The Cleric","floor":3,"gold_loss":0},{"damage_healed":0,"gold_gain":275,"player_choice":"Desecrate","damage_taken":0,"max_hp_gain":0,"max_hp_loss":0,"event_name":"Golden Shrine","floor":7,"gold_loss":0,"cards_obtained":["Regret"]},{"damage_healed":0,"gold_gain":0,"player_choice":"Left Gold","damage_taken":0,"max_hp_gain":0,"max_hp_loss":0,"event_name":"World of Goop","floor":13,"gold_loss":28},{"damage_healed":0,"gold_gain":99,"player_choice":"Stole From Cult","damage_taken":0,"max_hp_gain":0,"max_hp_loss":0,"event_name":"Nest","floor":19,"gold_loss":0},{"damage_healed":0,"gold_gain":0,"player_choice":"Stole Relic","damage_taken":0,"relics_obtained":["Frozen Egg 2"],"max_hp_gain":0,"max_hp_loss":0,"event_name":"Addict","floor":20,"gold_loss":0,"cards_obtained":["Shame"]},{"damage_healed":0,"gold_gain":0,"player_choice":"Copied","damage_taken":0,"max_hp_gain":0,"max_hp_loss":0,"event_name":"Duplicator","floor":22,"gold_loss":0,"cards_obtained":["Flex"]}],"is_beta":false,"boss_relics":[{"not_picked":["Snecko Eye","Velvet Choker"],"picked":"White Beast Statue"}],"items_purged_floors":[11],"is_endless":false,"potions_floor_spawned":[2,10,12,18,21,24,28,29],"killed_by":"Chosen and Byrds","ascension_level":0}