{"gold_per_floor":[368,5,5,28,28,28,51,51,77,120,120,135,180,196,196,324,324,342,342,363,386,161,161,196,196,222,222,257,272,293,36,36,36],"floor_reached":33,"playtime":2998,"items_purged":[],"score":539,"play_id":"c89344f2-35c6-49ba-a24d-ca69773f1f0e","local_time":"20190429170035","is_ascension_mode":true,"campfire_choices":[{"data":"Core Surge","floor":6.0,"key":"SMITH"},{"floor":8.0,"key":"REST"},{"floor":15.0,"key":"REST"},{"floor":23.0,"key":"REST"},{"data":"Scrape","floor":25.0,"key":"SMITH"},{"data":"Glacier","floor":27.0,"key":"SMITH"},{"floor":32.0,"key":"REST"}],"neow_cost":"PERCENT_DAMAGE","seed_source_timestamp":0,"circlet_count":0,"master_deck":["AscendersBane","Strike_B+1","Strike_B","Strike_B+1","Defend_B","Defend_B","Defend_B","Zap","Dualcast","Core Surge+1","Steam+1","Leap","Undo","Glacier+1","Hologram","Rainbow","Double Energy+1","Stack+1","All For One+1","FTL","Gash","Coolheaded","Gash","Scrape+1","Conserve Battery","Streamline","Glacier"],"special_seed":0,"relics":["Cracked Core","Bronze Scales","Toolbox","Golden Idol","DataDisk","Whetstone","Astrolabe","TheAbacus","Bag of Marbles","Bag of Preparation","Omamori","Cables"],"potions_floor_usage":[33,33],"damage_taken":[{"damage":2.0,"enemies":"Jaw Worm","floor":1.0,"turns":3.0},{"damage":0.0,"enemies":"2 Louse","floor":4.0,"turns":2.0},{"damage":0.0,"enemies":"Cultist","floor":7.0,"turns":2.0},{"damage":25.0,"enemies":"Lagavulin","floor":10.0,"turns":5.0},{"damage":0.0,"enemies":"Looter","floor":12.0,"turns":2.0},{"damage":7.0,"enemies":"Lots of Slimes","floor":13.0,"turns":4.0},{"damage":5.0,"enemies":"Large Slime","floor":14.0,"turns":4.0},{"damage":0.0,"enemies":"The Guardian","floor":16.0,"turns":11.0},{"damage":3.0,"enemies":"3 Byrds","floor":18.0,"turns":3.0},{"damage":4.0,"enemies":"Chosen","floor":20.0,"turns":6.0},{"damage":8.0,"enemies":"Centurion and Healer","floor":21.0,"turns":11.0},{"damage":20.0,"enemies":"Gremlin Leader","floor":24.0,"turns":7.0},{"damage":9.0,"enemies":"Slavers","floor":28.0,"turns":5.0},{"damage":0.0,"enemies":"Sentry and Sphere","floor":29.0,"turns":5.0},{"damage":7.0,"enemies":"Snake Plant","floor":30.0,"turns":3.0},{"damage":95,"enemies":"Automaton","floor":33,"turns":12}],"seed_played":"6385627538235531589","potions_obtained":[{"floor":10.0,"key":"AttackPotion"},{"floor":13.0,"key":"Swift Potion"},{"floor":14.0,"key":"Block Potion"},{"floor":24.0,"key":"SkillPotion"},{"floor":29.0,"key":"Energy Potion"}],"is_trial":false,"path_per_floor":["M","$","?","M","?","R","M","R","T","E","?","M","M","M","R","B",null,"M","?","M","M","$","R","E","R","T","R","E","M","M","$","R","B"],"character_chosen":"DEFECT","items_purchased":["Bronze Scales","Toolbox","TheAbacus","Gash","Cables"],"campfire_rested":4,"item_purchase_floors":[2,2,22,22,31],"current_hp_per_floor":[48,48,30,30,30,30,30,52,52,27,27,27,20,15,37,37,66,63,63,59,51,51,73,53,53,53,53,44,44,37,37,59,0],"gold":36,"neow_bonus":"TWO_FIFTY_GOLD","is_prod":false,"is_daily":false,"chose_seed":false,"campfire_upgraded":3,"win_rate":0,"timestamp":1556550035,"path_taken":["M","$","?","M","?","R","?","R","T","E","?","?","M","M","R","BOSS","M","?","M","?","$","R","E","R","T","R","E","M","M","$","R","BOSS"],"build_version":"2019-01-23","purchased_purges":0,"victory":false,"max_hp_per_floor":[75,75,75,75,75,75,75,75,75,75,75,75,75,75,75,75,75,75,75,75,75,75,75,75,75,75,75,75,75,75,75,75,75],"card_choices":[{"not_picked":["Storm","Reprogram"],"picked":"Beam Cell","floor":1.0},{"not_picked":["Ball Lightning","Compile Driver"],"picked":"Core Surge","floor":4.0},{"not_picked":["Barrage","Coolheaded"],"picked":"Steam","floor":7.0},{"not_picked":["Sweeping Beam","Chaos"],"picked":"Leap","floor":10.0},{"not_picked":["Skim","Chaos"],"picked":"Undo","floor":12.0},{"not_picked":["Gash","Skim"],"picked":"Glacier","floor":13.0},{"not_picked":["Compile Driver","Blizzard"],"picked":"Hologram","floor":14.0},{"not_picked":["Thunder Strike","Amplify"],"picked":"Rainbow","floor":16.0},{"not_picked":["Turbo+1","Heatsinks"],"picked":"FTL","floor":18.0},{"not_picked":["Rebound","Skim"],"picked":"Gash","floor":20.0},{"not_picked":["Rebound","Skim"],"picked":"Coolheaded","floor":21.0},{"not_picked":["Leap","Consume"],"picked":"Scrape","floor":24.0},{"not_picked":["Steam+1","Leap"],"picked":"Conserve Battery","floor":28.0},{"not_picked":["Hello World","Rainbow"],"picked":"Streamline","floor":29.0},{"not_picked":["Leap","Rebound+1"],"picked":"Glacier","floor":30.0}],"player_experience":713499,"relics_obtained":[{"floor":9.0,"key":"DataDisk"},{"floor":10.0,"key":"Whetstone"},{"floor":24.0,"key":"Bag of Marbles"},{"floor":26.0,"key":"Bag of Preparation"},{"floor":28.0,"key":"Omamori"}],"event_choices":[{"damage_healed":0.0,"max_hp_gain":0.0,"max_hp_loss":0.0,"gold_gain":0.0,"event_name":"Golden Idol","player_choice":"Take Damage","floor":3.0,"gold_loss":0.0,"damage_taken":18.0,"relics_obtained":["Golden Idol"]},{"damage_healed":0.0,"max_hp_gain":0.0,"max_hp_loss":0.0,"gold_gain":0.0,"event_name":"WeMeetAgain","player_choice":"Ignored","floor":5.0,"gold_loss":0.0,"damage_taken":0.0},{"damage_healed":0.0,"max_hp_gain":0.0,"max_hp_loss":0.0,"gold_gain":0.0,"event_name":"Upgrade Shrine","player_choice":"Upgraded","floor":11.0,"gold_loss":0.0,"damage_taken":0.0,"cards_upgraded":["Steam"]},{"damage_healed":0.0,"max_hp_gain":0.0,"max_hp_loss":0.0,"gold_gain":0.0,"event_name":"The Woman in Blue","player_choice":"Bought 0 Potions","floor":19.0,"gold_loss":0.0,"damage_taken":0.0}],"is_beta":false,"boss_relics":[{"not_picked":["Pandora\u0027s Box","White Beast Statue"],"picked":"Astrolabe"}],"items_purged_floors":[],"is_endless":false,"potions_floor_spawned":[10,13,14,24,29,30],"killed_by":"Automaton","ascension_level":12}