{"gold_per_floor":[114,34,51,4,14,46,46,60,84,112,112],"floor_reached":11,"playtime":393,"items_purged":[],"score":91,"play_id":"a8f28a80-c752-4a91-8164-bdbf0b807833","local_time":"20190405200654","is_ascension_mode":true,"campfire_choices":[],"neow_cost":"TEN_PERCENT_HP_LOSS","seed_source_timestamp":8913271849638,"circlet_count":0,"master_deck":["Strike_B","Strike_B","Strike_B","Strike_B","Defend_B","Defend_B","Defend_B","Defend_B","Zap","Dualcast","Redo","Capacitor","Glacier","Storm","Rainbow","BootSequence"],"relics":["Cracked Core","Emotion Chip","Girya","Singing Bowl","Oddly Smooth Stone","Happy Flower"],"potions_floor_usage":[6,6,8,10],"damage_taken":[{"damage":1,"enemies":"Cultist","floor":1,"turns":3},{"damage":18,"enemies":"Small Slimes","floor":3,"turns":2},{"damage":2,"enemies":"Jaw Worm","floor":5,"turns":5},{"damage":7,"enemies":"3 Sentries","floor":6,"turns":9},{"damage":29,"enemies":"Gremlin Gang","floor":8,"turns":4},{"damage":8,"enemies":"Lagavulin","floor":10,"turns":7},{"damage":5,"enemies":"3 Louse","floor":11,"turns":2}],"seed_played":"781131278510250180","potions_obtained":[{"floor":3,"key":"SpeedPotion"},{"floor":5,"key":"Dexterity Potion"},{"floor":6,"key":"FocusPotion"},{"floor":8,"key":"GamblersBrew"}],"is_trial":false,"path_per_floor":["M","$","M","?","M","E","T","M","T","E","M"],"character_chosen":"DEFECT","items_purchased":["Capacitor"],"campfire_rested":0,"item_purchase_floors":[2],"current_hp_per_floor":[67,67,49,49,47,40,40,13,13,5,0],"gold":112,"neow_bonus":"ONE_RARE_RELIC","is_prod":false,"is_daily":false,"chose_seed":false,"campfire_upgraded":0,"win_rate":0,"timestamp":1554520014,"path_taken":["M","$","?","?","M","E","?","M","T","E","?"],"build_version":"2019-01-23","purchased_purges":0,"victory":false,"max_hp_per_floor":[68,68,68,68,68,68,68,70,70,70,70],"card_choices":[{"not_picked":["Hologram","Force Field"],"picked":"Redo","floor":1},{"not_picked":["Beam Cell","Recycle"],"picked":"Glacier","floor":3},{"not_picked":["Scrape","Rebound"],"picked":"Storm","floor":5},{"not_picked":["Melter","Force Field"],"picked":"Rainbow","floor":6},{"not_picked":["Go for the Eyes","Blizzard","Ball Lightning"],"picked":"Singing Bowl","floor":8},{"not_picked":["Coolheaded","Sweeping Beam"],"picked":"BootSequence","floor":10}],"player_experience":403853,"relics_obtained":[{"floor":6,"key":"Girya"},{"floor":7,"key":"Singing Bowl"},{"floor":9,"key":"Oddly Smooth Stone"},{"floor":10,"key":"Happy Flower"}],"event_choices":[{"damage_healed":0,"gold_gain":0,"player_choice":"Left Gold","damage_taken":0,"max_hp_gain":0,"max_hp_loss":0,"event_name":"World of Goop","floor":4,"gold_loss":47}],"is_beta":false,"boss_relics":[],"items_purged_floors":[],"is_endless":false,"potions_floor_spawned":[3,5,6,8],"killed_by":"3 Louse","ascension_level":2}