{"gold_per_floor":[110,189,189,139,150,150,177,177,177,194,208,221,221,238,238,337,337,357,357,375,386,301,301,327,338,411,411,431,442,454,454,454,454],"floor_reached":33,"playtime":2641,"items_purged":[],"score":261,"play_id":"c4e7b948-2b9b-40d3-b997-54525143a32f","local_time":"20190503134241","is_ascension_mode":false,"campfire_choices":[{"data":"Bludgeon","floor":6,"key":"SMITH"},{"data":"Reaper","floor":8,"key":"SMITH"},{"data":"Bash","floor":13,"key":"SMITH"},{"data":"Shrug It Off","floor":15,"key":"SMITH"},{"data":"Double Tap","floor":23,"key":"SMITH"},{"data":"True Grit","floor":27,"key":"SMITH"},{"data":"Ghostly Armor","floor":32,"key":"SMITH"}],"neow_cost":"PERCENT_DAMAGE","seed_source_timestamp":12592865570210,"circlet_count":0,"master_deck":["Strike_R","Strike_R","Strike_R","Strike_R","Defend_R","Defend_R","Defend_R","Defend_R","Bash+1","Bludgeon+1","Shrug It Off+1","Reaper+1","Headbutt+1","Thunderclap+1","Ghostly Armor+1","Double Tap+1","Rampage+1","True Grit+1","Armaments+1","True Grit+1","Uppercut+1","Feed+1","Headbutt+1"],"relics":["Burning Blood","Odd Mushroom","Molten Egg 2","Mark of Pain","Paper Frog","Darkstone Periapt","Gremlin Horn"],"potions_floor_usage":[33,33,33],"damage_taken":[{"damage":7,"enemies":"Jaw Worm","floor":1,"turns":3},{"damage":0,"enemies":"2 Louse","floor":5,"turns":2},{"damage":33,"enemies":"The Mushroom Lair","floor":7,"turns":5},{"damage":3,"enemies":"Small Slimes","floor":10,"turns":3},{"damage":2,"enemies":"Exordium Wildlife","floor":11,"turns":4},{"damage":10,"enemies":"3 Louse","floor":12,"turns":4},{"damage":0,"enemies":"Large Slime","floor":14,"turns":3},{"damage":42,"enemies":"The Guardian","floor":16,"turns":7},{"damage":0,"enemies":"Shell Parasite","floor":18,"turns":3},{"damage":5,"enemies":"Spheric Guardian","floor":20,"turns":3},{"damage":4,"enemies":"Snecko","floor":21,"turns":4},{"damage":28,"enemies":"Slavers","floor":24,"turns":5},{"damage":2,"enemies":"Centurion and Healer","floor":25,"turns":7},{"damage":17,"enemies":"3 Cultists","floor":28,"turns":5},{"damage":10,"enemies":"Sentry and Sphere","floor":29,"turns":4},{"damage":0,"enemies":"Cultist and Chosen","floor":30,"turns":4},{"damage":112,"enemies":"Collector","floor":33,"turns":9}],"seed_played":"-8610051533820524032","potions_obtained":[{"floor":7,"key":"BloodPotion"},{"floor":11,"key":"PowerPotion"},{"floor":12,"key":"GamblersBrew"},{"floor":21,"key":"SteroidPotion"}],"is_trial":false,"path_per_floor":["M","?","?","?","M","R","?","R","T","M","M","M","R","M","R","B",null,"M","?","M","M","?","R","E","M","T","R","M","M","M","?","R","B"],"character_chosen":"IRONCLAD","items_purchased":[],"campfire_rested":0,"item_purchase_floors":[],"current_hp_per_floor":[55,55,60,60,66,66,39,39,39,47,61,66,66,72,72,36,85,85,85,85,85,85,85,68,77,77,77,74,83,89,89,89,0],"gold":454,"neow_bonus":"THREE_RARE_CARDS","is_prod":false,"is_daily":false,"chose_seed":false,"campfire_upgraded":7,"win_rate":0.0,"timestamp":1556883761,"path_taken":["M","?","?","?","M","R","?","R","T","M","M","M","R","M","R","BOSS","M","?","M","M","?","R","E","M","T","R","M","M","M","?","R","BOSS"],"build_version":"2019-01-23","purchased_purges":0,"victory":false,"max_hp_per_floor":[80,80,85,85,85,85,85,85,85,85,85,85,85,85,85,85,85,85,85,85,85,85,85,85,85,85,85,85,85,89,89,89,89],"card_choices":[{"not_picked":["Offering","Berserk"],"picked":"Bludgeon","floor":0},{"not_picked":["Wild Strike","Clash","Armaments"],"picked":"SKIP","floor":1},{"not_picked":["Wild Strike","Clash","Armaments"],"picked":"SKIP","floor":1},{"not_picked":["Clash","Flex"],"picked":"Shrug It Off","floor":5},{"not_picked":["Sword Boomerang","Warcry"],"picked":"Reaper","floor":7},{"not_picked":["Pommel Strike+1","Heavy Blade+1"],"picked":"Headbutt+1","floor":10},{"not_picked":["Rupture","Twin Strike+1"],"picked":"Thunderclap+1","floor":11},{"not_picked":["Blood for Blood+1","Combust","Carnage+1"],"picked":"SKIP","floor":12},{"not_picked":["Clothesline+1","Body Slam+1"],"picked":"Ghostly Armor","floor":14},{"not_picked":["Berserk","Offering"],"picked":"Double Tap","floor":16},{"not_picked":["Sword Boomerang+1","Clash+1"],"picked":"Rampage+1","floor":18},{"not_picked":["Clothesline+1","Reckless Charge+1"],"picked":"True Grit","floor":20},{"not_picked":["Twin Strike+1","Sword Boomerang+1"],"picked":"Armaments+1","floor":21},{"not_picked":["Perfected Strike+1","Searing Blow+1"],"picked":"True Grit+1","floor":24},{"not_picked":["Clothesline+1","True Grit"],"picked":"Uppercut+1","floor":25},{"not_picked":["Wild Strike+1","Armaments"],"picked":"Feed+1","floor":28},{"not_picked":["Reckless Charge+1","Entrench"],"picked":"Headbutt+1","floor":29},{"not_picked":["Thunderclap+1","Armaments","Twin Strike+1"],"picked":"SKIP","floor":30}],"player_experience":120027,"relics_obtained":[{"floor":7,"key":"Odd Mushroom"},{"floor":9,"key":"Molten Egg 2"},{"floor":24,"key":"Darkstone Periapt"},{"floor":26,"key":"Gremlin Horn"}],"event_choices":[{"damage_healed":0,"gold_gain":79,"player_choice":"Gained Gold","damage_taken":0,"max_hp_gain":0,"max_hp_loss":0,"event_name":"Golden Wing","floor":2,"gold_loss":0},{"damage_healed":0,"gold_gain":0,"player_choice":"Donut","damage_taken":0,"max_hp_gain":5,"max_hp_loss":0,"event_name":"Big Fish","floor":3,"gold_loss":0},{"cards_removed":["Strike_R"],"damage_healed":0,"gold_gain":0,"player_choice":"Card Removal","damage_taken":0,"max_hp_gain":0,"max_hp_loss":0,"event_name":"The Cleric","floor":4,"gold_loss":50},{"damage_healed":0,"gold_gain":0,"player_choice":"Fought Mushrooms","damage_taken":0,"max_hp_gain":0,"max_hp_loss":0,"event_name":"Mushrooms","floor":7,"gold_loss":0},{"damage_healed":0,"gold_gain":0,"player_choice":"Ignored","damage_taken":0,"max_hp_gain":0,"max_hp_loss":0,"event_name":"Ghosts","floor":19,"gold_loss":0},{"damage_healed":0,"gold_gain":0,"player_choice":"Obtained Relic","damage_taken":0,"relics_obtained":["Paper Frog"],"max_hp_gain":0,"max_hp_loss":0,"event_name":"Addict","floor":22,"gold_loss":85},{"damage_healed":0,"gold_gain":0,"player_choice":"Ignored","damage_taken":0,"max_hp_gain":0,"max_hp_loss":0,"event_name":"Vampires","floor":31,"gold_loss":0}],"is_beta":false,"boss_relics":[{"not_picked":["Ectoplasm","Runic Cube"],"picked":"Mark of Pain"}],"items_purged_floors":[],"is_endless":false,"potions_floor_spawned":[7,11,12,16,20,21,25,29],"killed_by":"Collector","ascension_level":0}