{"gold_per_floor":[119,294,313,313,326,326,351,364,389,95,95,95,50,67,67,168,168,187,38,53,53,72,72,102,102,175,185,39,57,67,82,82,182,182,195,195,195,195,215,215,68,87,87,0,0,0,0,13,13,13],"floor_reached":50,"playtime":6339,"items_purged":[],"score":487,"play_id":"d7f17f34-fa3b-4b6f-853e-2c7b4fa54a13","local_time":"20181215165750","is_ascension_mode":false,"campfire_choices":[{"floor":6,"key":"RECALL"},{"floor":12,"key":"REST"},{"floor":15,"key":"REST"},{"floor":23,"key":"REST"},{"floor":25,"key":"REST"},{"floor":32,"key":"REST"},{"floor":40,"key":"REST"},{"floor":45,"key":"REST"},{"data":"Crippling Poison","floor":47,"key":"SMITH"},{"floor":49,"key":"REST"}],"neow_cost":"NONE","seed_source_timestamp":73039750161914,"circlet_count":0,"master_deck":["Defend_G","Defend_G","Defend_G","Defend_G","Defend_G","Strike_G","Strike_G","Strike_G","Strike_G","Strike_G","Survivor","Neutralize","Crippling Poison+1","Doubt","Terror","Sucker Punch","Flying Knee","Deadly Poison","Blur","Slice","Deadly Poison","Poisoned Stab","Burst","Predator+1","Sucker Punch","Bane+1","Deflect","Dash","Outmaneuver","Quick Slash","A Thousand Cuts","Deflect","Dramatic Entrance","Swift Strike","Secret Technique","Leg Sweep+1","Deadly Poison+1","Parasite","Endless Agony+1"],"relics":["Ring of the Snake","NeowsBlessing","Bronze Scales","Juzu Bracelet","Pen Nib","Ninja Scroll","Busted Crown","Lantern","Ornamental Fan","Paper Crane","Blood Vial","Molten Egg 2","Snake Skull","Ancient Tea Set","Red Mask"],"potions_floor_usage":[16,18,20,27,33,33,50],"damage_taken":[{"damage":0,"enemies":"2 Louse","floor":1,"turns":1},{"damage":0,"enemies":"Jaw Worm","floor":3,"turns":1},{"damage":0,"enemies":"Small Slimes","floor":5,"turns":1},{"damage":50,"enemies":"3 Sentries","floor":7,"turns":14},{"damage":1,"enemies":"Exordium Wildlife","floor":8,"turns":3},{"damage":2,"enemies":"3 Louse","floor":14,"turns":2},{"damage":32,"enemies":"The Guardian","floor":16,"turns":8},{"damage":8,"enemies":"Spheric Guardian","floor":18,"turns":5},{"damage":13,"enemies":"2 Thieves","floor":20,"turns":3},{"damage":26,"enemies":"Centurion and Healer","floor":22,"turns":5},{"damage":31,"enemies":"Gremlin Leader","floor":24,"turns":5},{"damage":7,"enemies":"Cultist and Chosen","floor":27,"turns":6},{"damage":14,"enemies":"Snake Plant","floor":29,"turns":4},{"damage":1,"enemies":"3 Cultists","floor":30,"turns":4},{"damage":0,"enemies":"Chosen and Byrds","floor":31,"turns":4},{"damage":19,"enemies":"Automaton","floor":33,"turns":10},{"damage":8,"enemies":"3 Shapes","floor":35,"turns":4},{"damage":5,"enemies":"Orb Walker","floor":39,"turns":3},{"damage":17,"enemies":"Transient","floor":42,"turns":5},{"damage":19,"enemies":"Writhing Mass","floor":48,"turns":7},{"damage":86,"enemies":"Donu and Deca","floor":50,"turns":8}],"seed_played":"2153283072226580087","potions_obtained":[{"floor":1,"key":"SpeedPotion"},{"floor":5,"key":"GhostInAJar"},{"floor":7,"key":"LiquidBronze"},{"floor":18,"key":"Energy Potion"},{"floor":29,"key":"PowerPotion"},{"floor":31,"key":"PowerPotion"},{"floor":33,"key":"Energy Potion"},{"floor":48,"key":"EssenceOfSteel"}],"is_trial":false,"path_per_floor":["M","?","M","?","M","R","E","M","T","$","?","R","?","M","R","B",null,"M","$","M","?","M","R","E","R","T","M","$","M","M","M","R","B",null,"M","?","?","T","M","R","$","M","T","?","R","$","R","M","R","B"],"character_chosen":"THE_SILENT","items_purchased":["Pen Nib","Blur","Slice","Deadly Poison","Lantern","Blood Vial","Snake Skull"],"campfire_rested":8,"item_purchase_floors":[10,10,10,10,19,28,41],"current_hp_per_floor":[70,70,70,63,63,63,13,12,12,12,12,33,33,31,52,20,70,62,62,49,49,23,44,13,34,34,27,27,15,16,18,39,22,70,62,52,52,52,49,70,70,53,53,53,70,70,70,51,70,0],"gold":13,"neow_bonus":"THREE_ENEMY_KILL","is_prod":false,"is_daily":false,"chose_seed":false,"campfire_upgraded":1,"win_rate":0,"timestamp":1544921870,"path_taken":["M","?","M","?","M","R","E","M","T","$","?","R","?","M","R","BOSS","M","$","M","?","M","R","E","R","T","M","$","M","M","M","R","BOSS","M","?","?","?","M","R","?","M","T","?","R","$","R","M","R","BOSS"],"build_version":"2018-12-13","purchased_purges":0,"victory":false,"max_hp_per_floor":[70,70,70,70,70,70,70,70,70,70,70,70,70,70,70,70,70,70,70,70,70,70,70,70,70,70,70,70,70,70,70,70,70,70,70,70,70,70,70,70,70,70,70,70,70,70,70,70,70,70],"card_choices":[{"not_picked":["Reflex","Quick Slash"],"picked":"Crippling Poison","floor":1},{"not_picked":["Dodge and Roll","Flying Knee"],"picked":"Terror","floor":3},{"not_picked":["Masterful Stab","Dagger Throw"],"picked":"Sucker Punch","floor":5},{"not_picked":["Dagger Throw","Prepared"],"picked":"Flying Knee","floor":7},{"not_picked":["Dagger Throw","Flying Knee"],"picked":"Deadly Poison","floor":8},{"not_picked":["Flying Knee","Accuracy"],"picked":"Poisoned Stab","floor":14},{"not_picked":["Tools of the Trade","Unload"],"picked":"Burst","floor":16},{"not_picked":[],"picked":"Predator+1","floor":18},{"not_picked":[],"picked":"Sucker Punch","floor":20},{"not_picked":[],"picked":"Bane+1","floor":22},{"not_picked":["Underhanded Strike"],"picked":"SKIP","floor":24},{"not_picked":[],"picked":"Deflect","floor":27},{"not_picked":[],"picked":"Dash","floor":29},{"not_picked":[],"picked":"Outmaneuver","floor":30},{"not_picked":[],"picked":"Quick Slash","floor":31},{"not_picked":[],"picked":"A Thousand Cuts","floor":33},{"not_picked":[],"picked":"Deflect","floor":35},{"not_picked":[],"picked":"Dramatic Entrance","floor":36},{"not_picked":[],"picked":"Swift Strike","floor":36},{"not_picked":[],"picked":"Secret Technique","floor":36},{"not_picked":[],"picked":"Leg Sweep+1","floor":39},{"not_picked":[],"picked":"Deadly Poison+1","floor":42},{"not_picked":[],"picked":"Endless Agony+1","floor":48}],"player_experience":273586,"relics_obtained":[{"floor":7,"key":"Juzu Bracelet"},{"floor":24,"key":"Ornamental Fan"},{"floor":26,"key":"Paper Crane"},{"floor":38,"key":"Molten Egg 2"},{"floor":43,"key":"Ancient Tea Set"}],"event_choices":[{"damage_healed":0,"gold_gain":175,"player_choice":"AGREE","damage_taken":0,"max_hp_gain":0,"max_hp_loss":0,"event_name":"Liars Game","floor":2,"gold_loss":0,"cards_obtained":["Doubt"]},{"damage_healed":0,"gold_gain":0,"player_choice":"Success","damage_taken":7,"relics_obtained":["Bronze Scales"],"max_hp_gain":0,"max_hp_loss":0,"event_name":"Scrap Ooze","floor":4,"gold_loss":0},{"damage_healed":0,"gold_gain":0,"player_choice":"Box","damage_taken":0,"relics_obtained":["Ninja Scroll"],"max_hp_gain":0,"max_hp_loss":0,"event_name":"Big Fish","floor":11,"gold_loss":0,"cards_obtained":["Regret"]},{"damage_healed":0,"gold_gain":0,"player_choice":"Left Gold","damage_taken":0,"max_hp_gain":0,"max_hp_loss":0,"event_name":"World of Goop","floor":13,"gold_loss":45},{"cards_removed":["Regret"],"damage_healed":0,"gold_gain":0,"player_choice":"Elegance","damage_taken":0,"max_hp_gain":0,"max_hp_loss":0,"event_name":"Back to Basics","floor":21,"gold_loss":0},{"damage_healed":0,"gold_gain":0,"player_choice":"Memory 3","damage_taken":10,"max_hp_gain":0,"max_hp_loss":0,"event_name":"SensoryStone","floor":36,"gold_loss":0},{"damage_healed":0,"gold_gain":0,"player_choice":"Ignored","damage_taken":0,"max_hp_gain":0,"max_hp_loss":0,"event_name":"Mysterious Sphere","floor":37,"gold_loss":0},{"damage_healed":0,"gold_gain":0,"player_choice":"Paid","damage_taken":0,"relics_obtained":["Red Mask"],"max_hp_gain":0,"max_hp_loss":0,"event_name":"Tomb of Lord Red Mask","floor":44,"gold_loss":87}],"is_beta":false,"boss_relics":[{"not_picked":["Empty Cage","Sozu"],"picked":"Busted Crown"},{"not_picked":["Runic Dome","HoveringKite","Cursed Key"]}],"items_purged_floors":[],"is_endless":false,"potions_floor_spawned":[1,5,7,18,29,31,33,48],"killed_by":"Donu and Deca","ascension_level":0}