{"gold_per_floor":[218,236,236,251,3,3,35,35,35,35,51,51,66,94,94,170,170,187,187,187,197,20,20,48,48,48,59,72,85,104,19,19,93,93,107,126,140,155,155,187,198,231,257,0,0,28,43,77,77,77,77,77,77,22,48,48],"floor_reached":57,"playtime":7190,"items_purged":["Strike_G","Pain"],"score":2983,"play_id":"c7824e89-e61c-45cb-b63a-4ae62a302bb2","local_time":"20190401154123","is_ascension_mode":true,"campfire_choices":[{"data":"Neutralize","floor":6,"key":"SMITH"},{"data":"Poisoned Stab","floor":10,"key":"SMITH"},{"data":"Crippling Poison","floor":12,"key":"SMITH"},{"floor":15,"key":"REST"},{"floor":23,"key":"REST"},{"data":"Bullet Time","floor":32,"key":"SMITH"},{"floor":45,"key":"RECALL"},{"floor":49,"key":"REST"},{"floor":53,"key":"REST"}],"neow_cost":"NONE","seed_source_timestamp":2021161307012580,"circlet_count":0,"master_deck":["AscendersBane","Defend_G","Defend_G","Defend_G","Defend_G","Defend_G","Survivor","Neutralize+1","Poisoned Stab+1","Crippling Poison+1","Endless Agony","PiercingWail","Burst","Predator","Bullet Time+1","After Image","Backflip+1","Venomology+1","Expertise+1","Dodge and Roll+1","Well Laid Plans","Prepared+1","Bouncing Flask","Backstab","Wraith Form v2","Setup+1","Night Terror","PiercingWail+1","Apotheosis","Footwork+1","Noxious Fumes","Backflip","Corpse Explosion","Catalyst","Acrobatics+1","Skewer+1"],"relics":["Ring of the Snake","Bag of Preparation","Pear","WarpedTongs","Paper Crane","Astrolabe","Enchiridion","Bird Faced Urn","Mercury Hourglass","Ice Cream","Fusion Hammer","Pen Nib","Molten Egg 2","Bag of Marbles","Red Mask","Oddly Smooth Stone","Dream Catcher","Gambling Chip"],"potions_floor_usage":[7,7,14,16,16,18,21,24,24,24,28,33,33,36,37,38,38,40,40,40,42,42,46,47,47,47,48,48,51,51,55,56,56],"damage_taken":[{"damage":4,"enemies":"Jaw Worm","floor":1,"turns":7},{"damage":1,"enemies":"Cultist","floor":2,"turns":4},{"damage":1,"enemies":"Small Slimes","floor":4,"turns":4},{"damage":2,"enemies":"Lagavulin","floor":7,"turns":6},{"damage":6,"enemies":"Red Slaver","floor":11,"turns":4},{"damage":8,"enemies":"Large Slime","floor":13,"turns":6},{"damage":16,"enemies":"Gremlin Nob","floor":14,"turns":3},{"damage":39,"enemies":"Slime Boss","floor":16,"turns":14},{"damage":21,"enemies":"Spheric Guardian","floor":18,"turns":10},{"damage":8,"enemies":"Shell Parasite","floor":21,"turns":6},{"damage":9,"enemies":"Gremlin Leader","floor":24,"turns":11},{"damage":0,"enemies":"Snecko","floor":27,"turns":5},{"damage":0,"enemies":"Centurion and Healer","floor":28,"turns":5},{"damage":5,"enemies":"Cultist and Chosen","floor":29,"turns":8},{"damage":0,"enemies":"Shelled Parasite and Fungi","floor":30,"turns":6},{"damage":0,"enemies":"Automaton","floor":33,"turns":9},{"damage":0,"enemies":"3 Darklings","floor":35,"turns":5},{"damage":1,"enemies":"Orb Walker","floor":36,"turns":3},{"damage":7,"enemies":"3 Darklings","floor":37,"turns":4},{"damage":0,"enemies":"Jaw Worm Horde","floor":38,"turns":5},{"damage":0,"enemies":"Nemesis","floor":40,"turns":7},{"damage":0,"enemies":"Sphere and 2 Shapes","floor":41,"turns":3},{"damage":5,"enemies":"Giant Head","floor":42,"turns":8},{"damage":0,"enemies":"Reptomancer","floor":46,"turns":9},{"damage":5,"enemies":"Maw","floor":47,"turns":6},{"damage":7,"enemies":"Nemesis","floor":48,"turns":7},{"damage":21,"enemies":"Time Eater","floor":50,"turns":5},{"damage":3,"enemies":"Donu and Deca","floor":51,"turns":5},{"damage":7,"enemies":"Shield and Spear","floor":55,"turns":8},{"damage":76,"enemies":"The Heart","floor":56,"turns":9}],"seed_played":"-4329835784419506354","potions_obtained":[{"floor":1,"key":"Dexterity Potion"},{"floor":3,"key":"AttackPotion"},{"floor":11,"key":"Explosive Potion"},{"floor":13,"key":"Poison Potion"},{"floor":14,"key":"Dexterity Potion"},{"floor":16,"key":"Strength Potion"},{"floor":18,"key":"PowerPotion"},{"floor":27,"key":"Strength Potion"},{"floor":28,"key":"SpeedPotion"},{"floor":35,"key":"LiquidBronze"},{"floor":41,"key":"GhostInAJar"},{"floor":47,"key":"Energy Potion"},{"floor":55,"key":"PowerPotion"}],"is_trial":false,"path_per_floor":["M","M","?","M","$","R","E","?","T","R","M","R","M","E","R","B",null,"M","?","?","M","$","R","E","?","T","M","M","M","M","?","R","B",null,"M","M","M","M","?","E","M","E","T","?","R","E","M","E","R","B","B",null,"R","$","E","B",null],"character_chosen":"THE_SILENT","items_purchased":["Bag of Preparation","Well Laid Plans","PowerPotion"],"campfire_rested":4,"item_purchase_floors":[5,22,54],"current_hp_per_floor":[55,54,54,53,53,53,61,61,61,61,55,55,47,31,53,14,61,40,40,19,11,11,33,24,24,24,30,36,37,43,43,43,49,69,76,76,71,76,76,76,76,76,76,76,76,76,76,76,76,55,62,73,76,76,75,9],"gold":48,"neow_bonus":"HUNDRED_GOLD","is_prod":false,"is_daily":false,"chose_seed":false,"campfire_upgraded":4,"win_rate":0,"timestamp":1554129683,"path_taken":["M","M","?","M","?","R","E","?","T","R","M","R","M","E","R","BOSS","M","?","?","?","$","R","E","?","T","?","M","M","M","?","R","BOSS","M","M","M","M","?","E","M","E","T","?","R","E","M","E","R","BOSS","BOSS","R","$","E","BOSS"],"build_version":"2019-01-23","purchased_purges":2,"victory":true,"max_hp_per_floor":[66,66,66,66,66,66,76,76,76,76,76,76,76,76,76,76,76,76,76,76,76,76,76,76,76,76,76,76,76,76,76,76,76,76,76,76,76,76,76,76,76,76,76,76,76,76,76,76,76,76,76,76,76,76,76,76],"card_choices":[{"not_picked":["Setup","Underhanded Strike"],"picked":"Poisoned Stab","floor":1},{"not_picked":["Catalyst","Dagger Throw"],"picked":"Crippling Poison","floor":2},{"not_picked":["Choke","Cloak And Dagger"],"picked":"Endless Agony","floor":4},{"not_picked":["Prepared","Quick Slash"],"picked":"PiercingWail","floor":7},{"not_picked":["Heel Hook","Dodge and Roll"],"picked":"Burst","floor":11},{"not_picked":["Slice","Expertise"],"picked":"Predator","floor":13},{"not_picked":["Dodge and Roll","Dagger Throw"],"picked":"Bullet Time","floor":14},{"not_picked":["Unload","Envenom"],"picked":"After Image","floor":16},{"not_picked":["Cloak And Dagger","Backflip+1"],"picked":"Dodge and Roll+1","floor":18},{"not_picked":["Dagger Spray","Outmaneuver","Poisoned Stab"],"picked":"SKIP","floor":21},{"not_picked":["Blade Dance","Slice"],"picked":"Prepared+1","floor":24},{"not_picked":["Cloak And Dagger","Masterful Stab","Dagger Throw"],"picked":"SKIP","floor":27},{"not_picked":["Calculated Gamble","Envenom"],"picked":"Backstab","floor":28},{"not_picked":["Dagger Spray","Predator","Acrobatics+1"],"picked":"SKIP","floor":29},{"not_picked":["Poisoned Stab","Acrobatics","Distraction"],"picked":"SKIP","floor":30},{"not_picked":["After Image","Venomology"],"picked":"Wraith Form v2","floor":33},{"not_picked":["Predator","Backflip","Riddle With Holes"],"picked":"SKIP","floor":35},{"not_picked":["Bane","Dodge and Roll"],"picked":"Setup+1","floor":36},{"not_picked":["Dagger Spray","Acrobatics"],"picked":"Night Terror","floor":37},{"not_picked":["All Out Attack+1","Dagger Throw"],"picked":"PiercingWail+1","floor":38},{"not_picked":["Good Instincts","Bandage Up"],"picked":"Apotheosis","floor":39},{"not_picked":["PiercingWail+1","Tools of the Trade"],"picked":"Footwork+1","floor":40},{"not_picked":["Blade Dance","Flechettes"],"picked":"Noxious Fumes","floor":41},{"not_picked":["Predator","Dagger Throw"],"picked":"Backflip","floor":42},{"not_picked":["Backstab+1","Poisoned Stab+1"],"picked":"Corpse Explosion","floor":46},{"not_picked":["Backflip","Deflect+1","Dagger Spray+1"],"picked":"SKIP","floor":47},{"not_picked":["Masterful Stab+1","Caltrops"],"picked":"Catalyst","floor":48},{"not_picked":["Accuracy+1","Sucker Punch+1"],"picked":"Acrobatics+1","floor":49},{"not_picked":["Choke+1","Grand Finale+1"],"picked":"Skewer+1","floor":55}],"player_experience":1570197,"relics_obtained":[{"floor":7,"key":"Pear"},{"floor":14,"key":"Paper Crane"},{"floor":20,"key":"Enchiridion"},{"floor":24,"key":"Bird Faced Urn"},{"floor":26,"key":"Mercury Hourglass"},{"floor":40,"key":"Pen Nib"},{"floor":42,"key":"Molten Egg 2"},{"floor":43,"key":"Bag of Marbles"},{"floor":46,"key":"Oddly Smooth Stone"},{"floor":48,"key":"Dream Catcher"},{"floor":55,"key":"Gambling Chip"}],"event_choices":[{"damage_healed":0,"gold_gain":0,"player_choice":"Got Potions","damage_taken":0,"max_hp_gain":0,"max_hp_loss":0,"event_name":"Lab","floor":3,"gold_loss":0},{"damage_healed":0,"gold_gain":0,"player_choice":"Rummage","damage_taken":0,"relics_obtained":["WarpedTongs"],"max_hp_gain":0,"max_hp_loss":0,"event_name":"Accursed Blacksmith","floor":8,"gold_loss":0,"cards_obtained":["Pain"]},{"damage_healed":0,"gold_gain":0,"player_choice":"Ignored","damage_taken":0,"max_hp_gain":0,"max_hp_loss":0,"event_name":"Vampires","floor":19,"gold_loss":0},{"damage_healed":0,"gold_gain":0,"player_choice":"Obtained Book","damage_taken":21,"max_hp_gain":0,"max_hp_loss":0,"event_name":"Cursed Tome","floor":20,"gold_loss":0},{"damage_healed":0,"gold_gain":0,"cards_transformed":["Strike_G"],"player_choice":"Transformed","damage_taken":0,"max_hp_gain":0,"max_hp_loss":0,"event_name":"Transmorgrifier","floor":25,"gold_loss":0,"cards_obtained":["Bouncing Flask"]},{"damage_healed":0,"gold_gain":0,"player_choice":"Obtained Relic","damage_taken":0,"relics_obtained":["Ice Cream"],"max_hp_gain":0,"max_hp_loss":0,"event_name":"Addict","floor":31,"gold_loss":85},{"damage_healed":0,"gold_gain":0,"player_choice":"Memory 1","damage_taken":0,"max_hp_gain":0,"max_hp_loss":0,"event_name":"SensoryStone","floor":39,"gold_loss":0},{"damage_healed":0,"gold_gain":0,"player_choice":"Paid","damage_taken":0,"relics_obtained":["Red Mask"],"max_hp_gain":0,"max_hp_loss":0,"event_name":"Tomb of Lord Red Mask","floor":44,"gold_loss":257}],"is_beta":false,"boss_relics":[{"not_picked":["Orrery","Runic Pyramid"],"picked":"Astrolabe"},{"not_picked":["HoveringKite","Ring of the Serpent"],"picked":"Fusion Hammer"}],"items_purged_floors":[5,22],"is_endless":false,"potions_floor_spawned":[1,11,13,14,16,18,21,27,28,35,36,41,47,55],"ascension_level":20}