{"gold_per_floor":[119,119,119,11,11,42,42,60,60,60,79,27,27,40,40,145,145,85,28,41,15,15],"floor_reached":22,"playtime":668,"items_purged":[],"score":189,"play_id":"48a32e13-52d8-47da-9b5a-8405417f0198","local_time":"20180817162514","is_ascension_mode":true,"campfire_choices":[{"floor":7,"key":"REST"},{"data":"Demon Form","floor":10,"key":"SMITH"},{"data":"Searing Blow","floor":13,"key":"SMITH"},{"floor":15,"key":"REST"}],"neow_cost":"NONE","seed_source_timestamp":273879349899204,"circlet_count":0,"master_deck":["Strike_R","Strike_R","Strike_R","Strike_R+1","Defend_R","Defend_R","Defend_R","Bash+1","Demon Form+1","Perfected Strike","Carnage","Whirlwind","Corruption","Flex","Bludgeon","Uppercut+1","Demon Form+1","Metallicize+1","Body Slam+1","Inflame","Perfected Strike"],"relics":["Burning Blood","Whetstone","Gremlin Horn","Astrolabe","Ancient Tea Set"],"potions_floor_usage":[],"damage_taken":[{"damage":15,"enemies":"Jaw Worm","floor":1,"turns":4},{"damage":33,"enemies":"Gremlin Nob","floor":6,"turns":5},{"damage":15,"enemies":"2 Louse","floor":8,"turns":3},{"damage":6,"enemies":"Cultist","floor":11,"turns":3},{"damage":0,"enemies":"2 Fungi Beasts","floor":14,"turns":2},{"damage":74,"enemies":"Hexaghost","floor":16,"turns":8},{"damage":36,"enemies":"2 Thieves","floor":18,"turns":4},{"damage":37,"enemies":"Spheric Guardian","floor":20,"turns":5},{"damage":31,"enemies":"Centurion and Healer","floor":22,"turns":4}],"seed_played":"8824135491176645934","potions_obtained":[{"floor":1,"key":"BloodPotion"},{"floor":14,"key":"LiquidBronze"},{"floor":20,"key":"Dexterity Potion"}],"is_trial":false,"path_per_floor":["M","?","?","$","$","E","R","M","T","R","M","$","R","M","R","B",null,"M","?","M","$"],"character_chosen":"IRONCLAD","items_purchased":["Carnage","Whirlwind","Flex","Perfected Strike"],"campfire_rested":2,"item_purchase_floors":[4,4,12,21],"current_hp_per_floor":[71,76,76,76,76,49,74,65,65,65,65,65,65,71,85,17,85,55,55,24,24,0],"gold":15,"neow_bonus":"TRANSFORM_CARD","is_prod":false,"is_daily":false,"chose_seed":false,"campfire_upgraded":2,"win_rate":0,"timestamp":1534548314,"path_taken":["M","?","?","?","$","E","R","M","T","R","M","$","R","M","R","BOSS","M","?","M","?","M"],"build_version":"2018-08-16","purchased_purges":0,"victory":false,"max_hp_per_floor":[80,85,85,85,85,85,85,85,85,85,85,85,85,85,85,85,85,85,85,85,85,85],"card_choices":[{"not_picked":["Battle Trance","Perfected Strike"],"picked":"Searing Blow","floor":1},{"not_picked":["Cleave","Clash","Feed"],"picked":"SKIP","floor":6},{"not_picked":["Metallicize","Clash"],"picked":"Corruption","floor":8},{"not_picked":["Headbutt","Sever Soul"],"picked":"Inflame","floor":11},{"not_picked":["Clothesline","Shrug It Off"],"picked":"Rampage","floor":14},{"not_picked":["Berserk","Juggernaut"],"picked":"Bludgeon","floor":16},{"not_picked":["Clash","Perfected Strike"],"picked":"Body Slam+1","floor":18},{"not_picked":["True Grit+1","Pummel"],"picked":"Inflame","floor":20}],"player_experience":19126,"relics_obtained":[{"floor":6,"key":"Whetstone"},{"floor":9,"key":"Gremlin Horn"}],"event_choices":[{"event_name":"Big Fish","player_choice":"Donut","floor":2,"damage_taken":0},{"event_name":"Transmorgrifier","player_choice":"Transform","floor":3,"damage_taken":0},{"event_name":"WeMeetAgain","player_choice":"Gold","floor":19,"damage_taken":0}],"is_beta":false,"boss_relics":[{"not_picked":["Eternal Feather","Cursed Key"],"picked":"Astrolabe"}],"items_purged_floors":[],"is_endless":false,"potions_floor_spawned":[1,14,20],"killed_by":"Centurion and Healer","ascension_level":1}