{"gold_per_floor":[112,125,125,144,174,174,199,199,224,224,71,246,246,22,22,125,125,145,145,145,145,168,168,188,201,201,216,216,216,2,15,15,114,114,128,138,138,1137,1137,1168,548,548,548,43,43,61,0,52,52,52],"floor_reached":50,"playtime":1585,"items_purged":["Regret","Doubt","Normality","Normality"],"score":512,"play_id":"7b8addbf-cc68-434e-a336-c2328c3d8ea3","local_time":"20190505153204","is_ascension_mode":false,"campfire_choices":[{"data":"Body Slam","floor":6.0,"key":"SMITH"},{"data":"Thunderclap","floor":10.0,"key":"SMITH"},{"data":"Ghostly Armor","floor":13.0,"key":"SMITH"},{"data":"Armaments","floor":15.0,"key":"SMITH"},{"data":"Defend_R","floor":23.0,"key":"SMITH"},{"data":"Discovery","floor":32.0,"key":"SMITH"},{"data":"Double Tap","floor":45.0,"key":"SMITH"},{"floor":49,"key":"RECALL"}],"neow_cost":"NONE","seed_source_timestamp":4155889954209843,"circlet_count":0,"master_deck":["Strike_R","Strike_R","Strike_R+1","Strike_R","Strike_R","Defend_R+1","Defend_R","Defend_R","Defend_R+1","Bash","Body Slam+1","Dropkick","Thunderclap+1","Ghostly Armor+1","Armaments+1","Double Tap+1","Whirlwind+1","Shrug It Off","Headbutt","Flame Barrier+1","Dropkick","Iron Wave","Discovery+1","True Grit+1","Metallicize+1","Rampage+1","Flame Barrier+1"],"special_seed":0,"relics":["Burning Blood","NeowsBlessing","Tiny Chest","Bag of Marbles","Juzu Bracelet","Potion Belt","Mark of Pain","Blood Vial","Bottled Lightning","Black Star","Kunai","Singing Bowl","PreservedInsect","Red Skull","Gambling Chip","Bag of Preparation","Regal Pillow","Centennial Puzzle","Red Mask","Prayer Wheel"],"potions_floor_usage":[50],"damage_taken":[{"damage":0.0,"enemies":"Cultist","floor":1.0,"turns":1.0},{"damage":0.0,"enemies":"2 Louse","floor":2.0,"turns":1.0},{"damage":0.0,"enemies":"Small Slimes","floor":4.0,"turns":1.0},{"damage":40.0,"enemies":"3 Sentries","floor":7.0,"turns":10.0},{"damage":19.0,"enemies":"The Guardian","floor":16.0,"turns":14.0},{"damage":17.0,"enemies":"Spheric Guardian","floor":18.0,"turns":4.0},{"damage":2.0,"enemies":"Chosen","floor":24.0,"turns":4.0},{"damage":4.0,"enemies":"Snecko","floor":25.0,"turns":4.0},{"damage":0.0,"enemies":"Cultist and Chosen","floor":27.0,"turns":3.0},{"damage":0.0,"enemies":"Chosen and Byrds","floor":31.0,"turns":2.0},{"damage":76.0,"enemies":"Champ","floor":33.0,"turns":13.0},{"damage":0.0,"enemies":"3 Shapes","floor":35.0,"turns":1.0},{"damage":14.0,"enemies":"Orb Walker","floor":36.0,"turns":4.0},{"damage":24.0,"enemies":"Nemesis","floor":40.0,"turns":11.0},{"damage":3.0,"enemies":"4 Shapes","floor":46.0,"turns":1.0},{"damage":0.0,"enemies":"2 Orb Walkers","floor":48.0,"turns":1.0},{"damage":79,"enemies":"Awakened One","floor":50,"turns":12}],"seed_played":"6981324691759908590","potions_obtained":[{"floor":4.0,"key":"SpeedPotion"},{"floor":7.0,"key":"AttackPotion"},{"floor":16.0,"key":"Poison Potion"},{"floor":25.0,"key":"Energy Potion"},{"floor":31.0,"key":"Ancient Potion"},{"floor":33.0,"key":"Explosive Potion"},{"floor":35.0,"key":"Swift Potion"},{"floor":46.0,"key":"SmokeBomb"}],"is_trial":false,"path_per_floor":["M","M","?","M","?","R","E","?","T","R","$","?","R","$","R","B",null,"M","?","?","$","T","R","M","M","T","M","?","?","$","M","R","B",null,"M","M","T","?","T","E","$","?","T","$","R","M","?","?","R","B"],"character_chosen":"IRONCLAD","items_purchased":["Ghostly Armor","Armaments","EssenceOfSteel","Dropkick","Iron Wave","Discovery","Gambling Chip","Bag of Preparation","PowerPotion","Regal Pillow","Centennial Puzzle","Strength Potion"],"campfire_rested":0,"item_purchase_floors":[11,14,14,30,30,30,41,41,41,44,44,44],"current_hp_per_floor":[80,80,64,70,70,70,36,29,29,29,29,29,29,29,29,16,80,69,69,69,69,69,69,75,79,79,80,80,80,80,80,80,10,80,80,72,72,72,72,56,56,56,56,56,56,63,63,73,73,0],"gold":52,"neow_bonus":"THREE_ENEMY_KILL","is_prod":false,"is_daily":false,"chose_seed":false,"campfire_upgraded":7,"win_rate":0,"timestamp":1557066724,"path_taken":["M","?","?","M","?","R","E","?","T","R","$","?","R","$","R","BOSS","M","?","?","?","?","R","M","M","T","M","?","?","$","M","R","BOSS","M","M","?","?","?","E","$","?","T","$","R","M","?","?","R","BOSS"],"build_version":"2019-01-23","purchased_purges":4,"victory":false,"max_hp_per_floor":[80,80,80,80,80,80,80,80,80,80,80,80,80,80,80,80,80,80,80,80,80,80,80,80,80,80,80,80,80,80,80,80,80,80,80,80,80,80,80,80,80,76,76,76,76,78,78,80,80,80],"card_choices":[{"not_picked":["Flex","Evolve"],"picked":"Body Slam","floor":1.0},{"not_picked":["Spot Weakness","Evolve"],"picked":"Dropkick","floor":2.0},{"not_picked":["Hemokinesis","Clothesline"],"picked":"Thunderclap","floor":4.0},{"not_picked":["Clothesline","Reckless Charge","Warcry"],"picked":"SKIP","floor":7.0},{"not_picked":["Brutality","Bludgeon"],"picked":"Double Tap","floor":16.0},{"not_picked":["Dropkick","Twin Strike"],"picked":"Whirlwind+1","floor":18.0},{"not_picked":["Whirlwind","Evolve"],"picked":"Headbutt","floor":24.0},{"not_picked":["Havoc","Twin Strike","Perfected Strike"],"picked":"SKIP","floor":25.0},{"not_picked":["Whirlwind","Feel No Pain"],"picked":"Flame Barrier+1","floor":27.0},{"not_picked":["Evolve","Iron Wave"],"picked":"True Grit+1","floor":31.0},{"not_picked":["Twin Strike","Rupture"],"picked":"Metallicize+1","floor":35.0},{"not_picked":["Headbutt+1","Iron Wave"],"picked":"Rampage+1","floor":36.0},{"not_picked":["Thunderclap+1","Corruption"],"picked":"Flame Barrier+1","floor":40.0},{"not_picked":["Anger","Evolve","Heavy Blade+1"],"picked":"Singing Bowl","floor":46.0},{"not_picked":["Havoc+1","Wild Strike+1","Sword Boomerang"],"picked":"Singing Bowl","floor":48.0}],"player_experience":813509,"relics_obtained":[{"floor":7.0,"key":"Bag of Marbles"},{"floor":9.0,"key":"Potion Belt"},{"floor":22.0,"key":"Blood Vial"},{"floor":26.0,"key":"Bottled Lightning"},{"floor":37.0,"key":"Kunai"},{"floor":39.0,"key":"Singing Bowl"},{"floor":40.0,"key":"PreservedInsect"},{"floor":40.0,"key":"Red Skull"},{"floor":48.0,"key":"Prayer Wheel"}],"event_choices":[{"damage_healed":0.0,"max_hp_gain":0.0,"max_hp_loss":0.0,"gold_gain":0.0,"event_name":"Shining Light","player_choice":"Entered Light","floor":3.0,"gold_loss":0.0,"damage_taken":16.0,"cards_upgraded":["Defend_R","Strike_R"]},{"damage_healed":0.0,"max_hp_gain":0.0,"max_hp_loss":0.0,"gold_gain":0.0,"event_name":"Big Fish","player_choice":"Box","floor":5.0,"gold_loss":0.0,"damage_taken":0.0,"relics_obtained":["Tiny Chest"],"cards_obtained":["Regret"]},{"damage_healed":0.0,"max_hp_gain":0.0,"max_hp_loss":0.0,"gold_gain":0.0,"event_name":"Scrap Ooze","player_choice":"Success","floor":8.0,"gold_loss":0.0,"damage_taken":7.0,"relics_obtained":["Juzu Bracelet"]},{"damage_healed":0.0,"max_hp_gain":0.0,"max_hp_loss":0.0,"gold_gain":175.0,"event_name":"Liars Game","player_choice":"AGREE","floor":12.0,"gold_loss":0.0,"damage_taken":0.0,"cards_obtained":["Doubt"]},{"damage_healed":0.0,"max_hp_gain":0.0,"max_hp_loss":0.0,"gold_gain":0.0,"event_name":"The Library","player_choice":"Read","floor":19.0,"gold_loss":0.0,"damage_taken":0.0,"cards_obtained":["Shrug It Off"]},{"damage_healed":0.0,"max_hp_gain":0.0,"max_hp_loss":0.0,"gold_gain":0.0,"event_name":"Beggar","player_choice":"Ignored","floor":20.0,"gold_loss":0.0,"damage_taken":0.0},{"damage_healed":0.0,"max_hp_gain":0.0,"max_hp_loss":0.0,"gold_gain":0.0,"event_name":"NoteForYourself","player_choice":"Ignored","floor":28.0,"gold_loss":0.0,"damage_taken":0.0},{"damage_healed":0.0,"max_hp_gain":0.0,"max_hp_loss":0.0,"gold_gain":0.0,"event_name":"Match and Keep!","player_choice":"0 cards matched","floor":29.0,"gold_loss":0.0,"damage_taken":0.0,"cards_obtained":[]},{"damage_healed":0.0,"max_hp_gain":0.0,"max_hp_loss":0.0,"gold_gain":999.0,"event_name":"MindBloom","player_choice":"Gold","floor":38.0,"gold_loss":0.0,"damage_taken":0.0,"cards_obtained":["Normality","Normality"]},{"damage_healed":0.0,"max_hp_gain":0.0,"max_hp_loss":4.0,"gold_gain":0.0,"event_name":"Winding Halls","player_choice":"Max HP","floor":42.0,"gold_loss":0.0,"damage_taken":0.0},{"damage_healed":0.0,"max_hp_gain":0.0,"max_hp_loss":0.0,"gold_gain":0.0,"event_name":"Tomb of Lord Red Mask","player_choice":"Paid","floor":47.0,"gold_loss":61.0,"damage_taken":0.0,"relics_obtained":["Red Mask"]},{"damage_healed":0.0,"max_hp_gain":0.0,"max_hp_loss":0.0,"gold_gain":0.0,"event_name":"Mysterious Sphere","player_choice":"Fight","floor":48.0,"gold_loss":0.0,"damage_taken":0.0}],"is_beta":false,"boss_relics":[{"not_picked":["Philosopher\u0027s Stone","Lizard Tail"],"picked":"Mark of Pain"},{"not_picked":["Coffee Dripper","Runic Dome"],"picked":"Black Star"}],"items_purged_floors":[11,14,41,44],"is_endless":false,"potions_floor_spawned":[4,7,16,25,31,33,35,46],"killed_by":"Awakened One","ascension_level":0}