{"gold_per_floor":[114,39,54,69,244,244,244,259,259,259],"floor_reached":10,"playtime":487,"items_purged":["Wraith Form v2"],"score":83,"play_id":"34754328-d88d-4dd0-8d93-7ff8b55c5a61","local_time":"20190424223000","daily_mods":["Shiny","Green Cards","DeadlyEvents"],"is_ascension_mode":false,"campfire_choices":[{"floor":7,"key":"REST"},{"floor":10,"key":"REST"}],"neow_cost":"","seed_source_timestamp":0,"circlet_count":0,"master_deck":["Venomology","Corpse Explosion","Malaise","Phantasmal Killer","Die Die Die","Adrenaline","Envenom","Doppelganger","Burst","Tools of the Trade","Night Terror","Unload","After Image","Bullet Time","Storm of Steel","Glass Knife","A Thousand Cuts","Grand Finale","Multi-Cast","Hyperbeam","Thunder Strike","Biased Cognition","Machine Learning","Electrodynamics","Buffer","Rainbow","Seek","Meteor Strike","Echo Form","All For One","Reboot","Amplify","Creative AI","Fission","Core Surge","Doubt"],"special_seed":18011,"relics":["Cracked Core","Orichalcum","The Courier"],"potions_floor_usage":[3],"damage_taken":[{"damage":25,"enemies":"Jaw Worm","floor":1,"turns":8},{"damage":3,"enemies":"Small Slimes","floor":3,"turns":4},{"damage":1,"enemies":"Cultist","floor":4,"turns":3},{"damage":12,"enemies":"Red Slaver","floor":8,"turns":4}],"seed_played":"189634073739240432","potions_obtained":[{"floor":4,"key":"SpeedPotion"},{"floor":8,"key":"Regen Potion"}],"is_trial":false,"path_per_floor":["M","$","M","M","?","?","R","M","T","R"],"character_chosen":"DEFECT","items_purchased":[],"campfire_rested":2,"item_purchase_floors":[],"current_hp_per_floor":[50,50,47,46,46,21,43,31,31,53],"gold":259,"neow_bonus":"","is_prod":false,"is_daily":true,"chose_seed":false,"campfire_upgraded":0,"win_rate":0,"timestamp":1556170200,"path_taken":["M","$","M","M","?","?","R","M","T","R"],"build_version":"2019-01-23","purchased_purges":1,"victory":false,"max_hp_per_floor":[75,75,75,75,75,75,75,75,75,75],"card_choices":[{"not_picked":["Outmaneuver","Undo","Dagger Spray"],"picked":"SKIP","floor":1},{"not_picked":["Dodge and Roll","Streamline","Riddle With Holes"],"picked":"SKIP","floor":3},{"not_picked":["Capacitor","Accuracy","Dagger Throw"],"picked":"SKIP","floor":4},{"not_picked":["Leap","Melter","Tempest"],"picked":"SKIP","floor":8}],"player_experience":445259,"relics_obtained":[{"floor":9,"key":"The Courier"}],"event_choices":[{"damage_healed":0,"gold_gain":175,"player_choice":"AGREE","damage_taken":0,"max_hp_gain":0,"max_hp_loss":0,"event_name":"Liars Game","floor":5,"gold_loss":0,"cards_obtained":["Doubt"]},{"damage_healed":0,"gold_gain":0,"player_choice":"Success","damage_taken":25,"relics_obtained":["Orichalcum"],"max_hp_gain":0,"max_hp_loss":0,"event_name":"Scrap Ooze","floor":6,"gold_loss":0}],"is_beta":false,"boss_relics":[],"items_purged_floors":[2],"is_endless":false,"potions_floor_spawned":[4,8],"ascension_level":0}