{"gold_per_floor":[109,109,9,20,36,61,72,22,22,22,34,46,73,73,73,169,169,188,188,188,241,5,5,17,17,44,44,70,89,103,103],"floor_reached":31,"playtime":1025,"items_purged":[],"score":278,"play_id":"dfd33866-e67f-4ce1-bba4-520b694fbbde","local_time":"20190503215229","is_ascension_mode":true,"campfire_choices":[{"data":"Heavy Blade","floor":10,"key":"SMITH"},{"floor":15,"key":"REST"},{"floor":23,"key":"RECALL"},{"data":"Demon Form","floor":25,"key":"SMITH"},{"data":"Flex","floor":27,"key":"SMITH"}],"neow_cost":"NONE","seed_source_timestamp":556557849055097,"circlet_count":0,"master_deck":["Strike_R","Strike_R","Strike_R","Strike_R","Strike_R","Defend_R","Defend_R","Defend_R","Bash","Thunderclap","Anger","Heavy Blade+1","Twin Strike","Blood for Blood","Rage","Flex+1","Demon Form+1","Feed+1","Pommel Strike+1","Transmutation","Searing Blow+1","Sword Boomerang+1","Impervious","Body Slam+1"],"relics":["Black Blood","NeowsBlessing","Regal Pillow","Molten Egg 2","Torii","Thread and Needle","Potion Belt","Vajra"],"potions_floor_usage":[6,6,6,30],"damage_taken":[{"damage":0,"enemies":"2 Louse","floor":1,"turns":2},{"damage":0,"enemies":"Cultist","floor":4,"turns":1},{"damage":0,"enemies":"Small Slimes","floor":5,"turns":1},{"damage":18,"enemies":"3 Sentries","floor":6,"turns":4},{"damage":11,"enemies":"3 Louse","floor":7,"turns":2},{"damage":11,"enemies":"Large Slime","floor":11,"turns":5},{"damage":17,"enemies":"Exordium Thugs","floor":12,"turns":5},{"damage":23,"enemies":"Gremlin Nob","floor":13,"turns":4},{"damage":52,"enemies":"Slime Boss","floor":16,"turns":7},{"damage":28,"enemies":"2 Thieves","floor":18,"turns":4},{"damage":1,"enemies":"3 Byrds","floor":24,"turns":3},{"damage":33,"enemies":"Book of Stabbing","floor":28,"turns":4},{"damage":52,"enemies":"Shelled Parasite and Fungi","floor":29,"turns":6},{"damage":15,"enemies":"Cultist and Chosen","floor":30,"turns":6},{"damage":14,"enemies":"Snake Plant","floor":31,"turns":2}],"seed_played":"1697679530993539197","potions_obtained":[{"floor":1,"key":"Fire Potion"},{"floor":4,"key":"Block Potion"},{"floor":5,"key":"AttackPotion"},{"floor":13,"key":"SneckoOil"},{"floor":18,"key":"GamblersBrew"},{"floor":29,"key":"Swift Potion"}],"is_trial":false,"path_per_floor":["M","?","$","M","M","E","M","?","T","R","M","M","E","?","R","B",null,"M","?","$","T","$","R","M","R","T","R","E","M","M","M"],"character_chosen":"IRONCLAD","items_purchased":["Anger","AttackPotion","Transmutation","Searing Blow+1"],"campfire_rested":1,"item_purchase_floors":[3,3,22,22],"current_hp_per_floor":[80,80,80,80,80,68,63,63,63,63,58,47,30,30,69,23,80,66,66,66,66,66,66,79,79,79,79,56,18,13,0],"gold":103,"neow_bonus":"THREE_ENEMY_KILL","is_prod":false,"is_daily":false,"chose_seed":false,"campfire_upgraded":3,"win_rate":0,"timestamp":1556945549,"path_taken":["M","?","$","M","M","E","?","?","T","R","M","M","E","?","R","BOSS","M","?","$","?","$","R","M","R","T","R","E","?","M","M"],"build_version":"2019-01-23","purchased_purges":0,"victory":false,"max_hp_per_floor":[80,80,80,80,80,80,80,80,80,80,80,80,80,80,80,80,80,84,84,84,84,84,84,88,88,88,88,88,92,92,92],"card_choices":[{"not_picked":["Clash","Warcry"],"picked":"Thunderclap","floor":1},{"not_picked":["Havoc","Pommel Strike"],"picked":"Heavy Blade","floor":4},{"not_picked":["Wild Strike","Warcry"],"picked":"Twin Strike","floor":5},{"not_picked":["Wild Strike","Rage"],"picked":"Blood for Blood","floor":6},{"not_picked":["Headbutt","Pommel Strike"],"picked":"Rage","floor":7},{"not_picked":["Hemokinesis+1","Pommel Strike+1"],"picked":"Flex","floor":11},{"not_picked":["Armaments","Burning Pact","Blood for Blood+1"],"picked":"SKIP","floor":12},{"not_picked":["Cleave+1","Perfected Strike+1"],"picked":"Demon Form","floor":13},{"not_picked":["Berserk","Brutality"],"picked":"Feed+1","floor":16},{"not_picked":["True Grit","Twin Strike+1"],"picked":"Pommel Strike+1","floor":18},{"not_picked":["Feel No Pain","Wild Strike+1"],"picked":"Sword Boomerang+1","floor":24},{"not_picked":["Sword Boomerang+1","Armaments"],"picked":"Impervious","floor":28},{"not_picked":["True Grit+1","Searing Blow+1","Thunderclap+1"],"picked":"SKIP","floor":29},{"not_picked":["Thunderclap+1","Reckless Charge+1"],"picked":"Body Slam+1","floor":30}],"player_experience":528210,"relics_obtained":[{"floor":6,"key":"Regal Pillow"},{"floor":9,"key":"Molten Egg 2"},{"floor":13,"key":"Torii"},{"floor":26,"key":"Potion Belt"},{"floor":28,"key":"Vajra"}],"event_choices":[{"damage_healed":0,"gold_gain":0,"player_choice":"Bought 0 Potions","damage_taken":0,"max_hp_gain":0,"max_hp_loss":0,"event_name":"The Woman in Blue","floor":2,"gold_loss":0},{"cards_removed":["Defend_R"],"damage_healed":0,"gold_gain":0,"player_choice":"Card Removal","damage_taken":0,"max_hp_gain":0,"max_hp_loss":0,"event_name":"The Cleric","floor":8,"gold_loss":50},{"damage_healed":0,"gold_gain":0,"player_choice":"Ignored","damage_taken":0,"max_hp_gain":0,"max_hp_loss":0,"event_name":"Golden Idol","floor":14,"gold_loss":0},{"damage_healed":0,"gold_gain":0,"player_choice":"Gave Potion","damage_taken":0,"relics_obtained":["Thread and Needle"],"max_hp_gain":0,"max_hp_loss":0,"event_name":"WeMeetAgain","floor":19,"gold_loss":0}],"is_beta":false,"boss_relics":[{"not_picked":["Cursed Key","White Beast Statue"],"picked":"Black Blood"}],"items_purged_floors":[],"is_endless":false,"potions_floor_spawned":[1,4,5,13,18,29],"killed_by":"Snake Plant","ascension_level":1}