{"gold_per_floor":[115,65,80,1,1,1,19,19,19,19,19,44,59,73,73,192,192,217,11,11,11,11,11,23,23,23,23,39,51,61,61],"floor_reached":31,"playtime":975,"items_purged":[],"score":227,"play_id":"74d5c0e6-b145-4f8f-bf64-4eb6d5b81700","local_time":"20190324214909","daily_mods":["Chimera","Diverse","Heirloom"],"is_ascension_mode":false,"campfire_choices":[{"data":"Static Discharge","floor":6,"key":"SMITH"},{"data":"Deadly Poison","floor":10,"key":"SMITH"},{"data":"Backstab","floor":15,"key":"SMITH"},{"floor":25,"key":"REST"}],"neow_cost":"","seed_source_timestamp":512866822550524,"circlet_count":0,"master_deck":["Bash","Survivor","Zap","Strike_R","Strike_G","Strike_B","Defend_R","Defend_B","Anger","Anger","Static Discharge+1","Deadly Poison+1","Strike_R","Sword Boomerang","Hologram","Backstab+1","A Thousand Cuts","Hello World","Doom and Gloom","Concentrate","Jack Of All Trades","Rebound+1","Fusion","Armaments+1","Cleave"],"relics":["Burning Blood","WingedGreaves","Bloody Idol","Bronze Scales","MutagenicStrength","Oddly Smooth Stone","Dodecahedron"],"potions_floor_usage":[14,16,29,30],"damage_taken":[{"damage":15,"enemies":"2 Louse","floor":1,"turns":3},{"damage":4,"enemies":"Small Slimes","floor":3,"turns":3},{"damage":6,"enemies":"Cultist","floor":7,"turns":4},{"damage":11,"enemies":"3 Louse","floor":12,"turns":2},{"damage":7,"enemies":"Blue Slaver","floor":13,"turns":2},{"damage":12,"enemies":"2 Fungi Beasts","floor":14,"turns":2},{"damage":33,"enemies":"Hexaghost","floor":16,"turns":6},{"damage":48,"enemies":"2 Thieves","floor":18,"turns":4},{"damage":24,"enemies":"Shell Parasite","floor":24,"turns":4},{"damage":27,"enemies":"Cultist and Chosen","floor":28,"turns":4},{"damage":22,"enemies":"3 Cultists","floor":29,"turns":3},{"damage":23,"enemies":"Centurion and Healer","floor":30,"turns":9},{"damage":33,"enemies":"Shelled Parasite and Fungi","floor":31,"turns":3}],"seed_played":"-7232720178458239155","potions_obtained":[{"floor":7,"key":"Poison Potion"},{"floor":12,"key":"Block Potion"},{"floor":14,"key":"FearPotion"},{"floor":24,"key":"PowerPotion"},{"floor":28,"key":"EssenceOfSteel"},{"floor":29,"key":"Regen Potion"}],"is_trial":true,"path_per_floor":["M","?","M","$","?","R","M","$","T","R","?","M","M","M","R","B",null,"M","$","?","?","?","?","M","R","T","?","M","M","M","M"],"character_chosen":"IRONCLAD","items_purchased":["Static Discharge","Doom and Gloom","Concentrate","Jack Of All Trades"],"campfire_rested":1,"item_purchase_floors":[4,19,19,19],"current_hp_per_floor":[71,71,73,73,73,73,73,73,73,73,73,68,67,61,61,34,80,38,38,38,38,38,38,25,49,49,49,33,22,25,0],"gold":61,"neow_bonus":"","is_prod":false,"is_daily":false,"chose_seed":false,"campfire_upgraded":3,"win_rate":0,"timestamp":1553489349,"path_taken":["M","?","M","$","?","R","M","$","T","R","?","?","M","M","R","BOSS","M","$","?","?","?","?","M","R","T","?","M","M","M","M"],"build_version":"2019-01-23","purchased_purges":0,"victory":false,"max_hp_per_floor":[80,80,80,80,80,80,80,80,80,80,80,80,80,80,80,80,80,80,80,80,80,80,80,80,80,80,80,80,80,80,80],"card_choices":[{"not_picked":["Rebound","Steam"],"picked":"Anger","floor":1},{"not_picked":["Underhanded Strike","Expertise"],"picked":"Anger","floor":3},{"not_picked":["Wild Strike","Cleave"],"picked":"Deadly Poison","floor":7},{"not_picked":["Wild Strike","Sucker Punch"],"picked":"Sword Boomerang","floor":12},{"not_picked":["Sucker Punch","Power Through"],"picked":"Hologram","floor":13},{"not_picked":["Go for the Eyes","Burning Pact"],"picked":"Backstab","floor":14},{"not_picked":["Core Surge","Echo Form"],"picked":"A Thousand Cuts","floor":16},{"not_picked":["Clash","Combust"],"picked":"Hello World","floor":18},{"not_picked":["Headbutt+1","Prepared"],"picked":"Rebound+1","floor":24},{"not_picked":["Aggregate","Capacitor+1"],"picked":"Fusion","floor":28},{"not_picked":["Leap+1","Ball Lightning"],"picked":"Armaments+1","floor":29},{"not_picked":["Slice","Quick Slash"],"picked":"Cleave","floor":30}],"player_experience":369973,"relics_obtained":[{"floor":9,"key":"Bronze Scales"},{"floor":26,"key":"Oddly Smooth Stone"}],"event_choices":[{"cards_removed":["Defend_G"],"damage_healed":0,"gold_gain":0,"player_choice":"Card Removal","damage_taken":0,"max_hp_gain":0,"max_hp_loss":0,"event_name":"The Cleric","floor":2,"gold_loss":50},{"damage_healed":0,"gold_gain":0,"player_choice":"Take Wound","damage_taken":0,"relics_obtained":["Golden Idol"],"max_hp_gain":0,"max_hp_loss":0,"event_name":"Golden Idol","floor":5,"gold_loss":0,"cards_obtained":["Injury"]},{"cards_removed":["Injury"],"damage_healed":0,"gold_gain":0,"player_choice":"Took Card","damage_taken":0,"max_hp_gain":0,"max_hp_loss":0,"event_name":"NoteForYourself","floor":11,"gold_loss":0,"cards_obtained":["Strike_R"]},{"damage_healed":0,"gold_gain":0,"player_choice":"Inject Mutagens","damage_taken":0,"relics_obtained":["MutagenicStrength"],"max_hp_gain":0,"max_hp_loss":0,"event_name":"Drug Dealer","floor":20,"gold_loss":0},{"damage_healed":0,"gold_gain":0,"player_choice":"Gave Idol","damage_taken":0,"relics_obtained":["Bloody Idol"],"max_hp_gain":0,"max_hp_loss":0,"event_name":"Forgotten Altar","floor":21,"relics_lost":["Golden Idol"],"gold_loss":0},{"damage_healed":0,"gold_gain":0,"player_choice":"Ignored","damage_taken":0,"max_hp_gain":0,"max_hp_loss":0,"event_name":"Vampires","floor":22,"gold_loss":0},{"damage_healed":0,"gold_gain":0,"player_choice":"Ignored","damage_taken":0,"max_hp_gain":0,"max_hp_loss":0,"event_name":"Beggar","floor":23,"gold_loss":0},{"damage_healed":0,"gold_gain":0,"player_choice":"Gave Potion","damage_taken":0,"relics_obtained":["Dodecahedron"],"max_hp_gain":0,"max_hp_loss":0,"event_name":"WeMeetAgain","floor":27,"gold_loss":0}],"is_beta":false,"boss_relics":[{"not_picked":["Snecko Eye","Mark of Pain","Coffee Dripper"]}],"items_purged_floors":[],"is_endless":false,"potions_floor_spawned":[7,12,14,24,28,29],"killed_by":"Shelled Parasite and Fungi","ascension_level":0}