{"gold_per_floor":[116,116,41,61,81,81,110,126,149,164,164,184,214,233,233,233],"floor_reached":16,"playtime":889,"items_purged":["Shame"],"score":228,"play_id":"46797d67-8103-4eae-83ac-ba0c2145de72","local_time":"20190505113526","is_ascension_mode":true,"campfire_choices":[{"data":"Neutralize","floor":6,"key":"SMITH"},{"floor":11,"key":"REST"},{"floor":15,"key":"REST"}],"neow_cost":"CURSE","seed_source_timestamp":277613538780638,"circlet_count":0,"master_deck":["AscendersBane","Defend_G","Defend_G","Defend_G","Defend_G","Defend_G","Strike_G","Strike_G","Strike_G","Strike_G","Strike_G","Survivor","Neutralize+1","Corpse Explosion","Slice","Poisoned Stab","PiercingWail","Dagger Spray","Escape Plan","All Out Attack","Adrenaline","Wraith Form v2"],"relics":["Ring of the Snake","Anchor","Pen Nib","Snake Skull"],"potions_floor_usage":[7,7,13,16],"damage_taken":[{"damage":0,"enemies":"2 Louse","floor":1,"turns":2},{"damage":6,"enemies":"Cultist","floor":4,"turns":3},{"damage":0,"enemies":"Small Slimes","floor":5,"turns":2},{"damage":38,"enemies":"Gremlin Nob","floor":7,"turns":5},{"damage":0,"enemies":"Exordium Thugs","floor":8,"turns":2},{"damage":0,"enemies":"2 Fungi Beasts","floor":10,"turns":3},{"damage":3,"enemies":"Red Slaver","floor":12,"turns":5},{"damage":17,"enemies":"Lagavulin","floor":13,"turns":6},{"damage":0,"enemies":"Blue Slaver","floor":14,"turns":3},{"damage":41,"enemies":"Slime Boss","floor":16,"turns":6}],"seed_played":"-4450548423009480205","potions_obtained":[{"floor":1,"key":"Swift Potion"},{"floor":5,"key":"SkillPotion"},{"floor":10,"key":"Explosive Potion"},{"floor":13,"key":"Swift Potion"}],"is_trial":false,"path_per_floor":["M","?","$","M","M","R","E","M","T","M","R","M","E","M","R","B"],"character_chosen":"THE_SILENT","items_purchased":[],"campfire_rested":2,"item_purchase_floors":[],"current_hp_per_floor":[59,50,50,44,44,44,6,6,6,6,25,22,5,5,24,0],"gold":233,"neow_bonus":"THREE_RARE_CARDS","is_prod":false,"is_daily":false,"chose_seed":false,"campfire_upgraded":1,"win_rate":0,"timestamp":1557048926,"path_taken":["M","?","$","M","M","R","E","?","T","M","R","M","E","M","R","BOSS"],"build_version":"2019-01-23","purchased_purges":1,"victory":false,"max_hp_per_floor":[66,66,66,66,66,66,66,66,66,66,66,66,66,66,66,66],"card_choices":[{"not_picked":["Storm of Steel","A Thousand Cuts"],"picked":"Corpse Explosion","floor":0},{"not_picked":["Dodge and Roll","Bouncing Flask"],"picked":"Slice","floor":1},{"not_picked":["Deadly Poison","Prepared"],"picked":"Poisoned Stab","floor":4},{"not_picked":["Dash","Blade Dance"],"picked":"PiercingWail","floor":5},{"not_picked":["Deadly Poison","Choke"],"picked":"Dagger Spray","floor":7},{"not_picked":["Eviscerate","Dagger Spray"],"picked":"Escape Plan","floor":8},{"not_picked":["Dagger Throw","Expertise"],"picked":"All Out Attack","floor":10},{"not_picked":["Deadly Poison","Accuracy","Escape Plan"],"picked":"SKIP","floor":12},{"not_picked":["Underhanded Strike","Backflip"],"picked":"Adrenaline","floor":13},{"not_picked":["Underhanded Strike","Quick Slash"],"picked":"Wraith Form v2","floor":14}],"player_experience":2033319,"relics_obtained":[{"floor":7,"key":"Anchor"},{"floor":9,"key":"Pen Nib"},{"floor":13,"key":"Snake Skull"}],"event_choices":[{"damage_healed":0,"gold_gain":0,"player_choice":"Damaged","damage_taken":9,"max_hp_gain":0,"max_hp_loss":0,"event_name":"Wheel of Change","floor":2,"gold_loss":0}],"is_beta":false,"boss_relics":[],"items_purged_floors":[3],"is_endless":false,"potions_floor_spawned":[1,5,10,13],"killed_by":"Slime Boss","ascension_level":20}