{"gold_per_floor":[219,53,128,146,146,164,184,212,265,265,277,277,287,305,305,410,410,421,421,439,439],"floor_reached":21,"playtime":859,"items_purged":[],"score":210,"play_id":"7dba2c9c-2436-477e-9d40-bff5211257eb","local_time":"20190414214749","is_ascension_mode":true,"campfire_choices":[{"floor":10,"key":"REST"},{"floor":12,"key":"REST"},{"floor":15,"key":"REST"}],"neow_cost":"NONE","seed_source_timestamp":444071247133860,"circlet_count":0,"master_deck":["Strike_B","Strike_B","Strike_B","Strike_B","Defend_B","Defend_B","Defend_B","Defend_B","Zap","Dualcast","BootSequence","Storm","FTL","Leap","Redo","Defragment","Conserve Battery","Defragment","Reinforced Body","Tempest","Seek","Streamline","Melter"],"relics":["Cracked Core","WarpedTongs","Blue Candle","Inserter"],"potions_floor_usage":[14,14,16,20,21],"damage_taken":[{"damage":8,"enemies":"Small Slimes","floor":1,"turns":3},{"damage":2,"enemies":"Jaw Worm","floor":4,"turns":3},{"damage":4,"enemies":"Cultist","floor":6,"turns":3},{"damage":3,"enemies":"Blue Slaver","floor":7,"turns":3},{"damage":45,"enemies":"3 Sentries","floor":8,"turns":12},{"damage":14,"enemies":"Gremlin Gang","floor":11,"turns":4},{"damage":2,"enemies":"Large Slime","floor":13,"turns":5},{"damage":23,"enemies":"Exordium Thugs","floor":14,"turns":5},{"damage":27,"enemies":"The Guardian","floor":16,"turns":10},{"damage":14,"enemies":"Spheric Guardian","floor":18,"turns":3},{"damage":50,"enemies":"3 Byrds","floor":20,"turns":5},{"damage":32,"enemies":"Snecko","floor":21,"turns":4}],"seed_played":"-6950340275723019391","potions_obtained":[{"floor":1,"key":"FairyPotion"},{"floor":11,"key":"Energy Potion"},{"floor":13,"key":"Regen Potion"},{"floor":14,"key":"Explosive Potion"},{"floor":16,"key":"SpeedPotion"},{"floor":18,"key":"Energy Potion"},{"floor":20,"key":"Poison Potion"}],"is_trial":false,"path_per_floor":["M","$","?","M","?","M","M","E","T","R","M","R","M","M","R","B",null,"M","?","M","M"],"character_chosen":"DEFECT","items_purchased":["Storm","FTL","Leap"],"campfire_rested":3,"item_purchase_floors":[2,2,2],"current_hp_per_floor":[67,67,56,54,54,50,47,2,2,24,10,32,30,21,43,16,75,61,61,11,0],"gold":439,"neow_bonus":"HUNDRED_GOLD","is_prod":false,"is_daily":false,"chose_seed":false,"campfire_upgraded":0,"win_rate":0,"timestamp":1555303669,"path_taken":["M","$","?","M","?","M","M","E","T","R","M","R","?","M","R","BOSS","M","?","?","M"],"build_version":"2019-01-23","purchased_purges":0,"victory":false,"max_hp_per_floor":[75,75,75,75,75,75,75,75,75,75,75,75,75,75,75,75,75,75,75,75,75],"card_choices":[{"not_picked":["Recycle","Gash"],"picked":"BootSequence","floor":1},{"not_picked":["Coolheaded","Rebound"],"picked":"Redo","floor":4},{"not_picked":["Hello World","Beam Cell"],"picked":"Defragment","floor":6},{"not_picked":["Streamline","Reprogram"],"picked":"Conserve Battery","floor":7},{"not_picked":["Aggregate","Sunder"],"picked":"Defragment","floor":8},{"not_picked":["Coolheaded","Sweeping Beam"],"picked":"Reinforced Body","floor":11},{"not_picked":["Stack","Gash"],"picked":"Tempest","floor":13},{"not_picked":["Hologram","Leap","Biased Cognition"],"picked":"SKIP","floor":14},{"not_picked":["Core Surge","Meteor Strike"],"picked":"Seek","floor":16},{"not_picked":["Conserve Battery","Rebound+1"],"picked":"Streamline","floor":18},{"not_picked":["Heatsinks+1","Sweeping Beam"],"picked":"Melter","floor":20}],"player_experience":424335,"relics_obtained":[{"floor":8,"key":"Blue Candle"}],"event_choices":[{"damage_healed":0,"gold_gain":75,"player_choice":"Gather Gold","damage_taken":11,"max_hp_gain":0,"max_hp_loss":0,"event_name":"World of Goop","floor":3,"gold_loss":0},{"damage_healed":0,"gold_gain":0,"player_choice":"Rummage","damage_taken":0,"relics_obtained":["WarpedTongs"],"max_hp_gain":0,"max_hp_loss":0,"event_name":"Accursed Blacksmith","floor":5,"gold_loss":0,"cards_obtained":["Pain"]},{"cards_removed":["Pain"],"damage_healed":0,"gold_gain":0,"player_choice":"Removed Curses","damage_taken":0,"max_hp_gain":0,"max_hp_loss":0,"event_name":"Fountain of Cleansing","floor":19,"gold_loss":0}],"is_beta":false,"boss_relics":[{"not_picked":["Pandora\u0027s Box","Calling Bell"],"picked":"Inserter"}],"items_purged_floors":[],"is_endless":false,"potions_floor_spawned":[1,11,13,14,16,18,20],"killed_by":"Snecko","ascension_level":3}