{"gold_per_floor":[19,194,206,206,217,237,267,279,279,279,279,35,35,35,35,131,131,147,147,15,35,35,46,46,46,72,86,86,11,46,61,61,159,159,172,172,172],"floor_reached":37,"playtime":1572,"items_purged":["Shame"],"score":445,"play_id":"f4e346f8-4c32-42ec-a6e4-744f6d6460d1","local_time":"20190425225905","is_ascension_mode":true,"campfire_choices":[{"floor":10,"key":"REST"},{"floor":13,"key":"REST"},{"data":"Buffer","floor":15,"key":"SMITH"},{"floor":24,"key":"REST"},{"floor":32,"key":"REST"}],"neow_cost":"NO_GOLD","seed_source_timestamp":172060037824484,"circlet_count":0,"master_deck":["Strike_B","Strike_B","Defend_B+1","Defend_B","Defend_B","Zap+1","Dualcast+1","Thunder Strike","Auto Shields","Ball Lightning","BootSequence","Redo+1","Ball Lightning","Mind Blast","Buffer+1","Thunder Strike","Buffer+1","Heatsinks+1","Go for the Eyes+1","FTL+1","Enlightenment","Loop","Sunder+1","Seek"],"relics":["Cracked Core","PreservedInsect","War Paint","Astrolabe","Centennial Puzzle","Pear","Lizard Tail"],"potions_floor_usage":[7,7,7,21,30,30,31,33],"damage_taken":[{"damage":0,"enemies":"Small Slimes","floor":1,"turns":3},{"damage":7,"enemies":"2 Louse","floor":3,"turns":3},{"damage":6,"enemies":"Cultist","floor":5,"turns":4},{"damage":8,"enemies":"Blue Slaver","floor":6,"turns":3},{"damage":7,"enemies":"3 Sentries","floor":7,"turns":4},{"damage":15,"enemies":"Large Slime","floor":8,"turns":7},{"damage":8,"enemies":"Slime Boss","floor":16,"turns":11},{"damage":0,"enemies":"Spheric Guardian","floor":18,"turns":5},{"damage":35,"enemies":"3 Byrds","floor":21,"turns":5},{"damage":19,"enemies":"Shelled Parasite and Fungi","floor":23,"turns":6},{"damage":14,"enemies":"Snake Plant","floor":27,"turns":5},{"damage":35,"enemies":"Slavers","floor":30,"turns":6},{"damage":8,"enemies":"Chosen and Byrds","floor":31,"turns":5},{"damage":28,"enemies":"Champ","floor":33,"turns":14},{"damage":50,"enemies":"3 Darklings","floor":35,"turns":5},{"damage":82,"enemies":"Awakened One","floor":37,"turns":5}],"seed_played":"-5441216815908877767","potions_obtained":[{"floor":1,"key":"FocusPotion"},{"floor":3,"key":"SteroidPotion"},{"floor":4,"key":"SteroidPotion"},{"floor":4,"key":"FocusPotion"},{"floor":6,"key":"SkillPotion"},{"floor":8,"key":"Ancient Potion"},{"floor":23,"key":"SpeedPotion"},{"floor":27,"key":"Regen Potion"},{"floor":30,"key":"Explosive Potion"},{"floor":31,"key":"Swift Potion"}],"is_trial":false,"path_per_floor":["M","?","M","?","M","M","E","M","T","R","?","$","R","?","R","B",null,"M","?","$","M","$","M","R","?","T","M","?","$","E","M","R","B",null,"M","?","B"],"character_chosen":"DEFECT","items_purchased":["Mind Blast","Buffer","Enlightenment","SkillPotion"],"campfire_rested":4,"item_purchase_floors":[12,12,20,20],"current_hp_per_floor":[75,75,68,68,62,54,47,32,32,54,39,39,61,61,61,53,75,75,75,75,40,40,21,43,43,43,29,29,29,19,11,36,8,85,35,35,0],"gold":172,"neow_bonus":"THREE_RARE_CARDS","is_prod":false,"is_daily":false,"chose_seed":false,"campfire_upgraded":1,"win_rate":0,"timestamp":1556258345,"path_taken":["M","?","M","?","?","M","E","M","T","R","?","$","R","?","R","BOSS","M","?","$","M","$","M","R","?","T","M","?","?","E","M","R","BOSS","M","?","BOSS"],"build_version":"2019-01-23","purchased_purges":1,"victory":false,"max_hp_per_floor":[75,75,75,75,75,75,75,75,75,75,75,75,75,75,75,75,75,75,75,75,75,75,75,75,75,75,75,75,75,85,85,85,85,85,85,85,85],"card_choices":[{"not_picked":["Core Surge","Fission"],"picked":"Thunder Strike","floor":0},{"not_picked":["Streamline","Scrape"],"picked":"Auto Shields","floor":1},{"not_picked":["Go for the Eyes","Storm","Force Field"],"picked":"SKIP","floor":3},{"not_picked":["Gash","Genetic Algorithm"],"picked":"Ball Lightning","floor":5},{"not_picked":["Ball Lightning","Cold Snap"],"picked":"BootSequence","floor":6},{"not_picked":["Stack","Leap"],"picked":"Redo","floor":7},{"not_picked":["Barrage","Undo"],"picked":"Ball Lightning","floor":8},{"not_picked":["Biased Cognition","Machine Learning"],"picked":"Thunder Strike","floor":16},{"not_picked":["Genetic Algorithm","Cold Snap"],"picked":"FTL+1","floor":18},{"not_picked":["Hologram","Conserve Battery","Streamline"],"picked":"SKIP","floor":21},{"not_picked":["Sunder+1","Skim"],"picked":"Loop","floor":23},{"not_picked":["Beam Cell","Stack","Conserve Battery"],"picked":"SKIP","floor":27},{"not_picked":["Force Field","Coolheaded+1"],"picked":"Sunder+1","floor":30},{"not_picked":["Hologram","Fusion","Steam"],"picked":"SKIP","floor":31},{"not_picked":["Core Surge","Biased Cognition"],"picked":"Seek","floor":33},{"not_picked":["Rebound","Leap+1","BootSequence+1"],"picked":"SKIP","floor":35}],"player_experience":446441,"relics_obtained":[{"floor":7,"key":"PreservedInsect"},{"floor":9,"key":"War Paint"},{"floor":30,"key":"Pear"}],"event_choices":[{"damage_healed":0,"gold_gain":175,"player_choice":"AGREE","damage_taken":0,"max_hp_gain":0,"max_hp_loss":0,"event_name":"Liars Game","floor":2,"gold_loss":0,"cards_obtained":["Doubt"]},{"damage_healed":0,"gold_gain":0,"player_choice":"Got Potions","damage_taken":0,"max_hp_gain":0,"max_hp_loss":0,"event_name":"Lab","floor":4,"gold_loss":0},{"damage_healed":0,"gold_gain":0,"player_choice":"Entered Light","damage_taken":15,"max_hp_gain":0,"max_hp_loss":0,"event_name":"Shining Light","floor":11,"gold_loss":0,"cards_upgraded":["Defend_B","Redo"]},{"damage_healed":0,"gold_gain":0,"player_choice":"Searched \u00270\u0027 times","damage_taken":0,"max_hp_gain":0,"max_hp_loss":0,"event_name":"Dead Adventurer","floor":14,"gold_loss":0},{"cards_removed":["Doubt"],"damage_healed":0,"gold_gain":0,"player_choice":"Elegance","damage_taken":0,"max_hp_gain":0,"max_hp_loss":0,"event_name":"Back to Basics","floor":19,"gold_loss":0},{"damage_healed":0,"gold_gain":0,"player_choice":"Stole Relic","damage_taken":0,"relics_obtained":["Centennial Puzzle"],"max_hp_gain":0,"max_hp_loss":0,"event_name":"Addict","floor":25,"gold_loss":0,"cards_obtained":["Shame"]},{"damage_healed":0,"gold_gain":0,"player_choice":"Ignored","damage_taken":0,"max_hp_gain":0,"max_hp_loss":0,"event_name":"Vampires","floor":28,"gold_loss":0},{"damage_healed":0,"gold_gain":0,"player_choice":"Took Portal","damage_taken":0,"max_hp_gain":0,"max_hp_loss":0,"event_name":"SecretPortal","floor":36,"gold_loss":0}],"is_beta":false,"boss_relics":[{"not_picked":["Pandora\u0027s Box","Runic Pyramid"],"picked":"Astrolabe"},{"not_picked":["Velvet Choker","Sozu"],"picked":"Lizard Tail"}],"items_purged_floors":[29],"is_endless":false,"potions_floor_spawned":[1,3,6,8,23,27,30,31],"killed_by":"Awakened One","ascension_level":3}