{"gold_per_floor":[367,19,37,51,51,78,78,52,100,100],"floor_reached":10,"playtime":647,"items_purged":[],"score":132,"play_id":"b9b2fde8-25ba-4c34-a335-5c8e90f0063e","local_time":"20190504050613","is_ascension_mode":true,"campfire_choices":[{"data":"Neutralize","floor":7,"key":"SMITH"}],"neow_cost":"PERCENT_DAMAGE","seed_source_timestamp":211570850874569,"circlet_count":0,"master_deck":["AscendersBane","Defend_G","Defend_G","Defend_G","Defend_G","Defend_G","Strike_G","Strike_G","Strike_G","Strike_G","Survivor","Neutralize+1","Dagger Spray","Well Laid Plans","Poisoned Stab","Deadly Poison","After Image","Dodge and Roll"],"relics":["Ring of the Snake","Meat on the Bone","Bronze Scales","Oddly Smooth Stone"],"potions_floor_usage":[6],"damage_taken":[{"damage":3,"enemies":"Small Slimes","floor":1,"turns":5},{"damage":7,"enemies":"Cultist","floor":3,"turns":4},{"damage":0,"enemies":"Jaw Worm","floor":4,"turns":3},{"damage":29,"enemies":"Lagavulin","floor":6,"turns":6},{"damage":30,"enemies":"Gremlin Nob","floor":10,"turns":4}],"seed_played":"4732493896524049999","potions_obtained":[{"floor":1,"key":"AttackPotion"},{"floor":3,"key":"GamblersBrew"}],"is_trial":false,"path_per_floor":["M","$","M","M","?","E","R","$","T","E"],"character_chosen":"THE_SILENT","items_purchased":["Meat on the Bone","Well Laid Plans","Dodge and Roll"],"campfire_rested":0,"item_purchase_floors":[2,2,8],"current_hp_per_floor":[41,41,34,34,34,17,17,17,17,0],"gold":100,"neow_bonus":"TWO_FIFTY_GOLD","is_prod":false,"is_daily":false,"chose_seed":false,"campfire_upgraded":1,"win_rate":0,"timestamp":1556939173,"path_taken":["M","$","M","M","?","E","R","?","T","E"],"build_version":"2019-01-23","purchased_purges":0,"victory":false,"max_hp_per_floor":[66,66,66,66,66,66,66,66,66,66],"card_choices":[{"not_picked":["Distraction","Deflect"],"picked":"Dagger Spray","floor":1},{"not_picked":["Dagger Spray","Calculated Gamble"],"picked":"Poisoned Stab","floor":3},{"not_picked":["Backflip","Acrobatics"],"picked":"Deadly Poison","floor":4},{"not_picked":["Setup","Backstab"],"picked":"After Image","floor":6}],"player_experience":1971975,"relics_obtained":[{"floor":6,"key":"Bronze Scales"},{"floor":9,"key":"Oddly Smooth Stone"}],"event_choices":[{"cards_removed":["Strike_G"],"damage_healed":0,"gold_gain":0,"player_choice":"Purged","damage_taken":0,"max_hp_gain":0,"max_hp_loss":0,"event_name":"Purifier","floor":5,"gold_loss":0}],"is_beta":false,"boss_relics":[],"items_purged_floors":[],"is_endless":false,"potions_floor_spawned":[1,3],"killed_by":"Gremlin Nob","ascension_level":20}