{"gold_per_floor":[10,10,21,41,41,41,64,80,80,80,106,106,125,145,145,145],"floor_reached":16,"playtime":1040,"items_purged":[],"score":204,"play_id":"90fabf36-ad89-46ff-bbd8-bbed6269499f","local_time":"20190331232157","is_ascension_mode":true,"campfire_choices":[{"data":"Neutralize","floor":6,"key":"SMITH"},{"data":"Terror","floor":10,"key":"SMITH"},{"floor":12,"key":"REST"},{"floor":15,"key":"REST"}],"neow_cost":"NO_GOLD","seed_source_timestamp":1996690405728315,"circlet_count":0,"master_deck":["AscendersBane","Defend_G","Defend_G","Defend_G","Defend_G","Defend_G","Strike_G","Strike_G","Strike_G","Survivor","Neutralize+1","Poisoned Stab","Calculated Gamble","Leg Sweep","Dagger Spray","Terror+1","All Out Attack","Malaise","Dodge and Roll"],"relics":["Ring of the Snake","Odd Mushroom","Paper Crane","Ice Cream"],"potions_floor_usage":[7,16,16],"damage_taken":[{"damage":6,"enemies":"Cultist","floor":1,"turns":5},{"damage":0,"enemies":"Jaw Worm","floor":3,"turns":7},{"damage":7,"enemies":"Small Slimes","floor":4,"turns":3},{"damage":0,"enemies":"The Mushroom Lair","floor":7,"turns":4},{"damage":0,"enemies":"Blue Slaver","floor":8,"turns":3},{"damage":43,"enemies":"Gremlin Nob","floor":11,"turns":5},{"damage":0,"enemies":"Large Slime","floor":13,"turns":4},{"damage":11,"enemies":"Gremlin Gang","floor":14,"turns":3},{"damage":34,"enemies":"Slime Boss","floor":16,"turns":11}],"seed_played":"3014889608518435250","potions_obtained":[{"floor":1,"key":"PowerPotion"},{"floor":8,"key":"SpeedPotion"},{"floor":14,"key":"GhostInAJar"}],"is_trial":false,"path_per_floor":["M","?","M","M","?","R","?","M","T","R","E","R","M","M","R","B"],"character_chosen":"THE_SILENT","items_purchased":[],"campfire_rested":2,"item_purchase_floors":[],"current_hp_per_floor":[53,53,53,46,46,46,46,46,46,46,3,22,22,11,30,0],"gold":145,"neow_bonus":"TRANSFORM_TWO_CARDS","is_prod":false,"is_daily":false,"chose_seed":false,"campfire_upgraded":2,"win_rate":0,"timestamp":1554070917,"path_taken":["M","?","M","M","?","R","?","M","T","R","E","R","M","M","R","BOSS"],"build_version":"2019-01-23","purchased_purges":0,"victory":false,"max_hp_per_floor":[66,66,66,66,66,66,66,66,66,66,66,66,66,66,66,66],"card_choices":[{"not_picked":["Dodge and Roll","Flying Knee"],"picked":"Leg Sweep","floor":1},{"not_picked":["Acrobatics","Blade Dance"],"picked":"Dagger Spray","floor":3},{"not_picked":["Acrobatics","Slice"],"picked":"Terror","floor":4},{"not_picked":["Bullet Time","Deflect"],"picked":"All Out Attack","floor":7},{"not_picked":["Tactician","Sucker Punch","Cloak And Dagger"],"picked":"SKIP","floor":8},{"not_picked":["Riddle With Holes","Poisoned Stab","Dagger Spray"],"picked":"SKIP","floor":11},{"not_picked":["Blade Dance","Predator"],"picked":"Malaise","floor":13},{"not_picked":["Dagger Spray","Slice"],"picked":"Dodge and Roll","floor":14}],"player_experience":1550245,"relics_obtained":[{"floor":7,"key":"Odd Mushroom"},{"floor":9,"key":"Paper Crane"},{"floor":11,"key":"Ice Cream"}],"event_choices":[{"damage_healed":0,"gold_gain":0,"player_choice":"Leave","damage_taken":0,"max_hp_gain":0,"max_hp_loss":0,"event_name":"The Cleric","floor":2,"gold_loss":0},{"damage_healed":0,"gold_gain":0,"player_choice":"Ignored","damage_taken":0,"max_hp_gain":0,"max_hp_loss":0,"event_name":"Golden Wing","floor":5,"gold_loss":0},{"damage_healed":0,"gold_gain":0,"player_choice":"Fought Mushrooms","damage_taken":0,"max_hp_gain":0,"max_hp_loss":0,"event_name":"Mushrooms","floor":7,"gold_loss":0}],"is_beta":false,"boss_relics":[],"items_purged_floors":[],"is_endless":false,"potions_floor_spawned":[1,8,14],"killed_by":"Slime Boss","ascension_level":20}