{"gold_per_floor":[113,113,0,18,193,226,226,260,260,276,291,291,291,305,305,305],"floor_reached":16,"playtime":686,"items_purged":[],"score":116,"play_id":"67304803-f616-4ffe-a9c4-d6b508f5b1db","local_time":"20180818013313","is_ascension_mode":true,"campfire_choices":[{"data":"Flex","floor":7,"key":"SMITH"},{"floor":12,"key":"REST"},{"floor":15,"key":"REST"}],"neow_cost":"NONE","seed_source_timestamp":306740084923549,"circlet_count":0,"master_deck":["Strike_R","Strike_R+1","Strike_R","Strike_R","Strike_R","Defend_R","Defend_R","Defend_R","Defend_R","Bash","Blind","Headbutt","Thunderclap+1","Doubt","Flex+1","Heavy Blade","Corruption","Warcry","Rage","Flame Barrier","Rampage"],"relics":["Burning Blood","Lantern","Matryoshka","Potion Belt","Dream Catcher","Boot","Mercury Hourglass","Whetstone","Question Card"],"potions_floor_usage":[],"damage_taken":[{"damage":6,"enemies":"Jaw Worm","floor":1,"turns":3},{"damage":0,"enemies":"Cultist","floor":4,"turns":3},{"damage":24,"enemies":"Gremlin Nob","floor":6,"turns":5},{"damage":37,"enemies":"3 Sentries","floor":8,"turns":7},{"damage":0,"enemies":"Small Slimes","floor":10,"turns":1},{"damage":13,"enemies":"Exordium Wildlife","floor":11,"turns":4},{"damage":5,"enemies":"Lots of Slimes","floor":14,"turns":3},{"damage":81,"enemies":"The Guardian","floor":16,"turns":10}],"seed_played":"6470534496033931059","potions_obtained":[{"floor":1,"key":"SteroidPotion"},{"floor":4,"key":"EssenceOfSteel"},{"floor":6,"key":"Poison Potion"},{"floor":8,"key":"Ancient Potion"}],"is_trial":false,"path_per_floor":["M","?","$","M","?","E","R","E","T","M","M","R","T","M","R"],"character_chosen":"IRONCLAD","items_purchased":["Blind","Headbutt"],"campfire_rested":2,"item_purchase_floors":[3,3],"current_hp_per_floor":[80,80,80,80,80,62,62,31,31,37,30,54,54,55,79,0],"gold":305,"neow_bonus":"RANDOM_COMMON_RELIC","is_prod":false,"is_daily":false,"chose_seed":false,"campfire_upgraded":1,"win_rate":0,"timestamp":1534581193,"path_taken":["M","?","$","M","?","E","R","E","T","?","M","R","?","M","R","BOSS"],"build_version":"2018-08-16","purchased_purges":0,"victory":false,"max_hp_per_floor":[80,80,80,80,80,80,80,80,80,80,80,80,80,80,80,80],"card_choices":[{"not_picked":["Intimidate","Perfected Strike"],"picked":"Clothesline","floor":1},{"not_picked":["Spot Weakness","Iron Wave"],"picked":"Thunderclap","floor":4},{"not_picked":["Reckless Charge","Inflame"],"picked":"Flex","floor":6},{"not_picked":["Battle Trance","Intimidate"],"picked":"Heavy Blade","floor":8},{"not_picked":["Ghostly Armor","Anger"],"picked":"Corruption","floor":10},{"not_picked":["Body Slam","Shrug It Off"],"picked":"Warcry","floor":11},{"not_picked":["Offering","Rampage"],"picked":"Rage","floor":12},{"not_picked":["Pommel Strike","Wild Strike","Ghostly Armor"],"picked":"Flame Barrier","floor":14},{"not_picked":["Rage","Whirlwind","Sword Boomerang"],"picked":"Rampage","floor":15}],"player_experience":22788,"relics_obtained":[{"floor":6,"key":"Potion Belt"},{"floor":8,"key":"Dream Catcher"},{"floor":9,"key":"Boot"},{"floor":9,"key":"Mercury Hourglass"},{"floor":13,"key":"Whetstone"},{"floor":13,"key":"Question Card"}],"event_choices":[{"event_name":"WeMeetAgain","player_choice":"Card","floor":2,"damage_taken":0},{"event_name":"Liars Game","player_choice":"agreed","floor":5,"damage_taken":0}],"is_beta":false,"boss_relics":[],"items_purged_floors":[],"is_endless":false,"potions_floor_spawned":[1,4,6,8],"killed_by":"The Guardian","ascension_level":1}