{"gold_per_floor":[117,136,155,174,186,186,215,215,242,242,260,277,296,311,311,406,406,419,20,36,51,51,51,69,79,79,79,89,99,198,198,198,198],"floor_reached":33,"playtime":3321,"items_purged":[],"score":411,"play_id":"8ccb2532-bbcc-4b66-b330-727ebe048152","local_time":"20190420192838","is_ascension_mode":true,"campfire_choices":[{"floor":6.0,"key":"REST"},{"data":"Footwork","floor":8.0,"key":"SMITH"},{"floor":10.0,"key":"REST"},{"data":"Terror","floor":15.0,"key":"SMITH"},{"floor":23.0,"key":"REST"},{"floor":27.0,"key":"REST"},{"floor":32,"key":"REST"}],"neow_cost":"NONE","seed_source_timestamp":23467968038700,"circlet_count":0,"master_deck":["AscendersBane","Defend_G","Defend_G","Defend_G","Defend_G","Defend_G","Strike_G","Strike_G","Strike_G","Strike_G","Survivor+1","Neutralize","Flechettes","Backflip","Dagger Spray","Footwork+1","Cloak And Dagger+1","Skewer","Sucker Punch","Terror+1","Prepared","Leg Sweep","Quick Slash","Adrenaline","Infinite Blades","Well Laid Plans","Dash","Dodge and Roll","Flying Knee","Backflip","Cloak And Dagger","Decay"],"special_seed":0,"relics":["Ring of the Snake","Bag of Marbles","War Paint","Lizard Tail","Kunai","PreservedInsect","Pen Nib"],"potions_floor_usage":[],"damage_taken":[{"damage":0.0,"enemies":"Cultist","floor":1.0,"turns":3.0},{"damage":0.0,"enemies":"Jaw Worm","floor":2.0,"turns":5.0},{"damage":0.0,"enemies":"Small Slimes","floor":3.0,"turns":3.0},{"damage":18.0,"enemies":"Gremlin Gang","floor":4.0,"turns":4.0},{"damage":7.0,"enemies":"Large Slime","floor":5.0,"turns":7.0},{"damage":38.0,"enemies":"Lagavulin","floor":7.0,"turns":13.0},{"damage":0.0,"enemies":"2 Fungi Beasts","floor":11.0,"turns":2.0},{"damage":4.0,"enemies":"Blue Slaver","floor":12.0,"turns":3.0},{"damage":0.0,"enemies":"Large Slime","floor":13.0,"turns":5.0},{"damage":0.0,"enemies":"Looter","floor":14.0,"turns":4.0},{"damage":36.0,"enemies":"Slime Boss","floor":16.0,"turns":15.0},{"damage":12.0,"enemies":"Spheric Guardian","floor":18.0,"turns":10.0},{"damage":0.0,"enemies":"3 Byrds","floor":20.0,"turns":6.0},{"damage":18.0,"enemies":"Snake Plant","floor":21.0,"turns":7.0},{"damage":18.0,"enemies":"Centurion and Healer","floor":24.0,"turns":9.0},{"damage":12.0,"enemies":"3 Cultists","floor":25.0,"turns":7.0},{"damage":10.0,"enemies":"Sentry and Sphere","floor":28.0,"turns":10.0},{"damage":36,"enemies":"Chosen and Byrds","floor":29,"turns":7},{"damage":57,"enemies":"Champ","floor":33,"turns":26}],"seed_played":"-4281947320137173914","potions_obtained":[{"floor":2.0,"key":"Poison Potion"},{"floor":4.0,"key":"Swift Potion"},{"floor":7.0,"key":"SteroidPotion"},{"floor":13.0,"key":"Block Potion"},{"floor":16.0,"key":"SkillPotion"},{"floor":18.0,"key":"SpeedPotion"},{"floor":20.0,"key":"Ancient Potion"},{"floor":24.0,"key":"Poison Potion"}],"is_trial":false,"path_per_floor":["M","M","M","M","M","R","E","R","T","R","M","M","M","M","R","B",null,"M","$","M","M","?","R","M","M","T","R","M","M","?","?","R","B"],"character_chosen":"THE_SILENT","items_purchased":["Kunai","PreservedInsect"],"campfire_rested":5,"item_purchase_floors":[19,19],"current_hp_per_floor":[63,63,63,45,38,59,21,21,21,42,42,38,38,38,38,2,53,41,41,41,23,23,44,26,14,14,35,25,35,35,35,56,0],"gold":198,"neow_bonus":"TRANSFORM_CARD","is_prod":false,"is_daily":false,"chose_seed":false,"campfire_upgraded":2,"win_rate":0,"timestamp":1555781318,"path_taken":["M","M","?","M","M","R","E","R","T","R","M","M","M","?","R","BOSS","M","$","M","M","?","R","M","M","T","R","M","M","?","?","R","BOSS"],"build_version":"2019-01-23","purchased_purges":0,"victory":false,"max_hp_per_floor":[70,70,70,70,70,70,70,70,70,70,70,70,70,70,70,70,70,70,70,70,70,70,70,70,70,70,70,70,70,70,70,70,70],"card_choices":[{"not_picked":["Blade Dance","Deadly Poison"],"picked":"Backflip","floor":1.0},{"not_picked":["Deadly Poison","Underhanded Strike"],"picked":"Dagger Spray","floor":2.0},{"not_picked":["Flying Knee","Burst"],"picked":"Footwork","floor":3.0},{"not_picked":["Slice","Underhanded Strike"],"picked":"Cloak And Dagger","floor":4.0},{"not_picked":["Underhanded Strike","Expertise"],"picked":"Skewer","floor":5.0},{"not_picked":["Calculated Gamble","Deflect"],"picked":"Sucker Punch","floor":7.0},{"not_picked":["Blade Dance","PiercingWail"],"picked":"Terror","floor":11.0},{"not_picked":["Acrobatics","Deadly Poison"],"picked":"Prepared","floor":12.0},{"not_picked":["Bullet Time","Noxious Fumes"],"picked":"Leg Sweep","floor":13.0},{"not_picked":["Bouncing Flask","Deadly Poison"],"picked":"Quick Slash","floor":14.0},{"not_picked":["Phantasmal Killer","Unload"],"picked":"Adrenaline","floor":16.0},{"not_picked":["Dagger Spray","Calculated Gamble"],"picked":"Infinite Blades","floor":18.0},{"not_picked":["Predator","Quick Slash"],"picked":"Well Laid Plans","floor":20.0},{"not_picked":["Deadly Poison","Flechettes"],"picked":"Dash","floor":21.0},{"not_picked":["Sucker Punch","Reflex"],"picked":"Dodge and Roll","floor":24.0},{"not_picked":["Dagger Throw","Poisoned Stab"],"picked":"Flying Knee","floor":25.0},{"not_picked":["Dagger Spray","Reflex"],"picked":"Backflip","floor":28.0},{"not_picked":["Slice","Deflect"],"picked":"Cloak And Dagger","floor":29}],"player_experience":675517,"relics_obtained":[{"floor":7.0,"key":"Bag of Marbles"},{"floor":9.0,"key":"War Paint"},{"floor":26.0,"key":"Pen Nib"}],"event_choices":[{"damage_healed":0,"gold_gain":99,"player_choice":"Stole From Cult","damage_taken":0,"max_hp_gain":0,"max_hp_loss":0,"event_name":"Nest","floor":30,"gold_loss":0},{"damage_healed":0,"gold_gain":0,"player_choice":"Smashed Altar","damage_taken":0,"max_hp_gain":0,"max_hp_loss":0,"event_name":"Forgotten Altar","floor":31,"gold_loss":0,"cards_obtained":["Decay"]}],"is_beta":false,"boss_relics":[{"not_picked":["WristBlade","Coffee Dripper"],"picked":"Lizard Tail"}],"items_purged_floors":[],"is_endless":false,"potions_floor_spawned":[2,4,7,13,16,18,20,24],"killed_by":"Champ","ascension_level":12}