{"gold_per_floor":[111,24,44,61,27,59,59,76,76,91,91],"floor_reached":11,"playtime":250,"items_purged":[],"score":83,"play_id":"e5a95e6d-d145-4ff9-8571-d7cd722ab1dc","local_time":"20190331210613","is_ascension_mode":true,"campfire_choices":[{"floor":7,"key":"REST"}],"neow_cost":"NONE","seed_source_timestamp":1118828419178619,"circlet_count":0,"master_deck":["Strike_B","Strike_B","Strike_B","Strike_B","Defend_B","Defend_B","Defend_B","Defend_B","Zap","Dualcast","Sweeping Beam","Redo","Sweeping Beam","FTL","Undo","Streamline","Thunder Strike"],"relics":["Cracked Core","NeowsBlessing","Blue Candle","Du-Vu Doll"],"potions_floor_usage":[6,11],"damage_taken":[{"damage":0,"enemies":"Small Slimes","floor":1,"turns":1},{"damage":0,"enemies":"Cultist","floor":3,"turns":1},{"damage":0,"enemies":"2 Louse","floor":4,"turns":1},{"damage":44,"enemies":"Lagavulin","floor":6,"turns":6},{"damage":13,"enemies":"Blue Slaver","floor":8,"turns":2},{"damage":10,"enemies":"Red Slaver","floor":10,"turns":3},{"damage":30,"enemies":"3 Sentries","floor":11,"turns":4}],"seed_played":"4412131054610844895","potions_obtained":[{"floor":3,"key":"Energy Potion"},{"floor":6,"key":"Poison Potion"}],"is_trial":false,"path_per_floor":["M","?","M","M","$","E","R","M","T","M","E"],"character_chosen":"DEFECT","items_purchased":["FTL"],"campfire_rested":1,"item_purchase_floors":[5],"current_hp_per_floor":[75,75,75,75,75,31,53,40,40,30,0],"gold":91,"neow_bonus":"THREE_ENEMY_KILL","is_prod":false,"is_daily":false,"chose_seed":false,"campfire_upgraded":0,"win_rate":0,"timestamp":1554091573,"path_taken":["M","?","M","?","?","E","R","M","T","M","E"],"build_version":"2019-01-23","purchased_purges":0,"victory":false,"max_hp_per_floor":[75,75,75,75,75,75,75,75,75,75,75],"card_choices":[{"not_picked":["Barrage","Turbo"],"picked":"Sweeping Beam","floor":1},{"not_picked":["Gash","Rebound"],"picked":"Redo","floor":3},{"not_picked":["Compile Driver","Steam Power"],"picked":"Sweeping Beam","floor":4},{"not_picked":["Barrage","Go for the Eyes"],"picked":"Undo","floor":6},{"not_picked":["Stack","Beam Cell"],"picked":"Streamline","floor":8},{"not_picked":["Coolheaded","Self Repair"],"picked":"Thunder Strike","floor":10}],"player_experience":383016,"relics_obtained":[{"floor":6,"key":"Du-Vu Doll"}],"event_choices":[{"damage_healed":0,"gold_gain":0,"player_choice":"Paid Gold","damage_taken":0,"relics_obtained":["Blue Candle"],"max_hp_gain":0,"max_hp_loss":0,"event_name":"WeMeetAgain","floor":2,"gold_loss":87}],"is_beta":false,"boss_relics":[],"items_purged_floors":[],"is_endless":false,"potions_floor_spawned":[3,6],"killed_by":"3 Sentries","ascension_level":2}