{"gold_per_floor":[112,112,142,29,41,41,52,102,102,121,140,140,150,150,150,250,250,270,270,9,9,29,53,53,53],"floor_reached":25,"playtime":760,"items_purged":["Strike_R"],"score":216,"play_id":"744f5982-036d-41ce-b955-bcb842fb62f3","local_time":"20181125221045","is_ascension_mode":false,"campfire_choices":[{"floor":6,"key":"REST"},{"data":"Heavy Blade","floor":12,"key":"SMITH"},{"floor":15,"key":"REST"},{"floor":24,"key":"REST"}],"neow_cost":"NONE","seed_source_timestamp":0,"circlet_count":0,"master_deck":["Defend_R","Defend_R","Defend_R","Defend_R","Bash","Pummel","Panacea","Armaments","Clothesline","Seeing Red","Heavy Blade+1","Flex","Intimidate","Limit Break","Pummel","Bite","Bite","Bite","Bite","Bite"],"special_seed":0,"relics":["Burning Blood","Tiny Chest","Regal Pillow","Red Skull","White Beast Statue","PreservedInsect","Juzu Bracelet"],"potions_floor_usage":[10,16,22,25],"damage_taken":[{"damage":19.0,"enemies":"2 Louse","floor":1.0,"turns":3.0},{"damage":18,"enemies":"Jaw Worm","floor":5,"turns":4},{"damage":1,"enemies":"Cultist","floor":7,"turns":3},{"damage":16,"enemies":"Large Slime","floor":10,"turns":7},{"damage":9,"enemies":"3 Louse","floor":11,"turns":3},{"damage":10,"enemies":"Exordium Thugs","floor":13,"turns":3},{"damage":69,"enemies":"Hexaghost","floor":16,"turns":9},{"damage":48,"enemies":"Shell Parasite","floor":18,"turns":7},{"damage":5,"enemies":"3 Byrds","floor":22,"turns":6},{"damage":5,"enemies":"Centurion and Healer","floor":25,"turns":3}],"seed_played":"3472988714769085743","potions_obtained":[{"floor":5,"key":"SkillPotion"},{"floor":10,"key":"FairyPotion"},{"floor":13,"key":"Ancient Potion"},{"floor":18,"key":"PowerPotion"},{"floor":22,"key":"Weak Potion"}],"is_trial":false,"path_per_floor":["M","M","?","?","$","M","R","M","T","T","M","M","R","M","?","R","B",null,"M","?","$","?","M","T","R","M"],"character_chosen":"IRONCLAD","items_purchased":["Panacea","Armaments","PreservedInsect","Pummel"],"campfire_rested":3,"item_purchase_floors":[4,4,20,20],"current_hp_per_floor":[75,75,63,63,51,77,82,82,82,72,69,69,65,65,88,25,88,46,46,46,46,53,53,88,86],"gold":53,"neow_bonus":"TEN_PERCENT_HP_BONUS","is_prod":false,"is_daily":false,"chose_seed":false,"campfire_upgraded":1,"win_rate":0,"timestamp":1543212645,"path_taken":["M","?","?","?","M","R","M","?","T","?","M","R","M","?","R","BOSS","M","?","$","?","M","?","R","M"],"build_version":"2018-11-15","purchased_purges":1,"victory":false,"max_hp_per_floor":[88,88,88,88,88,88,88,88,88,88,88,88,88,88,88,88,88,88,88,88,88,88,88,88,88],"card_choices":[{"not_picked":["True Grit","Second Wind"],"picked":"Pummel","floor":1},{"not_picked":["Perfected Strike","Pummel"],"picked":"Clothesline","floor":5},{"not_picked":["Clothesline","Rupture"],"picked":"Seeing Red","floor":7},{"not_picked":["Warcry","Shrug It Off"],"picked":"Heavy Blade","floor":10},{"not_picked":["Intimidate","Dual Wield"],"picked":"Flex","floor":11},{"not_picked":["Flame Barrier","Rampage"],"picked":"Intimidate","floor":13},{"not_picked":["Reaper","Immolate"],"picked":"Limit Break","floor":16},{"not_picked":["Headbutt","Twin Strike","Sword Boomerang"],"picked":"SKIP","floor":18},{"not_picked":["Fire Breathing","Power Through","Havoc"],"picked":"SKIP","floor":22}],"player_experience":97267,"relics_obtained":[{"floor":8,"key":"Regal Pillow"},{"floor":9,"key":"Red Skull"},{"floor":23,"key":"Juzu Bracelet"}],"event_choices":[{"damage_healed":0,"gold_gain":0,"player_choice":"Ignored","damage_taken":0,"max_hp_gain":0,"max_hp_loss":0,"event_name":"Golden Wing","floor":2,"gold_loss":0},{"damage_healed":0,"gold_gain":0,"player_choice":"Success","damage_taken":12,"relics_obtained":["Tiny Chest"],"max_hp_gain":0,"max_hp_loss":0,"event_name":"Scrap Ooze","floor":3,"gold_loss":0},{"damage_healed":0,"gold_gain":0,"player_choice":"Searched \u00270\u0027 times","damage_taken":0,"max_hp_gain":0,"max_hp_loss":0,"event_name":"Dead Adventurer","floor":14,"gold_loss":0},{"damage_healed":0,"gold_gain":0,"player_choice":"Opened","damage_taken":0,"relics_obtained":["Blood Vial"],"max_hp_gain":0,"max_hp_loss":0,"event_name":"The Mausoleum","floor":19,"gold_loss":0},{"damage_healed":0,"gold_gain":0,"player_choice":"Became a vampire (Vial)","damage_taken":0,"max_hp_gain":0,"max_hp_loss":0,"event_name":"Vampires","floor":21,"relics_lost":["Blood Vial"],"gold_loss":0,"cards_obtained":["Bite","Bite","Bite","Bite","Bite"]}],"is_beta":false,"boss_relics":[{"not_picked":["Black Star","Snecko Eye"],"picked":"White Beast Statue"}],"items_purged_floors":[20],"is_endless":false,"potions_floor_spawned":[5,10,13,18,22],"killed_by":"Centurion and Healer","ascension_level":0}