{"gold_per_floor":[211,65,81,93,108,108,119,119,119,194,194,61,78,89,89,191,191,156,175,186,186,61,61,80,80,104,104,152,152,164,176,176,279,279,296,313,163,177,177,177,35,135,135,152,166,166,176,190,190,190],"floor_reached":50,"playtime":6640,"items_purged":["Strike_G","Defend_G","Eviscerate","Defend_G"],"score":440,"play_id":"41cc394e-64f6-4097-9585-484e1a562925","local_time":"20190412171832","is_ascension_mode":false,"campfire_choices":[{"data":"Noxious Fumes","floor":6,"key":"SMITH"},{"data":"Caltrops","floor":8,"key":"SMITH"},{"data":"Well Laid Plans","floor":11,"key":"SMITH"},{"data":"Caltrops","floor":15,"key":"SMITH"},{"data":"Neutralize","floor":23,"key":"SMITH"},{"data":"Adrenaline","floor":25,"key":"SMITH"},{"floor":27,"key":"REST"},{"data":"Deflect","floor":29,"key":"SMITH"},{"floor":32,"key":"REST"},{"floor":40,"key":"REST"},{"data":"After Image","floor":46,"key":"SMITH"},{"floor":49,"key":"REST"}],"neow_cost":"NONE","seed_source_timestamp":24548646069399,"circlet_count":0,"master_deck":["Defend_G","Defend_G","Defend_G","Strike_G","Strike_G","Strike_G","Survivor","Neutralize+1","Caltrops+1","Deflect+1","Deflect","Noxious Fumes+1","Well Laid Plans+1","Caltrops+1","Catalyst","Adrenaline+1","Deflect","Infinite Blades+1","After Image+1","Infinite Blades","Madness","Madness","Venomology","Noxious Fumes","Escape Plan+1","Blur"],"relics":["Ring of the Snake","Torii","White Beast Statue","Regal Pillow","Strawberry","Nunchaku","Blood Vial"],"potions_floor_usage":[16,19,24,30,31,33,33,33,42,42,44,44,45,47,47,48,48,50,50,50,50],"damage_taken":[{"damage":0,"enemies":"Cultist","floor":1,"turns":4},{"damage":0,"enemies":"Jaw Worm","floor":3,"turns":5},{"damage":0,"enemies":"Small Slimes","floor":4,"turns":4},{"damage":5,"enemies":"Red Slaver","floor":5,"turns":4},{"damage":8,"enemies":"Exordium Thugs","floor":7,"turns":5},{"damage":0,"enemies":"2 Fungi Beasts","floor":13,"turns":5},{"damage":2,"enemies":"3 Louse","floor":14,"turns":4},{"damage":27,"enemies":"Slime Boss","floor":16,"turns":13},{"damage":19,"enemies":"2 Thieves","floor":18,"turns":5},{"damage":10,"enemies":"3 Byrds","floor":19,"turns":4},{"damage":3,"enemies":"Centurion and Healer","floor":20,"turns":8},{"damage":31,"enemies":"3 Cultists","floor":24,"turns":6},{"damage":41,"enemies":"Sentry and Sphere","floor":30,"turns":8},{"damage":4,"enemies":"Shelled Parasite and Fungi","floor":31,"turns":6},{"damage":28,"enemies":"Collector","floor":33,"turns":11},{"damage":24,"enemies":"3 Shapes","floor":35,"turns":6},{"damage":14,"enemies":"Orb Walker","floor":36,"turns":6},{"damage":8,"enemies":"3 Darklings","floor":38,"turns":5},{"damage":3,"enemies":"Mind Bloom Boss Battle","floor":42,"turns":9},{"damage":0,"enemies":"Maw","floor":44,"turns":9},{"damage":33,"enemies":"Jaw Worm Horde","floor":45,"turns":6},{"damage":16,"enemies":"Spire Growth","floor":47,"turns":7},{"damage":18,"enemies":"4 Shapes","floor":48,"turns":9},{"damage":75,"enemies":"Time Eater","floor":50,"turns":13}],"seed_played":"584244164750383396","potions_obtained":[{"floor":3,"key":"Dexterity Potion"},{"floor":5,"key":"LiquidBronze"},{"floor":7,"key":"SmokeBomb"},{"floor":14,"key":"GhostInAJar"},{"floor":18,"key":"Weak Potion"},{"floor":19,"key":"GhostInAJar"},{"floor":24,"key":"SpeedPotion"},{"floor":30,"key":"GhostInAJar"},{"floor":31,"key":"Energy Potion"},{"floor":33,"key":"Dexterity Potion"},{"floor":35,"key":"Energy Potion"},{"floor":36,"key":"SkillPotion"},{"floor":42,"key":"PowerPotion"},{"floor":44,"key":"Regen Potion"},{"floor":45,"key":"EssenceOfSteel"},{"floor":47,"key":"Strength Potion"},{"floor":48,"key":"FearPotion"}],"is_trial":false,"path_per_floor":["M","$","M","M","M","R","M","R","T","?","R","$","M","M","R","B",null,"M","M","M","?","$","R","M","R","T","R","T","R","M","M","R","B",null,"M","M","$","M","?","R","$","?","T","M","M","R","M","M","R","B"],"character_chosen":"THE_SILENT","items_purchased":["Caltrops","Caltrops","Venomology","Noxious Fumes"],"campfire_rested":4,"item_purchase_floors":[2,12,41,41],"current_hp_per_floor":[70,70,70,70,65,65,57,57,57,46,46,46,46,44,44,17,70,51,41,38,38,38,38,7,7,7,43,50,50,9,5,43,15,77,53,39,39,31,21,59,59,56,56,58,42,42,28,12,50,0],"gold":190,"neow_bonus":"HUNDRED_GOLD","is_prod":false,"is_daily":false,"chose_seed":false,"campfire_upgraded":8,"win_rate":0.0,"timestamp":1555082312,"path_taken":["M","$","M","M","?","R","M","R","T","?","R","$","M","M","R","BOSS","M","M","M","?","$","R","?","R","T","R","?","R","M","M","R","BOSS","M","M","$","M","?","R","$","?","T","M","M","R","M","M","R","BOSS"],"build_version":"2019-01-23","purchased_purges":4,"victory":false,"max_hp_per_floor":[70,70,70,70,70,70,70,70,70,70,70,70,70,70,70,70,70,70,70,70,70,70,70,70,70,70,70,77,77,77,77,77,77,77,77,77,77,77,77,77,77,77,77,77,77,77,77,77,77,77],"card_choices":[{"not_picked":["Blade Dance","Dagger Spray","Eviscerate"],"picked":"SKIP","floor":1},{"not_picked":["Dagger Spray","Deadly Poison"],"picked":"Deflect","floor":3},{"not_picked":["Slice","Eviscerate"],"picked":"Deflect","floor":4},{"not_picked":["Flechettes","Quick Slash"],"picked":"Noxious Fumes","floor":5},{"not_picked":["Poisoned Stab","Quick Slash"],"picked":"Well Laid Plans","floor":7},{"not_picked":["Sucker Punch","Outmaneuver","Deadly Poison"],"picked":"SKIP","floor":13},{"not_picked":["Eviscerate","Prepared"],"picked":"Catalyst","floor":14},{"not_picked":["Phantasmal Killer","A Thousand Cuts"],"picked":"Adrenaline","floor":16},{"not_picked":["Finisher","Skewer","Dagger Spray"],"picked":"SKIP","floor":18},{"not_picked":["Leg Sweep","Dagger Throw"],"picked":"Deflect","floor":19},{"not_picked":["Leg Sweep","Quick Slash","Predator"],"picked":"SKIP","floor":20},{"not_picked":["Dash","Terror","Burst"],"picked":"SKIP","floor":24},{"not_picked":["Riddle With Holes","Flying Knee"],"picked":"Infinite Blades+1","floor":30},{"not_picked":["Tactician","Sucker Punch","Slice+1"],"picked":"SKIP","floor":31},{"not_picked":["Malaise","Tools of the Trade"],"picked":"After Image","floor":33},{"not_picked":["Flying Knee","Escape Plan+1"],"picked":"Infinite Blades","floor":35},{"not_picked":["Leg Sweep+1","Flying Knee","Prepared"],"picked":"SKIP","floor":36},{"not_picked":["Calculated Gamble","Riddle With Holes","Prepared+1"],"picked":"SKIP","floor":38},{"not_picked":["Dodge and Roll","Acrobatics+1"],"picked":"Escape Plan+1","floor":42},{"not_picked":["Crippling Poison+1","Escape Plan"],"picked":"Blur","floor":44},{"not_picked":["Leg Sweep","Backflip+1","Flying Knee"],"picked":"SKIP","floor":45},{"not_picked":["Outmaneuver","Masterful Stab+1","Dagger Throw"],"picked":"SKIP","floor":47},{"not_picked":["Die Die Die","Quick Slash+1","Prepared"],"picked":"SKIP","floor":48}],"player_experience":94083,"relics_obtained":[{"floor":9,"key":"Torii"},{"floor":26,"key":"Regal Pillow"},{"floor":28,"key":"Strawberry"},{"floor":42,"key":"Nunchaku"},{"floor":43,"key":"Blood Vial"}],"event_choices":[{"damage_healed":0,"gold_gain":75,"player_choice":"Gather Gold","damage_taken":11,"max_hp_gain":0,"max_hp_loss":0,"event_name":"World of Goop","floor":10,"gold_loss":0},{"damage_healed":0,"gold_gain":0,"cards_transformed":["Strike_G"],"player_choice":"Transformed","damage_taken":0,"max_hp_gain":0,"max_hp_loss":0,"event_name":"Transmorgrifier","floor":21,"gold_loss":0,"cards_obtained":["Eviscerate"]},{"damage_healed":0,"gold_gain":0,"player_choice":"Embrace Madness","damage_taken":10,"max_hp_gain":0,"max_hp_loss":0,"event_name":"Winding Halls","floor":39,"gold_loss":0,"cards_obtained":["Madness","Madness"]},{"damage_healed":0,"gold_gain":0,"player_choice":"Fight","damage_taken":0,"max_hp_gain":0,"max_hp_loss":0,"event_name":"MindBloom","floor":42,"gold_loss":0}],"is_beta":false,"boss_relics":[{"not_picked":["HoveringKite","Runic Dome"],"picked":"White Beast Statue"},{"not_picked":["Fusion Hammer","Velvet Choker","Sozu"]}],"items_purged_floors":[2,12,22,37],"is_endless":false,"potions_floor_spawned":[3,5,7,14,18,19,20,24,30,31,33,35,36,38,42,44,45,47,48],"killed_by":"Time Eater","ascension_level":0}