{"gold_per_floor":[114,114,189,29,39,70,70,84,84,110,110,110,130,144,144,233,233,253,303,321,371,386,386,405,441,441,441,454,477,513,79,79,169,169,188,238,258,54,169,169,209,259,285,329,10,60,75,139,139,139,139,139,139,50,50],"floor_reached":55,"playtime":5111,"items_purged":["Strike_G","Strike_G"],"score":2000,"play_id":"9b11d2ae-7a77-4f5a-bdab-d627662960bc","local_time":"20190429111607","is_ascension_mode":true,"campfire_choices":[{"data":"Backstab","floor":15,"key":"SMITH"},{"data":"Skewer","floor":23,"key":"SMITH"},{"floor":27,"key":"REST"},{"floor":32,"key":"REST"},{"data":"Burst","floor":40,"key":"SMITH"},{"floor":49,"key":"RECALL"},{"data":"Night Terror","floor":53,"key":"SMITH"}],"neow_cost":"NONE","seed_source_timestamp":3217799582861437,"circlet_count":0,"master_deck":["AscendersBane","Defend_G","Defend_G","Defend_G","Defend_G","Defend_G+1","Strike_G","Survivor","Neutralize+1","Crippling Poison","Bouncing Flask","Backstab+1","Backflip","PiercingWail","Terror","Burst+1","Dagger Spray","Escape Plan","Heel Hook","A Thousand Cuts+1","Skewer+1","Flechettes","Blade Dance","Cloak And Dagger","Backstab","Night Terror+1","Blade Dance","Well Laid Plans+1","Wraith Form v2+1","Deflect","Panache+1","Caltrops+1","Envenom+1","Writhe","Dodge and Roll","PiercingWail+1","Catalyst","Adrenaline","Noxious Fumes+1"],"relics":["Ring of the Snake","NeowsBlessing","Bag of Preparation","Meat on the Bone","Dream Catcher","Frozen Egg 2","Golden Idol","SsserpentHead","Philosopher\u0027s Stone","Enchiridion","Kunai","Prayer Wheel","Vajra","Oddly Smooth Stone","Runic Pyramid","Incense Burner","Regal Pillow","Bag of Marbles","Strawberry","OrangePellets","Omamori"],"potions_floor_usage":[18,20,25,33,39,41,50],"damage_taken":[{"damage":0,"enemies":"Jaw Worm","floor":1,"turns":1},{"damage":0,"enemies":"2 Louse","floor":5,"turns":1},{"damage":0,"enemies":"Gremlin Nob","floor":6,"turns":1},{"damage":1,"enemies":"Small Slimes","floor":8,"turns":3},{"damage":31,"enemies":"3 Sentries","floor":10,"turns":12},{"damage":1,"enemies":"2 Fungi Beasts","floor":13,"turns":4},{"damage":3,"enemies":"Red Slaver","floor":14,"turns":3},{"damage":13,"enemies":"The Guardian","floor":16,"turns":11},{"damage":3,"enemies":"Chosen","floor":18,"turns":4},{"damage":7,"enemies":"2 Thieves","floor":20,"turns":3},{"damage":4,"enemies":"Centurion and Healer","floor":22,"turns":11},{"damage":25,"enemies":"Shelled Parasite and Fungi","floor":24,"turns":5},{"damage":17,"enemies":"Book of Stabbing","floor":25,"turns":6},{"damage":4,"enemies":"Snake Plant","floor":28,"turns":6},{"damage":19,"enemies":"Cultist and Chosen","floor":29,"turns":4},{"damage":17,"enemies":"Slavers","floor":30,"turns":5},{"damage":22,"enemies":"Automaton","floor":33,"turns":8},{"damage":17,"enemies":"3 Darklings","floor":35,"turns":5},{"damage":0,"enemies":"3 Shapes","floor":37,"turns":6},{"damage":0,"enemies":"2 Orb Walkers","floor":39,"turns":5},{"damage":2,"enemies":"Nemesis","floor":41,"turns":5},{"damage":0,"enemies":"Reptomancer","floor":44,"turns":7},{"damage":0,"enemies":"Jaw Worm Horde","floor":47,"turns":4},{"damage":0,"enemies":"3 Darklings","floor":48,"turns":3},{"damage":38,"enemies":"Time Eater","floor":50,"turns":12},{"damage":12,"enemies":"Awakened One","floor":51,"turns":20},{"damage":61,"enemies":"Shield and Spear","floor":55,"turns":2}],"seed_played":"-7522499343350093951","potions_obtained":[{"floor":1,"key":"GhostInAJar"},{"floor":10,"key":"GamblersBrew"},{"floor":13,"key":"PowerPotion"},{"floor":24,"key":"Fire Potion"},{"floor":28,"key":"Poison Potion"},{"floor":33,"key":"EssenceOfSteel"},{"floor":39,"key":"FearPotion"},{"floor":41,"key":"Block Potion"}],"is_trial":false,"path_per_floor":["M","?","?","$","M","E","$","M","T","E","?","?","M","M","R","B",null,"M","?","M","?","M","R","M","E","T","R","M","M","E","$","R","B",null,"M","?","M","$","?","R","E","?","T","E","$","T","M","M","R","B","B",null,"R","$","E"],"character_chosen":"THE_SILENT","items_purchased":["Bag of Preparation","Vajra","Oddly Smooth Stone","Blade Dance","Panache+1","OrangePellets","Noxious Fumes+1"],"campfire_rested":2,"item_purchase_floors":[4,31,31,31,38,45,54],"current_hp_per_floor":[59,39,28,28,28,28,28,39,39,20,20,20,31,40,40,39,55,52,31,36,36,32,32,19,14,14,32,40,33,28,28,46,36,54,37,37,37,37,37,37,35,47,47,54,54,54,54,54,54,28,28,57,57,57,0],"gold":50,"neow_bonus":"THREE_ENEMY_KILL","is_prod":false,"is_daily":false,"chose_seed":false,"campfire_upgraded":4,"win_rate":0,"timestamp":1556529367,"path_taken":["M","?","?","?","?","E","$","M","T","E","?","?","M","M","R","BOSS","M","?","M","?","M","R","M","E","T","R","M","M","E","$","R","BOSS","M","?","M","$","?","R","E","?","T","E","$","?","M","?","R","BOSS","BOSS","R","$","E"],"build_version":"2019-01-23","purchased_purges":2,"victory":false,"max_hp_per_floor":[66,66,66,66,66,66,66,66,66,66,60,60,60,60,60,60,60,60,60,60,60,60,60,60,60,60,60,60,60,60,60,60,60,60,60,60,60,60,60,60,60,60,60,67,67,67,67,67,67,67,67,67,67,67,67],"card_choices":[{"not_picked":["Outmaneuver","Calculated Gamble"],"picked":"Crippling Poison","floor":1},{"not_picked":["Choke","Cloak And Dagger"],"picked":"Bouncing Flask","floor":5},{"not_picked":["Deflect","Poisoned Stab"],"picked":"Backstab","floor":6},{"not_picked":["Sucker Punch","Infinite Blades"],"picked":"Backflip","floor":8},{"not_picked":["Deadly Poison","Quick Slash"],"picked":"PiercingWail","floor":10},{"not_picked":["Storm of Steel","Heel Hook","Distraction"],"picked":"SKIP","floor":13},{"not_picked":["Deflect","Blur"],"picked":"Terror","floor":14},{"not_picked":["Malaise","Corpse Explosion"],"picked":"Burst","floor":16},{"not_picked":["Choke","Riddle With Holes"],"picked":"Dagger Spray","floor":18},{"not_picked":["Dodge and Roll","Cloak And Dagger"],"picked":"Escape Plan","floor":20},{"not_picked":["Concentrate","Crippling Poison+1"],"picked":"Skewer","floor":22},{"not_picked":["Dodge and Roll","Quick Slash"],"picked":"Flechettes","floor":24},{"not_picked":["Setup","Concentrate"],"picked":"Blade Dance","floor":25},{"not_picked":["Escape Plan","Terror+1"],"picked":"Cloak And Dagger","floor":27},{"not_picked":["Choke","Escape Plan"],"picked":"Backstab","floor":28},{"not_picked":["Reflex","Dagger Spray+1","Blade Dance"],"picked":"SKIP","floor":29},{"not_picked":["Prepared","Choke"],"picked":"Night Terror","floor":30},{"not_picked":["Flying Knee+1","Dodge and Roll"],"picked":"Well Laid Plans+1","floor":32},{"not_picked":["Storm of Steel","Envenom+1"],"picked":"Wraith Form v2+1","floor":33},{"not_picked":["Underhanded Strike+1","Deadly Poison","Blade Dance"],"picked":"SKIP","floor":35},{"not_picked":["Blade Dance","Slice","Deadly Poison"],"picked":"SKIP","floor":35},{"not_picked":["Crippling Poison+1","Setup+1"],"picked":"Deflect","floor":37},{"not_picked":["Acrobatics+1","Accuracy+1","Dagger Throw+1"],"picked":"SKIP","floor":37},{"not_picked":["Poisoned Stab+1","Riddle With Holes"],"picked":"Caltrops+1","floor":39},{"not_picked":["Dagger Spray","Poisoned Stab+1"],"picked":"Envenom+1","floor":41},{"not_picked":["Bouncing Flask","Flying Knee"],"picked":"Dodge and Roll","floor":44},{"not_picked":["Blade Dance","Flying Knee"],"picked":"PiercingWail+1","floor":47},{"not_picked":["Deflect+1","Poisoned Stab+1"],"picked":"Catalyst","floor":47},{"not_picked":["Acrobatics","PiercingWail"],"picked":"Adrenaline","floor":48},{"not_picked":["Underhanded Strike","Crippling Poison","Endless Agony"],"picked":"SKIP","floor":48}],"player_experience":1805722,"relics_obtained":[{"floor":6,"key":"Meat on the Bone"},{"floor":9,"key":"Dream Catcher"},{"floor":10,"key":"Frozen Egg 2"},{"floor":19,"key":"Enchiridion"},{"floor":25,"key":"Kunai"},{"floor":30,"key":"Prayer Wheel"},{"floor":39,"key":"Incense Burner"},{"floor":41,"key":"Regal Pillow"},{"floor":43,"key":"Bag of Marbles"},{"floor":44,"key":"Strawberry"},{"floor":46,"key":"Omamori"}],"event_choices":[{"damage_healed":0,"gold_gain":0,"player_choice":"Entered Light","damage_taken":20,"max_hp_gain":0,"max_hp_loss":0,"event_name":"Shining Light","floor":2,"gold_loss":0,"cards_upgraded":["Neutralize","Defend_G"]},{"damage_healed":0,"gold_gain":75,"player_choice":"Gather Gold","damage_taken":11,"max_hp_gain":0,"max_hp_loss":0,"event_name":"World of Goop","floor":3,"gold_loss":0},{"damage_healed":0,"gold_gain":0,"player_choice":"Lose Max HP","damage_taken":0,"relics_obtained":["Golden Idol"],"max_hp_gain":0,"max_hp_loss":6,"event_name":"Golden Idol","floor":11,"gold_loss":0},{"damage_healed":0,"gold_gain":0,"player_choice":"Trade","damage_taken":0,"relics_obtained":["SsserpentHead"],"max_hp_gain":0,"max_hp_loss":0,"event_name":"FaceTrader","floor":12,"gold_loss":0},{"damage_healed":0,"gold_gain":0,"player_choice":"Obtained Book","damage_taken":21,"max_hp_gain":0,"max_hp_loss":0,"event_name":"Cursed Tome","floor":19,"gold_loss":0},{"damage_healed":0,"gold_gain":0,"cards_transformed":["Strike_G","Strike_G"],"player_choice":"Became Test Subject","damage_taken":0,"max_hp_gain":0,"max_hp_loss":0,"event_name":"Drug Dealer","floor":21,"gold_loss":0,"cards_obtained":["Heel Hook","A Thousand Cuts"]},{"damage_healed":0,"gold_gain":0,"player_choice":"Ignored","damage_taken":0,"max_hp_gain":0,"max_hp_loss":0,"event_name":"Tomb of Lord Red Mask","floor":36,"gold_loss":0},{"damage_healed":0,"gold_gain":0,"player_choice":"Fight","damage_taken":0,"max_hp_gain":0,"max_hp_loss":0,"event_name":"Mysterious Sphere","floor":39,"gold_loss":0},{"damage_healed":12,"gold_gain":0,"player_choice":"Writhe","damage_taken":0,"max_hp_gain":0,"max_hp_loss":0,"event_name":"Winding Halls","floor":42,"gold_loss":0,"cards_obtained":["Writhe"]}],"is_beta":false,"boss_relics":[{"not_picked":["HoveringKite","Fusion Hammer"],"picked":"Philosopher\u0027s Stone"},{"not_picked":["Eternal Feather","White Beast Statue"],"picked":"Runic Pyramid"}],"items_purged_floors":[31,45],"is_endless":false,"potions_floor_spawned":[1,10,13,14,16,24,28,33,39,41],"killed_by":"Shield and Spear","ascension_level":20}