{"gold_per_floor":[215,133,147,165,90,119,119,149,149,160,82,82,101,121,121,193,193,205,205,223,223,223,223,243,270,349,383,397,73,73,108,108,182,182,199,254,254,268,268,303,303,303,303,303,323,323,323,356,356,356],"floor_reached":51,"playtime":4751,"items_purged":["Strike_G"],"score":1549,"play_id":"e2032fd6-382f-4fd6-bc7c-6f106d0a3c15","local_time":"20190423114013","is_ascension_mode":true,"campfire_choices":[{"data":"Neutralize","floor":7.0,"key":"SMITH"},{"data":"Dagger Spray","floor":12.0,"key":"SMITH"},{"floor":15.0,"key":"REST"},{"data":"Wraith Form v2","floor":23.0,"key":"SMITH"},{"data":"Noxious Fumes","floor":30.0,"key":"SMITH"},{"data":"Well Laid Plans","floor":32.0,"key":"SMITH"},{"data":"Burst","floor":42.0,"key":"SMITH"},{"data":"Catalyst","floor":44,"key":"SMITH"},{"data":"Apotheosis","floor":49,"key":"SMITH"}],"neow_cost":"NONE","seed_source_timestamp":1148026626025608,"circlet_count":0,"master_deck":["AscendersBane","Defend_G","Defend_G","Defend_G","Defend_G","Defend_G","Strike_G","Strike_G","Strike_G","Strike_G","Survivor","Neutralize+1","Dagger Spray+1","Predator","Quick Slash","Acrobatics","PiercingWail","Well Laid Plans+1","Noxious Fumes+1","Wraith Form v2+1","Deadly Poison","Writhe","Blur","Backstab","Clumsy","Crippling Poison","Deadly Poison","Footwork","Catalyst+1","Burst+1","Bane","Footwork+1","Acrobatics","Cloak And Dagger","Apotheosis+1","Acrobatics"],"special_seed":0,"relics":["Ring of the Snake","Ice Cream","Thread and Needle","Tingsha","Tough Bandages","Cursed Key","Ninja Scroll","Question Card","Mummified Hand","Bag of Marbles","Pantograph","Oddly Smooth Stone","Lizard Tail","Bird Faced Urn","Ornamental Fan","Anchor"],"potions_floor_usage":[48],"damage_taken":[{"damage":0.0,"enemies":"Jaw Worm","floor":1.0,"turns":5.0},{"damage":0.0,"enemies":"Cultist","floor":3.0,"turns":4.0},{"damage":1.0,"enemies":"Small Slimes","floor":4.0,"turns":3.0},{"damage":26.0,"enemies":"Lagavulin","floor":6.0,"turns":9.0},{"damage":8.0,"enemies":"3 Sentries","floor":8.0,"turns":8.0},{"damage":0.0,"enemies":"Blue Slaver","floor":10.0,"turns":3.0},{"damage":0.0,"enemies":"3 Louse","floor":13.0,"turns":2.0},{"damage":0.0,"enemies":"Exordium Thugs","floor":14.0,"turns":5.0},{"damage":0.0,"enemies":"The Guardian","floor":16.0,"turns":10.0},{"damage":0.0,"enemies":"Chosen","floor":18.0,"turns":6.0},{"damage":0.0,"enemies":"3 Byrds","floor":20.0,"turns":4.0},{"damage":0.0,"enemies":"Colosseum Slavers","floor":22.0,"turns":4.0},{"damage":3.0,"enemies":"Shelled Parasite and Fungi","floor":24.0,"turns":5.0},{"damage":3.0,"enemies":"Gremlin Leader","floor":25.0,"turns":6.0},{"damage":0.0,"enemies":"Slavers","floor":27.0,"turns":6.0},{"damage":0.0,"enemies":"3 Cultists","floor":28.0,"turns":4.0},{"damage":22.0,"enemies":"Gremlin Leader","floor":31.0,"turns":5.0},{"damage":0.0,"enemies":"Champ","floor":33.0,"turns":12.0},{"damage":0.0,"enemies":"3 Shapes","floor":35.0,"turns":5.0},{"damage":31.0,"enemies":"2 Orb Walkers","floor":36.0,"turns":7.0},{"damage":0.0,"enemies":"Orb Walker","floor":38.0,"turns":4.0},{"damage":0.0,"enemies":"Giant Head","floor":40.0,"turns":10.0},{"damage":0,"enemies":"Writhing Mass","floor":45,"turns":7},{"damage":10,"enemies":"Reptomancer","floor":48,"turns":6},{"damage":38,"enemies":"Donu and Deca","floor":50,"turns":9}],"seed_played":"4137108978624010552","potions_obtained":[{"floor":6.0,"key":"LiquidBronze"},{"floor":14.0,"key":"FearPotion"},{"floor":20.0,"key":"FearPotion"},{"floor":25.0,"key":"Explosive Potion"},{"floor":27.0,"key":"Ancient Potion"},{"floor":31.0,"key":"Swift Potion"},{"floor":33.0,"key":"AttackPotion"},{"floor":36.0,"key":"SteroidPotion"},{"floor":45,"key":"Swift Potion"}],"is_trial":false,"path_per_floor":["M","?","M","M","$","E","R","E","T","M","$","R","M","M","R","B",null,"M","?","M","?","?","R","M","E","T","E","M","$","R","E","R","B",null,"M","?","T","M","?","E","?","R","T","R","M","?","?","E","R","B",null],"character_chosen":"THE_SILENT","items_purchased":["Well Laid Plans","Footwork","Pantograph"],"campfire_rested":1,"item_purchase_floors":[11,29,29],"current_hp_per_floor":[59,59,59,58,58,32,32,24,24,24,24,24,24,24,43,43,60,60,60,60,60,60,60,57,54,54,54,54,54,54,32,32,57,64,64,33,33,41,41,51,51,51,51,51,61,61,61,61,61,35],"gold":356,"neow_bonus":"HUNDRED_GOLD","is_prod":false,"is_daily":false,"chose_seed":false,"campfire_upgraded":8,"win_rate":0,"timestamp":1556034013,"path_taken":["M","?","M","M","$","E","R","E","T","M","$","R","?","M","R","BOSS","M","?","M","?","?","R","M","E","T","E","M","$","R","E","R","BOSS","M","?","?","?","?","E","?","R","T","R","M","?","?","E","R","BOSS"],"build_version":"2019-01-23","purchased_purges":1,"victory":true,"max_hp_per_floor":[66,66,66,66,66,66,66,66,66,66,66,66,66,66,66,66,66,66,66,66,66,66,66,66,66,66,66,66,66,66,66,66,66,66,66,66,66,66,66,66,66,66,66,66,66,63,63,63,63,63],"card_choices":[{"not_picked":["Dodge and Roll","Dagger Throw"],"picked":"Dagger Spray","floor":1.0},{"not_picked":["Slice","Escape Plan"],"picked":"Predator","floor":3.0},{"not_picked":["Riddle With Holes","Acrobatics"],"picked":"Quick Slash","floor":4.0},{"not_picked":["Concentrate","Dodge and Roll"],"picked":"Dagger Throw","floor":6.0},{"not_picked":["Sucker Punch","Flying Knee"],"picked":"Acrobatics","floor":8.0},{"not_picked":["Terror","Dagger Throw"],"picked":"PiercingWail","floor":10.0},{"not_picked":["A Thousand Cuts","Deflect"],"picked":"Noxious Fumes","floor":13.0},{"not_picked":["Setup","Blade Dance","Well Laid Plans"],"picked":"SKIP","floor":14.0},{"not_picked":["Malaise","Bullet Time"],"picked":"Wraith Form v2","floor":16.0},{"not_picked":["Slice+1","Well Laid Plans"],"picked":"Deadly Poison","floor":18.0},{"not_picked":["Bane","Predator"],"picked":"Blur","floor":20.0},{"not_picked":["Dagger Spray","Grand Finale"],"picked":"Backstab","floor":24.0},{"not_picked":["Underhanded Strike","Blade Dance","Sucker Punch"],"picked":"SKIP","floor":25.0},{"not_picked":["Dodge and Roll","Underhanded Strike","Bane"],"picked":"Crippling Poison","floor":27.0},{"not_picked":["Expertise","Underhanded Strike","Dagger Throw"],"picked":"Deadly Poison","floor":28.0},{"not_picked":["Underhanded Strike+1","Dodge and Roll","Tools of the Trade"],"picked":"Catalyst","floor":31.0},{"not_picked":["Venomology","Unload","Die Die Die"],"picked":"Burst","floor":33.0},{"not_picked":["Outmaneuver","Blade Dance","Poisoned Stab"],"picked":"Bane","floor":35.0},{"not_picked":["Dagger Spray","Underhanded Strike+1","Quick Slash"],"picked":"Footwork+1","floor":38.0},{"not_picked":["Catalyst","Blade Dance+1","Distraction"],"picked":"Acrobatics","floor":40.0},{"not_picked":["Predator+1","Accuracy","Poisoned Stab"],"picked":"Cloak And Dagger","floor":45},{"not_picked":["Deep Breath","Dark Shackles","Secret Weapon"],"picked":"Apotheosis","floor":47},{"not_picked":["Bane","Predator","Venomology"],"picked":"Acrobatics","floor":48}],"player_experience":838490,"relics_obtained":[{"floor":6.0,"key":"Thread and Needle"},{"floor":8.0,"key":"Tingsha"},{"floor":9.0,"key":"Tough Bandages"},{"floor":25.0,"key":"Question Card"},{"floor":26.0,"key":"Mummified Hand"},{"floor":27.0,"key":"Bag of Marbles"},{"floor":31.0,"key":"Oddly Smooth Stone"},{"floor":36.0,"key":"Bird Faced Urn"},{"floor":40.0,"key":"Ornamental Fan"},{"floor":48,"key":"Anchor"}],"event_choices":[{"damage_healed":0.0,"max_hp_gain":0.0,"max_hp_loss":0.0,"gold_gain":0.0,"event_name":"WeMeetAgain","player_choice":"Paid Gold","floor":2.0,"gold_loss":82.0,"damage_taken":0.0,"relics_obtained":["Ice Cream"]},{"damage_healed":0.0,"max_hp_gain":0.0,"max_hp_loss":0.0,"gold_gain":0.0,"event_name":"The Mausoleum","player_choice":"Opened","floor":19.0,"gold_loss":0.0,"damage_taken":0.0,"relics_obtained":["Ninja Scroll"],"cards_obtained":["Writhe"]},{"damage_healed":0.0,"max_hp_gain":0.0,"max_hp_loss":0.0,"gold_gain":0.0,"event_name":"Ghosts","player_choice":"Ignored","floor":21.0,"gold_loss":0.0,"damage_taken":0.0},{"damage_healed":0.0,"max_hp_gain":0.0,"max_hp_loss":0.0,"gold_gain":0.0,"event_name":"Colosseum","player_choice":"Fight","floor":22.0,"gold_loss":0.0,"damage_taken":0.0},{"damage_healed":0.0,"max_hp_gain":0.0,"max_hp_loss":0.0,"gold_gain":0.0,"event_name":"Colosseum","player_choice":"Fled From Nobs","floor":22.0,"gold_loss":0.0,"damage_taken":0.0},{"damage_healed":0.0,"max_hp_gain":0.0,"max_hp_loss":0.0,"gold_gain":0.0,"event_name":"Mysterious Sphere","player_choice":"Fight","floor":36.0,"gold_loss":0.0,"damage_taken":0.0},{"cards_removed":["Dagger Throw"],"damage_healed":0.0,"max_hp_gain":0.0,"max_hp_loss":0.0,"gold_gain":0.0,"event_name":"Falling","player_choice":"Removed Attack","floor":39.0,"gold_loss":0.0,"damage_taken":0.0},{"damage_healed":0.0,"max_hp_gain":0.0,"max_hp_loss":0.0,"gold_gain":0.0,"event_name":"Tomb of Lord Red Mask","player_choice":"Ignored","floor":41.0,"gold_loss":0.0,"damage_taken":0.0},{"damage_healed":0,"gold_gain":0,"player_choice":"Max HP","damage_taken":0,"max_hp_gain":0,"max_hp_loss":3,"event_name":"Winding Halls","floor":46,"gold_loss":0},{"damage_healed":0,"gold_gain":0,"player_choice":"Memory 1","damage_taken":0,"max_hp_gain":0,"max_hp_loss":0,"event_name":"SensoryStone","floor":47,"gold_loss":0}],"is_beta":false,"boss_relics":[{"not_picked":["Ring of the Serpent","White Beast Statue"],"picked":"Cursed Key"},{"not_picked":["Pandora\u0027s Box","Runic Pyramid"],"picked":"Lizard Tail"}],"items_purged_floors":[5],"is_endless":false,"potions_floor_spawned":[6,14,20,25,27,31,33,36,38,45],"ascension_level":15}