{"gold_per_floor":[116,132,151,167,66,100,100,100,149,149,149,169,193,221,221,221],"floor_reached":16,"playtime":1044,"items_purged":["Strike_G"],"score":220,"play_id":"1f81f289-466a-4ba5-91bd-6d2c6464823e","local_time":"20190504080915","is_ascension_mode":true,"campfire_choices":[{"data":"Crippling Poison","floor":7,"key":"SMITH"},{"data":"Neutralize","floor":10,"key":"SMITH"},{"data":"Dodge and Roll","floor":15,"key":"SMITH"}],"neow_cost":"NONE","seed_source_timestamp":222156397709218,"circlet_count":0,"master_deck":["AscendersBane","Defend_G","Defend_G","Defend_G","Defend_G","Defend_G","Strike_G","Strike_G","Strike_G","Strike_G","Survivor","Neutralize+1","Quick Slash","Backstab","Poisoned Stab","Catalyst","Dodge and Roll+1","PiercingWail","Crippling Poison+1","Phantasmal Killer","Corpse Explosion"],"relics":["Ring of the Snake","Shuriken","Regal Pillow","Snake Skull","Ancient Tea Set"],"potions_floor_usage":[6],"damage_taken":[{"damage":1,"enemies":"Cultist","floor":1,"turns":4},{"damage":2,"enemies":"Small Slimes","floor":2,"turns":4},{"damage":0,"enemies":"Jaw Worm","floor":3,"turns":3},{"damage":0,"enemies":"3 Louse","floor":4,"turns":2},{"damage":18,"enemies":"Gremlin Nob","floor":6,"turns":4},{"damage":9,"enemies":"Large Slime","floor":12,"turns":6},{"damage":17,"enemies":"Lagavulin","floor":14,"turns":6},{"damage":38,"enemies":"Slime Boss","floor":16,"turns":6}],"seed_played":"2232143577869572271","potions_obtained":[{"floor":4,"key":"Fire Potion"},{"floor":12,"key":"Ancient Potion"}],"is_trial":false,"path_per_floor":["M","M","M","M","$","E","R","?","T","R","?","M","T","E","R","B"],"character_chosen":"THE_SILENT","items_purchased":["PiercingWail"],"campfire_rested":0,"item_purchase_floors":[5],"current_hp_per_floor":[58,56,56,56,56,38,38,38,38,38,60,51,51,34,34,0],"gold":221,"neow_bonus":"THREE_CARDS","is_prod":false,"is_daily":false,"chose_seed":false,"campfire_upgraded":3,"win_rate":0,"timestamp":1556950155,"path_taken":["M","M","M","?","$","E","R","?","T","R","?","M","?","E","R","BOSS"],"build_version":"2019-01-23","purchased_purges":1,"victory":false,"max_hp_per_floor":[66,66,66,66,66,66,66,66,66,66,66,66,66,66,66,66],"card_choices":[{"not_picked":["PiercingWail","Underhanded Strike"],"picked":"Quick Slash","floor":0},{"not_picked":["Flying Knee","Cloak And Dagger"],"picked":"Backstab","floor":1},{"not_picked":["Quick Slash","Underhanded Strike"],"picked":"Poisoned Stab","floor":2},{"not_picked":["Endless Agony","Calculated Gamble"],"picked":"Catalyst","floor":3},{"not_picked":["Acrobatics","Prepared"],"picked":"Dodge and Roll","floor":4},{"not_picked":["Accuracy","Prepared"],"picked":"Crippling Poison","floor":6},{"not_picked":["Prepared","Backstab"],"picked":"Phantasmal Killer","floor":12},{"not_picked":["Tools of the Trade","Caltrops"],"picked":"Corpse Explosion","floor":14}],"player_experience":1980890,"relics_obtained":[{"floor":6,"key":"Shuriken"},{"floor":9,"key":"Regal Pillow"},{"floor":13,"key":"Snake Skull"},{"floor":14,"key":"Ancient Tea Set"}],"event_choices":[{"damage_healed":0,"gold_gain":0,"player_choice":"Ignored","damage_taken":0,"max_hp_gain":0,"max_hp_loss":0,"event_name":"Liars Game","floor":8,"gold_loss":0},{"damage_healed":22,"gold_gain":0,"player_choice":"Banana","damage_taken":0,"max_hp_gain":0,"max_hp_loss":0,"event_name":"Big Fish","floor":11,"gold_loss":0}],"is_beta":false,"boss_relics":[],"items_purged_floors":[5],"is_endless":false,"potions_floor_spawned":[4,12],"killed_by":"Slime Boss","ascension_level":20}