{"gold_per_floor":[115,128,78,3,3,3,3,16,16,16,16,16,36,53,53,53],"floor_reached":16,"playtime":926,"items_purged":["Defend_R"],"score":90,"play_id":"f5f3cecb-d77d-437f-b4f7-b00639a9e2db","local_time":"20190412181001","is_ascension_mode":false,"campfire_choices":[{"data":"Rage","floor":7,"key":"SMITH"},{"data":"Bash","floor":10,"key":"SMITH"},{"data":"Shockwave","floor":12,"key":"SMITH"},{"data":"Havoc","floor":15,"key":"SMITH"}],"neow_cost":"NONE","seed_source_timestamp":33357166427916,"circlet_count":0,"master_deck":["Strike_R","Strike_R","Strike_R","Strike_R","Defend_R","Defend_R","Defend_R","Bash+1","Warcry","Rage+1","Shockwave+1","Headbutt","Havoc+1"],"relics":["Burning Blood","Centennial Puzzle","Dodecahedron"],"potions_floor_usage":[],"damage_taken":[{"damage":1,"enemies":"2 Louse","floor":1,"turns":3},{"damage":11,"enemies":"Jaw Worm","floor":2,"turns":5},{"damage":0,"enemies":"Small Slimes","floor":8,"turns":4},{"damage":7,"enemies":"Looter","floor":13,"turns":3},{"damage":16,"enemies":"Large Slime","floor":14,"turns":7},{"damage":72,"enemies":"Hexaghost","floor":16,"turns":14}],"seed_played":"-2333136400067511979","potions_obtained":[{"floor":14,"key":"Ancient Potion"}],"is_trial":false,"path_per_floor":["M","M","?","$","?","$","R","M","T","R","$","R","M","M","R","B"],"character_chosen":"IRONCLAD","items_purchased":[],"campfire_rested":0,"item_purchase_floors":[],"current_hp_per_floor":[88,83,83,83,76,76,76,82,82,82,82,82,81,71,71,0],"gold":53,"neow_bonus":"TEN_PERCENT_HP_BONUS","is_prod":false,"is_daily":false,"chose_seed":false,"campfire_upgraded":4,"win_rate":0.0,"timestamp":1555085401,"path_taken":["M","M","?","$","?","?","R","M","T","R","$","R","M","M","R","BOSS"],"build_version":"2019-01-23","purchased_purges":1,"victory":false,"max_hp_per_floor":[88,88,88,88,88,88,88,88,88,88,88,88,88,88,88,88],"card_choices":[{"not_picked":["Perfected Strike","Power Through"],"picked":"Warcry","floor":1},{"not_picked":["Ghostly Armor","Pommel Strike"],"picked":"Rage","floor":2},{"not_picked":["Clothesline","Anger"],"picked":"Shockwave","floor":8},{"not_picked":["Pommel Strike","Twin Strike"],"picked":"Headbutt","floor":13},{"not_picked":["Inflame","Thunderclap"],"picked":"Havoc","floor":14}],"player_experience":102582,"relics_obtained":[{"floor":9,"key":"Dodecahedron"}],"event_choices":[{"cards_removed":["Strike_R"],"damage_healed":0,"gold_gain":0,"player_choice":"Card Removal","damage_taken":0,"max_hp_gain":0,"max_hp_loss":0,"event_name":"The Cleric","floor":3,"gold_loss":50},{"damage_healed":0,"gold_gain":0,"player_choice":"Success","damage_taken":7,"relics_obtained":["Centennial Puzzle"],"max_hp_gain":0,"max_hp_loss":0,"event_name":"Scrap Ooze","floor":5,"gold_loss":0}],"is_beta":false,"boss_relics":[],"items_purged_floors":[4],"is_endless":false,"potions_floor_spawned":[14],"killed_by":"Hexaghost","ascension_level":0}