{"gold_per_floor":[118,293,293,24,43,77,77,2,2,2,2,13,13,26,26,128,128,141,153,2,16,16,16,16,16,16,29,40,40,50,50],"floor_reached":31,"playtime":1250,"items_purged":["Strike_G","Storm of Steel"],"score":273,"play_id":"5a89a1b2-06ad-417c-b24b-2c9c55bfc465","local_time":"20190331221749","is_ascension_mode":true,"campfire_choices":[{"floor":7,"key":"REST"},{"floor":11,"key":"RECALL"},{"floor":15,"key":"REST"},{"floor":23,"key":"REST"},{"floor":29,"key":"REST"}],"neow_cost":"NONE","seed_source_timestamp":1122124028777009,"circlet_count":0,"master_deck":["Survivor","Neutralize","Flying Knee+1","Apotheosis","Terror","Deflect","Deadly Poison","Wraith Form v2","Phantasmal Killer","Bullet Time","Outmaneuver","Prepared","Bane","Unload","Leg Sweep","Blur","Outmaneuver","Deadly Poison","Night Terror","Deadly Poison"],"relics":["Ring of the Snake","NeowsBlessing","Meat on the Bone","Pandora\u0027s Box","Letter Opener"],"potions_floor_usage":[14,16,19,27,27],"damage_taken":[{"damage":0,"enemies":"2 Louse","floor":1,"turns":1},{"damage":0,"enemies":"Small Slimes","floor":5,"turns":1},{"damage":0,"enemies":"Gremlin Nob","floor":6,"turns":1},{"damage":7,"enemies":"Jaw Worm","floor":12,"turns":2},{"damage":12,"enemies":"Blue Slaver","floor":14,"turns":3},{"damage":64,"enemies":"The Guardian","floor":16,"turns":11},{"damage":0,"enemies":"Shell Parasite","floor":18,"turns":2},{"damage":65,"enemies":"Chosen","floor":19,"turns":9},{"damage":10,"enemies":"Centurion and Healer","floor":21,"turns":8},{"damage":15,"enemies":"Snecko","floor":27,"turns":4},{"damage":31,"enemies":"Cultist and Chosen","floor":28,"turns":6},{"damage":11,"enemies":"Centurion and Healer","floor":30,"turns":4},{"damage":57,"enemies":"3 Cultists","floor":31,"turns":4}],"seed_played":"-6574775560749819937","potions_obtained":[{"floor":6,"key":"GamblersBrew"},{"floor":14,"key":"Dexterity Potion"},{"floor":16,"key":"Dexterity Potion"},{"floor":21,"key":"LiquidBronze"},{"floor":27,"key":"Fruit Juice"}],"is_trial":false,"path_per_floor":["M","?","?","$","M","E","R","$","T","?","R","M","$","M","R","B",null,"M","M","$","M","?","R","?","?","T","M","M","R","M","M"],"character_chosen":"THE_SILENT","items_purchased":["Apotheosis","Terror","Deflect","Deadly Poison"],"campfire_rested":4,"item_purchase_floors":[4,4,4,20],"current_hp_per_floor":[70,70,56,56,56,56,70,70,70,70,70,63,63,51,70,18,70,70,17,17,19,19,40,40,40,40,42,23,45,46,0],"gold":50,"neow_bonus":"THREE_ENEMY_KILL","is_prod":false,"is_daily":false,"chose_seed":false,"campfire_upgraded":0,"win_rate":0,"timestamp":1554095869,"path_taken":["M","?","?","$","?","E","R","$","T","?","R","M","?","M","R","BOSS","M","M","$","M","?","R","?","?","T","?","M","R","M","M"],"build_version":"2019-01-23","purchased_purges":2,"victory":false,"max_hp_per_floor":[70,70,70,70,70,70,70,70,70,70,70,70,70,70,70,70,70,70,70,70,70,70,70,70,70,70,75,75,75,75,75],"card_choices":[{"not_picked":["Underhanded Strike","PiercingWail"],"picked":"Flying Knee","floor":1},{"not_picked":["Prepared","Footwork"],"picked":"Deadly Poison","floor":5},{"not_picked":["Calculated Gamble","Prepared","Sucker Punch"],"picked":"SKIP","floor":6},{"not_picked":["Deflect","Escape Plan","Cloak And Dagger"],"picked":"SKIP","floor":12},{"not_picked":["Heel Hook","Glass Knife","Acrobatics"],"picked":"SKIP","floor":14},{"not_picked":["Bullet Time","Storm of Steel"],"picked":"Wraith Form v2","floor":16},{"not_picked":["Terror","Dagger Spray","Flying Knee"],"picked":"SKIP","floor":18},{"not_picked":["Well Laid Plans","Bane"],"picked":"Outmaneuver","floor":19},{"not_picked":["All Out Attack+1","Cloak And Dagger+1","Finisher"],"picked":"SKIP","floor":21},{"not_picked":["Terror","Backflip","Well Laid Plans"],"picked":"SKIP","floor":27},{"not_picked":["Quick Slash","Underhanded Strike+1"],"picked":"Night Terror","floor":28},{"not_picked":["Backflip","Poisoned Stab"],"picked":"Deadly Poison","floor":30}],"player_experience":386074,"relics_obtained":[{"floor":6,"key":"Meat on the Bone"},{"floor":26,"key":"Letter Opener"}],"event_choices":[{"damage_healed":0,"gold_gain":175,"player_choice":"AGREE","damage_taken":0,"max_hp_gain":0,"max_hp_loss":0,"event_name":"Liars Game","floor":2,"gold_loss":0,"cards_obtained":["Doubt"]},{"damage_healed":0,"gold_gain":0,"player_choice":"Entered Light","damage_taken":14,"max_hp_gain":0,"max_hp_loss":0,"event_name":"Shining Light","floor":3,"gold_loss":0,"cards_upgraded":["Flying Knee","Strike_G"]},{"damage_healed":0,"gold_gain":0,"player_choice":"Leave","damage_taken":0,"max_hp_gain":0,"max_hp_loss":0,"event_name":"The Cleric","floor":10,"gold_loss":0},{"damage_healed":0,"gold_gain":0,"player_choice":"Ignored","damage_taken":0,"max_hp_gain":0,"max_hp_loss":0,"event_name":"Ghosts","floor":22,"gold_loss":0},{"damage_healed":0,"gold_gain":0,"player_choice":"Ignored","damage_taken":0,"max_hp_gain":0,"max_hp_loss":0,"event_name":"Vampires","floor":24,"gold_loss":0},{"cards_removed":["Doubt"],"damage_healed":0,"gold_gain":0,"player_choice":"Removed Curses","damage_taken":0,"max_hp_gain":0,"max_hp_loss":0,"event_name":"Fountain of Cleansing","floor":25,"gold_loss":0}],"is_beta":false,"boss_relics":[{"not_picked":["Astrolabe","Empty Cage"],"picked":"Pandora\u0027s Box"}],"items_purged_floors":[8,20],"is_endless":false,"potions_floor_spawned":[6,14,16,21,27],"killed_by":"3 Cultists","ascension_level":1}