{"gold_per_floor":[112,7,7,18,18,18,52,72,72,72,72,72,0,18,18,18],"floor_reached":16,"playtime":425,"items_purged":[],"score":172,"play_id":"959df805-7ff6-442b-b03c-4639e3a59513","local_time":"20180815212945","is_ascension_mode":true,"campfire_choices":[{"data":"Bash","floor":6,"key":"SMITH"},{"floor":10,"key":"REST"},{"floor":12,"key":"REST"},{"floor":15,"key":"REST"}],"neow_cost":"","seed_source_timestamp":119212497841136,"circlet_count":0,"master_deck":["Strike_R","Strike_R","Strike_R","Strike_R","Strike_R","Defend_R","Defend_R","Defend_R","Defend_R","Bash+1","AscendersBane","Fire Breathing","Flash of Steel","Perfected Strike","Entrench","Warcry","Havoc","Shrug It Off","Perfected Strike"],"relics":["Burning Blood","NlothsMask","Nunchaku","Anchor"],"potions_floor_usage":[],"damage_taken":[{"damage":14,"enemies":"Small Slimes","floor":1,"turns":5},{"damage":1,"enemies":"2 Louse","floor":4,"turns":3},{"damage":50,"enemies":"Gremlin Nob","floor":7,"turns":5},{"damage":6,"enemies":"Cultist","floor":8,"turns":3},{"damage":12,"enemies":"2 Fungi Beasts","floor":14,"turns":4},{"damage":78,"enemies":"Slime Boss","floor":16,"turns":7}],"seed_played":"-8438993834302288373","potions_obtained":[{"floor":4,"key":"Block Potion"}],"is_trial":true,"path_per_floor":["M","$","?","M","?","R","E","M","T","R","?","R","$","M","R"],"character_chosen":"IRONCLAD","items_purchased":["Flash of Steel","Havoc","Shrug It Off"],"campfire_rested":3,"item_purchase_floors":[2,13,13],"current_hp_per_floor":[60,60,65,70,70,70,26,26,26,50,32,56,56,50,74,0],"gold":18,"neow_bonus":"","is_prod":false,"is_daily":false,"chose_seed":false,"campfire_upgraded":1,"win_rate":0.0,"timestamp":1534393785,"path_taken":["M","$","?","M","?","R","E","M","T","R","?","R","$","M","R","BOSS"],"build_version":"2018-08-09","purchased_purges":0,"victory":false,"max_hp_per_floor":[75,75,80,80,80,80,80,80,80,80,80,80,80,80,80,80],"card_choices":[{"not_picked":["Cleave","Searing Blow"],"picked":"Fire Breathing","floor":1},{"not_picked":["Thunderclap","Warcry"],"picked":"Perfected Strike","floor":4},{"not_picked":["Limit Break","Reckless Charge"],"picked":"Entrench","floor":7},{"not_picked":["Pommel Strike","Power Through"],"picked":"Warcry","floor":8},{"not_picked":["Thunderclap","Armaments"],"picked":"Perfected Strike","floor":14}],"player_experience":7444,"relics_obtained":[{"floor":7,"key":"Nunchaku"}],"event_choices":[{"event_name":"Big Fish","player_choice":"Donut","floor":3,"damage_taken":0},{"event_name":"FaceTrader","player_choice":"Trade","floor":5,"damage_taken":0},{"event_name":"Scrap Ooze","player_choice":"success","floor":11,"damage_taken":18}],"is_beta":false,"boss_relics":[],"items_purged_floors":[],"is_endless":false,"potions_floor_spawned":[4],"killed_by":"Slime Boss","ascension_level":15}