{"gold_per_floor":[119,138,138,313,313,313,341,371,398,428,428,438,458,475,475,573,573,539,573,116,131,142,142,142,157,238,238,169,186,186,186],"floor_reached":31,"playtime":1871,"items_purged":[],"score":270,"play_id":"8650f5ec-5f87-4e9d-8c94-0c459943cbbf","local_time":"20181210134248","is_ascension_mode":false,"campfire_choices":[{"data":"Dagger Spray","floor":6,"key":"SMITH"},{"floor":15,"key":"REST"},{"floor":23,"key":"REST"}],"neow_cost":"NONE","seed_source_timestamp":486574326069801,"circlet_count":0,"master_deck":["Defend_G","Defend_G","Defend_G","Defend_G","Defend_G","Strike_G","Strike_G","Strike_G","Strike_G","Survivor","Neutralize","Blur","Dagger Spray+1","Dagger Spray","Choke","Dash","Dash","Deadly Poison","Envenom+1","Catalyst+1","Poisoned Stab+1","Outmaneuver","Burst","Endless Agony","Glass Knife","Noxious Fumes+1","Bouncing Flask"],"relics":["Ring of the Snake","NeowsBlessing","Bottled Lightning","Pen Nib","Snake Skull","Pear","Lizard Tail","Red Mask","TheAbacus","Frozen Egg 2","Nilry\u0027s Codex","Bottled Tornado"],"potions_floor_usage":[10,16,25,31,31],"damage_taken":[{"damage":0,"enemies":"Small Slimes","floor":1,"turns":1},{"damage":0,"enemies":"2 Louse","floor":2,"turns":1},{"damage":0,"enemies":"Gremlin Nob","floor":7,"turns":1},{"damage":38,"enemies":"Lagavulin","floor":10,"turns":11},{"damage":1,"enemies":"Jaw Worm","floor":12,"turns":3},{"damage":5,"enemies":"3 Louse","floor":13,"turns":2},{"damage":0,"enemies":"Looter","floor":14,"turns":3},{"damage":34,"enemies":"Hexaghost","floor":16,"turns":12},{"damage":22,"enemies":"2 Thieves","floor":18,"turns":5},{"damage":50,"enemies":"Masked Bandits","floor":19,"turns":4},{"damage":13,"enemies":"Shell Parasite","floor":21,"turns":8},{"damage":26,"enemies":"Chosen and Byrds","floor":22,"turns":5},{"damage":0,"enemies":"Snecko","floor":25,"turns":2},{"damage":6,"enemies":"Centurion and Healer","floor":29,"turns":5},{"damage":16,"enemies":"Snake Plant","floor":31,"turns":2}],"seed_played":"9025721151917896350","potions_obtained":[{"floor":2,"key":"Block Potion"},{"floor":10,"key":"GamblersBrew"},{"floor":12,"key":"Strength Potion"},{"floor":19,"key":"Strength Potion"},{"floor":21,"key":"Poison Potion"},{"floor":22,"key":"SteroidPotion"},{"floor":25,"key":"Fire Potion"}],"is_trial":false,"path_per_floor":["M","M","$","?","?","R","E","?","T","E","T","M","M","M","R","B",null,"M","?","$","M","M","R","?","M","T","?","$","M","?","M"],"character_chosen":"THE_SILENT","items_purchased":["TheAbacus","Frozen Egg 2","Noxious Fumes+1"],"campfire_rested":2,"item_purchase_floors":[20,20,28],"current_hp_per_floor":[70,70,70,70,70,70,70,70,70,32,42,41,36,36,60,26,80,58,8,8,35,9,33,17,17,17,17,17,11,11,0],"gold":186,"neow_bonus":"THREE_ENEMY_KILL","is_prod":false,"is_daily":false,"chose_seed":false,"campfire_upgraded":1,"win_rate":0.0,"timestamp":1544478168,"path_taken":["M","M","$","?","?","R","E","?","T","E","?","M","M","?","R","BOSS","M","?","$","M","M","R","?","M","T","?","$","?","?","M"],"build_version":"2018-12-06","purchased_purges":0,"victory":false,"max_hp_per_floor":[70,70,70,70,70,70,70,70,70,70,80,80,80,80,80,80,80,80,80,80,80,80,80,80,80,80,80,80,80,80,80],"card_choices":[{"not_picked":["PiercingWail","Prepared"],"picked":"Blur","floor":1},{"not_picked":["Predator","Calculated Gamble"],"picked":"Dagger Spray","floor":2},{"not_picked":["Slice","Blur"],"picked":"Dagger Spray","floor":7},{"not_picked":["Quick Slash","Night Terror"],"picked":"Choke","floor":10},{"not_picked":["Expertise","Slice"],"picked":"Dash","floor":12},{"not_picked":["Setup","Predator"],"picked":"Dash","floor":13},{"not_picked":["Blade Dance","Dagger Spray"],"picked":"Deadly Poison","floor":14},{"not_picked":["Doppelganger","A Thousand Cuts"],"picked":"Envenom","floor":16},{"not_picked":["Deflect","Quick Slash"],"picked":"Catalyst+1","floor":18},{"not_picked":["Distraction","Dagger Throw"],"picked":"Poisoned Stab+1","floor":19},{"not_picked":["Blade Dance","Quick Slash"],"picked":"Outmaneuver","floor":21},{"not_picked":["Slice","Riddle With Holes"],"picked":"Burst","floor":22},{"not_picked":["Acrobatics","Flying Knee"],"picked":"Endless Agony","floor":25},{"not_picked":["Dagger Spray","Prepared"],"picked":"Bouncing Flask","floor":29}],"player_experience":191719,"relics_obtained":[{"floor":7,"key":"Bottled Lightning"},{"floor":9,"key":"Pen Nib"},{"floor":10,"key":"Snake Skull"},{"floor":11,"key":"Pear"},{"floor":19,"key":"Red Mask"},{"floor":24,"key":"Nilry\u0027s Codex"},{"floor":26,"key":"Bottled Tornado"}],"event_choices":[{"damage_healed":0,"gold_gain":175,"player_choice":"AGREE","damage_taken":0,"max_hp_gain":0,"max_hp_loss":0,"event_name":"Liars Game","floor":4,"gold_loss":0,"cards_obtained":["Doubt"]},{"cards_removed":["Doubt"],"damage_healed":0,"gold_gain":0,"player_choice":"Forget","damage_taken":0,"max_hp_gain":0,"max_hp_loss":0,"event_name":"Living Wall","floor":5,"gold_loss":0},{"damage_healed":0,"gold_gain":30,"player_choice":"Searched \u00271\u0027 times","damage_taken":0,"max_hp_gain":0,"max_hp_loss":0,"event_name":"Dead Adventurer","floor":8,"gold_loss":0},{"damage_healed":0,"gold_gain":0,"player_choice":"Fought Bandits","damage_taken":0,"max_hp_gain":0,"max_hp_loss":0,"event_name":"Masked Bandits","floor":19,"gold_loss":0},{"damage_healed":0,"gold_gain":0,"player_choice":"Obtained Book","damage_taken":16,"max_hp_gain":0,"max_hp_loss":0,"event_name":"Cursed Tome","floor":24,"gold_loss":0},{"damage_healed":0,"gold_gain":0,"cards_transformed":["Strike_G"],"player_choice":"Transformed","damage_taken":0,"max_hp_gain":0,"max_hp_loss":0,"event_name":"Transmorgrifier","floor":27,"gold_loss":0,"cards_obtained":["Glass Knife"]},{"damage_healed":0,"gold_gain":0,"player_choice":"Upgraded","damage_taken":0,"max_hp_gain":0,"max_hp_loss":0,"event_name":"Upgrade Shrine","floor":30,"gold_loss":0,"cards_upgraded":["Envenom"]}],"is_beta":false,"boss_relics":[{"not_picked":["Runic Pyramid","Empty Cage"],"picked":"Lizard Tail"}],"items_purged_floors":[],"is_endless":false,"potions_floor_spawned":[2,10,12,19,21,22,25],"killed_by":"Snake Plant","ascension_level":0}