{"gold_per_floor":[117,133,133,145,145,145,70,84,84,97,122,122,122,122,122,217,217,228,228,243,133,146,146,157,171,171,185,214,214,230,279,279,381,381,399,399,409,487,504,504,521,521,572,588,278,327,91,106,106,106],"floor_reached":51,"playtime":2341,"items_purged":["Regret","Parasite"],"score":751,"play_id":"6ed8e759-a340-4952-87f7-37eacc7f6900","local_time":"20190503223626","is_ascension_mode":false,"campfire_choices":[{"data":"Defragment","floor":6.0,"key":"SMITH"},{"data":"White Noise","floor":13.0,"key":"SMITH"},{"floor":15.0,"key":"REST"},{"data":"Capacitor","floor":23.0,"key":"SMITH"},{"floor":32.0,"key":"REST"},{"data":"Buffer","floor":40.0,"key":"SMITH"},{"floor":42,"key":"REST"},{"data":"Loop","floor":49,"key":"SMITH"}],"neow_cost":"NONE","seed_source_timestamp":4007362411186158,"circlet_count":0,"master_deck":["Strike_B","Strike_B","Strike_B+1","Defend_B","Defend_B+1","Defend_B","Defend_B","Zap","Dualcast+1","Rainbow","Compile Driver+1","Sweeping Beam","Defragment+1","White Noise+1","Coolheaded","Leap","Sweeping Beam","Hologram","Compile Driver","Capacitor+1","Glacier+1","Undo+1","Conserve Battery","Buffer+1","Amplify+1","Loop+1","Defragment+1"],"special_seed":0,"relics":["Cracked Core","Bird Faced Urn","Sundial","War Paint","Orrery","Matryoshka","Red Mask","Vajra","Centennial Puzzle","Busted Crown","Bag of Preparation","Mummified Hand","Lantern","Runic Capacitor","Art of War","DollysMirror"],"potions_floor_usage":[50,50,50],"damage_taken":[{"damage":0.0,"enemies":"Cultist","floor":1.0,"turns":3.0},{"damage":1.0,"enemies":"Jaw Worm","floor":2.0,"turns":3.0},{"damage":0.0,"enemies":"2 Louse","floor":4.0,"turns":1.0},{"damage":4.0,"enemies":"Looter","floor":8.0,"turns":3.0},{"damage":1.0,"enemies":"Large Slime","floor":10.0,"turns":4.0},{"damage":40.0,"enemies":"Gremlin Nob","floor":11.0,"turns":6.0},{"damage":17.0,"enemies":"Hexaghost","floor":16.0,"turns":8.0},{"damage":8.0,"enemies":"Shell Parasite","floor":18.0,"turns":4.0},{"damage":9.0,"enemies":"Spheric Guardian","floor":20.0,"turns":4.0},{"damage":14.0,"enemies":"Centurion and Healer","floor":22.0,"turns":7.0},{"damage":21.0,"enemies":"Cultist and Chosen","floor":24.0,"turns":5.0},{"damage":4.0,"enemies":"Chosen and Byrds","floor":25.0,"turns":10.0},{"damage":5.0,"enemies":"Shelled Parasite and Fungi","floor":27.0,"turns":8.0},{"damage":33.0,"enemies":"Masked Bandits","floor":28.0,"turns":9.0},{"damage":1.0,"enemies":"Cultist and Chosen","floor":30.0,"turns":10.0},{"damage":15.0,"enemies":"Collector","floor":33.0,"turns":25.0},{"damage":0.0,"enemies":"3 Shapes","floor":35.0,"turns":5.0},{"damage":1.0,"enemies":"3 Darklings","floor":37.0,"turns":8.0},{"damage":20.0,"enemies":"Sphere and 2 Shapes","floor":39.0,"turns":5.0},{"damage":10.0,"enemies":"Writhing Mass","floor":41.0,"turns":8.0},{"damage":0,"enemies":"Spire Growth","floor":44,"turns":8},{"damage":0,"enemies":"Maw","floor":48,"turns":6},{"damage":0,"enemies":"Awakened One","floor":50,"turns":13}],"seed_played":"3265093207783129466","potions_obtained":[{"floor":4.0,"key":"PowerPotion"},{"floor":10.0,"key":"FocusPotion"},{"floor":16.0,"key":"Regen Potion"},{"floor":20.0,"key":"AttackPotion"},{"floor":27.0,"key":"FocusPotion"},{"floor":33.0,"key":"AttackPotion"},{"floor":44,"key":"EssenceOfSteel"}],"is_trial":false,"path_per_floor":["M","M","?","M","?","R","$","M","T","M","E","?","R","?","R","B",null,"M","?","M","$","M","R","M","M","T","M","?","$","M","T","R","B",null,"M","?","M","T","M","R","M","R","T","M","$","T","$","M","R","B",null],"character_chosen":"DEFECT","items_purchased":["FocusPotion","Capacitor","Runic Capacitor","Loop","DollysMirror"],"campfire_rested":3,"item_purchase_floors":[21,21,45,47,47],"current_hp_per_floor":[75,74,67,67,67,67,67,65,65,68,32,32,32,17,39,28,75,69,69,64,64,56,56,55,57,57,58,31,31,36,36,58,51,75,75,75,75,75,55,55,53,75,75,75,72,72,72,72,72,72],"gold":106,"neow_bonus":"ONE_RANDOM_RARE_CARD","is_prod":false,"is_daily":false,"chose_seed":false,"campfire_upgraded":5,"win_rate":0,"timestamp":1556919386,"path_taken":["M","?","?","M","?","R","$","M","T","M","E","?","R","?","R","BOSS","M","?","M","$","M","R","M","?","T","?","?","$","M","?","R","BOSS","M","?","?","?","M","R","?","R","T","M","$","?","$","?","R","BOSS"],"build_version":"2019-01-23","purchased_purges":2,"victory":true,"max_hp_per_floor":[75,75,75,75,75,75,75,75,75,75,75,75,75,75,75,75,75,75,75,75,75,75,75,75,75,75,75,75,75,75,75,75,75,75,75,75,75,75,75,75,75,75,75,75,72,72,72,72,72,72],"card_choices":[{"not_picked":["Conserve Battery","Redo"],"picked":"Compile Driver","floor":1.0},{"not_picked":["Chaos","Recycle"],"picked":"Sweeping Beam","floor":2.0},{"not_picked":["Loop","Redo"],"picked":"Defragment","floor":4.0},{"not_picked":["Sunder","Heatsinks"],"picked":"White Noise","floor":8.0},{"not_picked":["Rebound","Sweeping Beam"],"picked":"Coolheaded","floor":10.0},{"not_picked":["Self Repair","Ball Lightning"],"picked":"Leap","floor":11.0},{"not_picked":["Lockon","Beam Cell"],"picked":"Sweeping Beam","floor":17.0},{"not_picked":["Rip and Tear","Beam Cell"],"picked":"Hologram","floor":17.0},{"not_picked":["Hyperbeam","Steam"],"picked":"Compile Driver","floor":18.0},{"not_picked":["Hologram","Streamline","Turbo"],"picked":"SKIP","floor":20.0},{"not_picked":["Streamline","Hyperbeam"],"picked":"Glacier+1","floor":22.0},{"not_picked":["Beam Cell","Lockon+1","Consume"],"picked":"SKIP","floor":24.0},{"not_picked":["Aggregate+1","Barrage"],"picked":"Undo+1","floor":25.0},{"not_picked":["Gash","Redo","Compile Driver"],"picked":"SKIP","floor":27.0},{"not_picked":["Stack","Go for the Eyes"],"picked":"Conserve Battery","floor":28.0},{"not_picked":["Darkness","Leap+1"],"picked":"Buffer","floor":30.0},{"not_picked":["Echo Form","Reboot"],"picked":"Amplify","floor":33.0},{"not_picked":["Stack+1"],"picked":"SKIP","floor":35.0},{"not_picked":["Conserve Battery"],"picked":"SKIP","floor":37.0},{"not_picked":["Doom and Gloom"],"picked":"SKIP","floor":39.0},{"not_picked":["Leap"],"picked":"SKIP","floor":41.0},{"not_picked":["Steam+1"],"picked":"SKIP","floor":44},{"not_picked":["Chill"],"picked":"SKIP","floor":48}],"player_experience":808478,"relics_obtained":[{"floor":9.0,"key":"Sundial"},{"floor":11.0,"key":"War Paint"},{"floor":26.0,"key":"Matryoshka"},{"floor":28.0,"key":"Red Mask"},{"floor":31.0,"key":"Vajra"},{"floor":31.0,"key":"Centennial Puzzle"},{"floor":38.0,"key":"Bag of Preparation"},{"floor":38.0,"key":"Mummified Hand"},{"floor":43,"key":"Lantern"},{"floor":46,"key":"Art of War"}],"event_choices":[{"cards_removed":["Strike_B"],"damage_healed":0.0,"max_hp_gain":0.0,"max_hp_loss":0.0,"gold_gain":0.0,"event_name":"Golden Wing","player_choice":"Card Removal","floor":3.0,"gold_loss":0.0,"damage_taken":7.0},{"damage_healed":0.0,"max_hp_gain":0.0,"max_hp_loss":0.0,"gold_gain":0.0,"event_name":"Big Fish","player_choice":"Box","floor":5.0,"gold_loss":0.0,"damage_taken":0.0,"relics_obtained":["Bird Faced Urn"],"cards_obtained":["Regret"]},{"damage_healed":0.0,"max_hp_gain":0.0,"max_hp_loss":0.0,"gold_gain":0.0,"event_name":"Liars Game","player_choice":"Ignored","floor":12.0,"gold_loss":0.0,"damage_taken":0.0},{"damage_healed":0.0,"max_hp_gain":0.0,"max_hp_loss":0.0,"gold_gain":0.0,"event_name":"Shining Light","player_choice":"Entered Light","floor":14.0,"gold_loss":0.0,"damage_taken":15.0,"cards_upgraded":["Compile Driver","Strike_B"]},{"damage_healed":0.0,"max_hp_gain":0.0,"max_hp_loss":0.0,"gold_gain":0.0,"event_name":"N\u0027loth","player_choice":"Ignored","floor":19.0,"gold_loss":0.0,"damage_taken":0.0},{"damage_healed":0.0,"max_hp_gain":0.0,"max_hp_loss":0.0,"gold_gain":0.0,"event_name":"Masked Bandits","player_choice":"Fought Bandits","floor":28.0,"gold_loss":0.0,"damage_taken":0.0},{"damage_healed":0.0,"max_hp_gain":0.0,"max_hp_loss":0.0,"gold_gain":0.0,"event_name":"Accursed Blacksmith","player_choice":"Forge","floor":36.0,"gold_loss":0.0,"damage_taken":0.0,"cards_upgraded":["Amplify"]}],"is_beta":false,"boss_relics":[{"not_picked":["Calling Bell","Snecko Eye"],"picked":"Orrery"},{"not_picked":["White Beast Statue","Eternal Feather"],"picked":"Busted Crown"}],"items_purged_floors":[7,45],"is_endless":false,"potions_floor_spawned":[4,10,16,20,27,28,30,33,41,44,48],"ascension_level":0}