{"gold_per_floor":[110,121,121,137,137,165,165,182,208,223,223,237,300,14,14,116,116,116,116,116,116,116,116,116,46,46,46,46,46,46,46,46,46],"floor_reached":33,"playtime":1858,"items_purged":[],"score":274,"play_id":"56edc235-77aa-44ae-a255-792fddc02426","local_time":"20180817143647","is_ascension_mode":false,"campfire_choices":[{"floor":7,"key":"REST"},{"floor":11,"key":"REST"},{"floor":15,"key":"REST"},{"floor":23,"key":"REST"},{"floor":32,"key":"REST"}],"neow_cost":"NONE","seed_source_timestamp":266182121701534,"circlet_count":0,"master_deck":["Defend_G","Defend_G","Defend_G","Defend_G","Survivor","Neutralize","Predator","Caltrops","Outmaneuver+1","Acrobatics","Deflect","Slice","Terror","Trip","Poisoned Stab","Choke","Prepared","Doppelganger","Backflip","Quick Slash","All Out Attack","Bite","Bite","Bite","Bite","Bite","Flying Knee+1","Footwork","Flying Knee","Dash"],"relics":["Ring of the Snake","Vajra","Bag of Preparation","Ectoplasm","Frozen Egg 2"],"potions_floor_usage":[21,21,21],"damage_taken":[{"damage":9,"enemies":"Cultist","floor":1,"turns":5},{"damage":3,"enemies":"Small Slimes","floor":2,"turns":3},{"damage":11,"enemies":"Jaw Worm","floor":4,"turns":3},{"damage":31,"enemies":"3 Sentries","floor":6,"turns":9},{"damage":8,"enemies":"Blue Slaver","floor":8,"turns":4},{"damage":8,"enemies":"Red Slaver","floor":10,"turns":5},{"damage":12,"enemies":"Large Slime","floor":12,"turns":7},{"damage":38,"enemies":"Hexaghost","floor":16,"turns":9},{"damage":11,"enemies":"Chosen","floor":18,"turns":4},{"damage":8,"enemies":"Shell Parasite","floor":20,"turns":3},{"damage":8,"enemies":"Centurion and Healer","floor":21,"turns":4},{"damage":35,"enemies":"Chosen and Byrds","floor":24,"turns":6},{"damage":27,"enemies":"3 Cultists","floor":27,"turns":5},{"damage":32,"enemies":"Snake Plant","floor":30,"turns":4},{"damage":28,"enemies":"Automaton","floor":33,"turns":4}],"seed_played":"-6142589436202159193","potions_obtained":[{"floor":1,"key":"SkillPotion"},{"floor":6,"key":"Weak Potion"},{"floor":12,"key":"Explosive Potion"},{"floor":16,"key":"AttackPotion"},{"floor":21,"key":"Dexterity Potion"},{"floor":30,"key":"Strength Potion"}],"is_trial":false,"path_per_floor":["M","M","?","M","?","E","R","M","T","M","R","M","?","$","R","B",null,"M","?","M","M","?","R","M","$","T","M","?","$","M","?","R"],"character_chosen":"THE_SILENT","items_purchased":["Trip","Poisoned Stab","Choke","Prepared","Strength Potion","Footwork"],"campfire_rested":5,"item_purchase_floors":[14,14,14,14,14,25],"current_hp_per_floor":[68,65,65,54,54,23,46,40,40,34,57,47,47,47,70,34,77,66,66,60,54,54,77,52,52,52,29,29,29,1,1,24,0],"gold":46,"neow_bonus":"TEN_PERCENT_HP_BONUS","is_prod":false,"is_daily":false,"chose_seed":false,"campfire_upgraded":0,"win_rate":0.0,"timestamp":1534541807,"path_taken":["M","?","?","M","?","E","R","M","T","M","R","M","?","$","R","BOSS","M","?","M","?","?","R","M","?","T","M","?","$","M","?","R","BOSS"],"build_version":"2018-08-16","purchased_purges":0,"victory":false,"max_hp_per_floor":[77,77,77,77,77,77,77,77,77,77,77,77,77,77,77,77,77,77,77,77,77,77,77,77,77,77,77,77,77,77,77,77,77],"card_choices":[{"not_picked":["Flechettes","Prepared"],"picked":"Predator","floor":1},{"not_picked":["Sucker Punch","Deadly Poison"],"picked":"Caltrops","floor":2},{"not_picked":["Tactician","Caltrops"],"picked":"Outmaneuver","floor":4},{"not_picked":["Prepared","Venomology"],"picked":"Acrobatics","floor":6},{"not_picked":["Dagger Spray","Prepared"],"picked":"Deflect","floor":8},{"not_picked":["Eviscerate","Calculated Gamble"],"picked":"Slice","floor":10},{"not_picked":["Calculated Gamble","Deflect"],"picked":"Terror","floor":12},{"not_picked":["Venomology","Adrenaline"],"picked":"Doppelganger","floor":16},{"not_picked":["Deadly Poison+1","Flechettes"],"picked":"Backflip","floor":18},{"not_picked":["Riddle With Holes","Acrobatics+1"],"picked":"Quick Slash","floor":20},{"not_picked":["Predator","Quick Slash"],"picked":"All Out Attack","floor":21},{"not_picked":["Backflip","Bouncing Flask"],"picked":"Flying Knee+1","floor":24},{"not_picked":["PiercingWail","Poisoned Stab"],"picked":"Flying Knee","floor":27},{"not_picked":["PiercingWail","Dagger Throw"],"picked":"Dash","floor":30}],"player_experience":13063,"relics_obtained":[{"floor":6,"key":"Blood Vial"},{"floor":9,"key":"Bag of Preparation"},{"floor":26,"key":"Frozen Egg 2"}],"event_choices":[{"event_name":"Purifier","player_choice":"One Purge","floor":3,"damage_taken":0},{"event_name":"WeMeetAgain","player_choice":"Potion","floor":5,"damage_taken":0},{"event_name":"Golden Wing","player_choice":"Gained Gold","floor":13,"damage_taken":0},{"event_name":"Purifier","player_choice":"Skipped","floor":19,"damage_taken":0},{"event_name":"Vampires","player_choice":"Became a vampire (Vial)","floor":22,"damage_taken":0},{"event_name":"FaceTrader","player_choice":"Leave","floor":28,"damage_taken":0},{"event_name":"Upgrade Shrine","player_choice":"Upgraded","floor":31,"damage_taken":0}],"is_beta":false,"boss_relics":[{"not_picked":["Astrolabe","Tiny House"],"picked":"Ectoplasm"}],"items_purged_floors":[],"is_endless":false,"potions_floor_spawned":[1,6,12,16,20,21,30],"killed_by":"Automaton","ascension_level":0}