{"gold_per_floor":[115,115,190,200,45,71,26,52,77,88,88,88,263,280,280,280],"floor_reached":16,"playtime":658,"items_purged":[],"score":133,"play_id":"a0ef06ed-6768-453f-b9e3-85eb866aa08b","local_time":"20181215143129","is_ascension_mode":false,"campfire_choices":[{"floor":11,"key":"REST"},{"floor":15,"key":"RECALL"}],"neow_cost":"NONE","seed_source_timestamp":69955151845755,"circlet_count":0,"master_deck":["Strike_R","Strike_R","Strike_R+1","Strike_R","Strike_R","Defend_R","Defend_R","Defend_R","Defend_R+1","Bash","Spot Weakness","Flame Barrier","Uppercut","Shrug It Off","Inflame","Dual Wield+1","Regret","Doubt","Anger"],"relics":["Burning Blood","NeowsBlessing","Boot","Juzu Bracelet","Toxic Egg 2","Dream Catcher"],"potions_floor_usage":[14,16,16],"damage_taken":[{"damage":0,"enemies":"Jaw Worm","floor":1,"turns":1},{"damage":0,"enemies":"Small Slimes","floor":4,"turns":1},{"damage":0,"enemies":"Lagavulin","floor":6,"turns":1},{"damage":24,"enemies":"3 Sentries","floor":8,"turns":8},{"damage":4,"enemies":"2 Louse","floor":10,"turns":3},{"damage":5,"enemies":"Looter","floor":14,"turns":4},{"damage":74,"enemies":"The Guardian","floor":16,"turns":13}],"seed_played":"2311732072105814791","potions_obtained":[{"floor":1,"key":"Strength Potion"},{"floor":8,"key":"LiquidBronze"},{"floor":10,"key":"Fire Potion"}],"is_trial":false,"path_per_floor":["M","?","?","M","$","E","$","E","T","M","R","?","?","M","R","B"],"character_chosen":"IRONCLAD","items_purchased":["Boot","Shrug It Off"],"campfire_rested":1,"item_purchase_floors":[5,7],"current_hp_per_floor":[80,64,53,59,59,65,65,47,47,49,73,73,73,74,74,0],"gold":280,"neow_bonus":"THREE_ENEMY_KILL","is_prod":false,"is_daily":false,"chose_seed":false,"campfire_upgraded":0,"win_rate":0,"timestamp":1544913089,"path_taken":["M","?","?","?","$","E","$","E","T","M","R","?","?","M","R","BOSS"],"build_version":"2018-12-13","purchased_purges":0,"victory":false,"max_hp_per_floor":[80,80,80,80,80,80,80,80,80,80,80,80,80,80,80,80],"card_choices":[{"not_picked":["Perfected Strike","Second Wind"],"picked":"Spot Weakness","floor":1},{"not_picked":["Thunderclap","Iron Wave"],"picked":"Flame Barrier","floor":4},{"not_picked":["True Grit","Body Slam"],"picked":"Uppercut","floor":6},{"not_picked":["Dropkick","Thunderclap"],"picked":"Inflame","floor":8},{"not_picked":["Dropkick","Headbutt"],"picked":"Dual Wield+1","floor":10},{"not_picked":["Twin Strike","Hemokinesis"],"picked":"Anger","floor":14}],"player_experience":271245,"relics_obtained":[{"floor":6,"key":"Juzu Bracelet"},{"floor":8,"key":"Toxic Egg 2"}],"event_choices":[{"damage_healed":0,"gold_gain":0,"player_choice":"Entered Light","damage_taken":16,"max_hp_gain":0,"max_hp_loss":0,"event_name":"Shining Light","floor":2,"gold_loss":0,"cards_upgraded":["Strike_R","Defend_R"]},{"damage_healed":0,"gold_gain":75,"player_choice":"Gather Gold","damage_taken":11,"max_hp_gain":0,"max_hp_loss":0,"event_name":"World of Goop","floor":3,"gold_loss":0},{"damage_healed":0,"gold_gain":0,"player_choice":"Box","damage_taken":0,"relics_obtained":["Dream Catcher"],"max_hp_gain":0,"max_hp_loss":0,"event_name":"Big Fish","floor":12,"gold_loss":0,"cards_obtained":["Regret"]},{"damage_healed":0,"gold_gain":175,"player_choice":"AGREE","damage_taken":0,"max_hp_gain":0,"max_hp_loss":0,"event_name":"Liars Game","floor":13,"gold_loss":0,"cards_obtained":["Doubt"]}],"is_beta":false,"boss_relics":[],"items_purged_floors":[],"is_endless":false,"potions_floor_spawned":[1,8,10],"killed_by":"The Guardian","ascension_level":0}