{"gold_per_floor":[114,114,91,42,54,54,66,66,66,79,110,122,122,132,132,233,233,246,18,18,18],"floor_reached":21,"playtime":760,"items_purged":[],"score":188,"play_id":"d7d57975-b528-4cf3-bd59-3bf6daac847f","local_time":"20181211141034","is_ascension_mode":true,"campfire_choices":[{"data":"Impervious","floor":6,"key":"SMITH"},{"floor":15,"key":"REST"}],"neow_cost":"NONE","seed_source_timestamp":575759325543579,"circlet_count":0,"master_deck":["Bash","Anger","Impervious+1","Infernal Blade","Shockwave","Armaments","Rage","Armaments","Flame Barrier","Reaper","Perfected Strike","Wild Strike","Flex","Sword Boomerang","True Grit","True Grit","Clothesline","Pommel Strike","Twin Strike","Exhume"],"relics":["Burning Blood","Blood Vial","Paper Frog","Dodecahedron","Pandora\u0027s Box"],"potions_floor_usage":[5,10,14,18],"damage_taken":[{"damage":8,"enemies":"Small Slimes","floor":1,"turns":3},{"damage":1,"enemies":"Cultist","floor":5,"turns":3},{"damage":6,"enemies":"Jaw Worm","floor":7,"turns":2},{"damage":22,"enemies":"Gremlin Gang","floor":10,"turns":6},{"damage":21,"enemies":"Lagavulin","floor":11,"turns":5},{"damage":6,"enemies":"3 Louse","floor":12,"turns":3},{"damage":6,"enemies":"Large Slime","floor":14,"turns":6},{"damage":81,"enemies":"Hexaghost","floor":16,"turns":12},{"damage":42,"enemies":"3 Byrds","floor":18,"turns":5},{"damage":0,"enemies":"Spheric Guardian","floor":21,"turns":1}],"seed_played":"-2685911198356327313","potions_obtained":[{"floor":7,"key":"Energy Potion"},{"floor":12,"key":"EssenceOfSteel"},{"floor":14,"key":"FairyPotion"},{"floor":16,"key":"Regen Potion"}],"is_trial":false,"path_per_floor":["M","?","$","$","M","R","M","?","T","M","E","M","?","M","R","B",null,"M","$","?","M"],"character_chosen":"IRONCLAD","items_purchased":["Anger","Fire Potion","Exhume","Regen Potion"],"campfire_rested":1,"item_purchase_floors":[3,4,19,19],"current_hp_per_floor":[78,80,80,80,80,80,80,80,80,64,51,53,53,55,79,14,80,53,53,37,39],"gold":18,"neow_bonus":"RANDOM_COMMON_RELIC","is_prod":false,"is_daily":false,"chose_seed":false,"campfire_upgraded":1,"win_rate":0,"timestamp":1544566234,"path_taken":["M","?","?","$","M","R","M","?","T","M","E","?","?","M","R","BOSS","M","$","?","M"],"build_version":"2018-12-06","purchased_purges":0,"victory":false,"max_hp_per_floor":[80,80,80,80,80,80,80,80,80,80,80,80,80,80,80,80,80,80,80,80,80],"card_choices":[{"not_picked":["True Grit","Wild Strike"],"picked":"Anger","floor":1},{"not_picked":["Bloodletting","Wild Strike"],"picked":"Impervious","floor":5},{"not_picked":["Seeing Red","Shrug It Off"],"picked":"Infernal Blade","floor":7},{"not_picked":["Twin Strike","Havoc"],"picked":"Armaments","floor":10},{"not_picked":["Bloodletting","Body Slam"],"picked":"Rage","floor":11},{"not_picked":["Power Through","Hemokinesis"],"picked":"Armaments","floor":12},{"not_picked":["Burning Pact","Sword Boomerang"],"picked":"Flame Barrier","floor":14},{"not_picked":["Impervious","Offering"],"picked":"Reaper","floor":16},{"not_picked":["Clothesline","Pummel"],"picked":"Twin Strike","floor":18}],"player_experience":226819,"relics_obtained":[{"floor":9,"key":"Paper Frog"},{"floor":11,"key":"Dodecahedron"}],"event_choices":[{"cards_removed":["Anger"],"damage_healed":5,"gold_gain":0,"player_choice":"Offered Common","damage_taken":0,"max_hp_gain":0,"max_hp_loss":0,"event_name":"Bonfire Elementals","floor":2,"gold_loss":0},{"cards_removed":["Anger"],"damage_healed":5,"gold_gain":0,"player_choice":"Offered Special","damage_taken":0,"max_hp_gain":0,"max_hp_loss":0,"event_name":"Bonfire Elementals","floor":2,"gold_loss":0},{"damage_healed":0,"gold_gain":0,"cards_transformed":["Strike_R"],"player_choice":"Transformed","damage_taken":0,"max_hp_gain":0,"max_hp_loss":0,"event_name":"Transmorgrifier","floor":8,"gold_loss":0,"cards_obtained":["Shockwave"]},{"damage_healed":0,"gold_gain":0,"player_choice":"Ignored","damage_taken":0,"max_hp_gain":0,"max_hp_loss":0,"event_name":"Liars Game","floor":13,"gold_loss":0},{"damage_healed":0,"gold_gain":0,"player_choice":"Obtained Book","damage_taken":16,"max_hp_gain":0,"max_hp_loss":0,"event_name":"Cursed Tome","floor":20,"gold_loss":0}],"is_beta":false,"boss_relics":[{"not_picked":["Runic Pyramid","Eternal Feather"],"picked":"Pandora\u0027s Box"}],"items_purged_floors":[],"is_endless":false,"potions_floor_spawned":[7,12,14,16],"killed_by":"Spheric Guardian","ascension_level":1}