{"gold_per_floor":[117,135,100,60,71,131,145,15,15,28,43,124,124,138,138,215,215,232,232],"floor_reached":19,"playtime":576,"items_purged":[],"score":342,"play_id":"bd73ac3e-54de-47e1-8f89-6f51f0ade153","local_time":"20190501145025","is_ascension_mode":true,"campfire_choices":[{"floor":13,"key":"REST"},{"data":"Hologram","floor":15,"key":"SMITH"}],"neow_cost":"NONE","seed_source_timestamp":3808804105961390,"circlet_count":0,"master_deck":["AscendersBane","Strike_B","Strike_B","Strike_B","Defend_B","Defend_B","Defend_B","Defend_B","Zap","Dualcast","Hologram","Compile Driver","Gash","Ball Lightning","Sweeping Beam","Sunder","Defragment","Steam","Reinforced Body","Hologram+1","Machine Learning","Cold Snap"],"relics":["FrozenCore","Tiny Chest","Bag of Marbles","Bottled Flame"],"potions_floor_usage":[16,18,19],"damage_taken":[{"damage":2,"enemies":"Cultist","floor":1,"turns":4},{"damage":10,"enemies":"2 Louse","floor":2,"turns":2},{"damage":2,"enemies":"Jaw Worm","floor":5,"turns":3},{"damage":32,"enemies":"Lagavulin","floor":6,"turns":6},{"damage":18,"enemies":"3 Louse","floor":7,"turns":3},{"damage":3,"enemies":"2 Fungi Beasts","floor":10,"turns":2},{"damage":5,"enemies":"Gremlin Gang","floor":11,"turns":3},{"damage":6,"enemies":"Looter","floor":14,"turns":2},{"damage":8,"enemies":"Slime Boss","floor":16,"turns":6},{"damage":16,"enemies":"Shell Parasite","floor":18,"turns":8},{"damage":41,"enemies":"3 Byrds","floor":19,"turns":3}],"seed_played":"-3844870661043681664","potions_obtained":[{"floor":4,"key":"Strength Potion"},{"floor":4,"key":"SpeedPotion"},{"floor":10,"key":"PowerPotion"},{"floor":16,"key":"Block Potion"},{"floor":18,"key":"Dexterity Potion"}],"is_trial":false,"path_per_floor":["M","M","?","?","M","E","M","$","T","M","M","T","R","M","R","B",null,"M","M"],"character_chosen":"DEFECT","items_purchased":["Defragment","Steam"],"campfire_rested":1,"item_purchase_floors":[8,8],"current_hp_per_floor":[62,52,69,69,67,35,17,17,17,14,9,9,30,24,24,16,57,41,0],"gold":232,"neow_bonus":"TRANSFORM_CARD","is_prod":false,"is_daily":false,"chose_seed":false,"campfire_upgraded":1,"win_rate":0,"timestamp":1556718625,"path_taken":["M","M","?","?","?","E","M","?","T","M","M","?","R","M","R","BOSS","M","M"],"build_version":"2019-01-23","purchased_purges":0,"victory":false,"max_hp_per_floor":[71,71,71,71,71,71,71,71,71,71,71,71,71,71,71,71,71,71,71],"card_choices":[{"not_picked":["Barrage","Force Field"],"picked":"Compile Driver","floor":1},{"not_picked":["Rebound","Static Discharge"],"picked":"Gash","floor":2},{"not_picked":["Cold Snap","Rip and Tear"],"picked":"Ball Lightning","floor":5},{"not_picked":["Cold Snap","Seek"],"picked":"Sweeping Beam","floor":6},{"not_picked":["Static Discharge","Recycle"],"picked":"Sunder","floor":7},{"not_picked":["Beam Cell","Stack","Coolheaded"],"picked":"SKIP","floor":10},{"not_picked":["Hologram","Capacitor"],"picked":"Reinforced Body","floor":11},{"not_picked":["BootSequence","Self Repair"],"picked":"Hologram","floor":14},{"not_picked":["Buffer","Creative AI"],"picked":"Machine Learning","floor":16},{"not_picked":["Stack","Compile Driver"],"picked":"Cold Snap","floor":18}],"player_experience":773916,"relics_obtained":[{"floor":6,"key":"Tiny Chest"},{"floor":9,"key":"Bag of Marbles"},{"floor":12,"key":"Bottled Flame"}],"event_choices":[{"damage_healed":17,"gold_gain":0,"player_choice":"Healed","damage_taken":0,"max_hp_gain":0,"max_hp_loss":0,"event_name":"The Cleric","floor":3,"gold_loss":35},{"damage_healed":0,"gold_gain":0,"player_choice":"Bought 3 Potions","damage_taken":0,"max_hp_gain":0,"max_hp_loss":0,"event_name":"The Woman in Blue","floor":4,"gold_loss":0}],"is_beta":false,"boss_relics":[{"not_picked":["Snecko Eye","Velvet Choker"],"picked":"FrozenCore"}],"items_purged_floors":[],"is_endless":false,"potions_floor_spawned":[5,6,10,11,14,16,18],"killed_by":"3 Byrds","ascension_level":20}