{"gold_per_floor":[118,118,134,159,178,178,57,80,104,128,148,168,168,188,188,308,308,327,327,352,370,394,394,434,471,483,495],"floor_reached":27,"playtime":1388,"items_purged":[],"score":233,"play_id":"7c14480c-c726-4ff5-b81e-2001ed1433c3","local_time":"20180818015639","is_ascension_mode":false,"campfire_choices":[{"floor":6,"key":"REST"},{"floor":13,"key":"REST"},{"data":"Flex","floor":15,"key":"SMITH"},{"floor":23,"key":"REST"}],"neow_cost":"NONE","seed_source_timestamp":307443885146656,"circlet_count":0,"master_deck":["Strike_R","Strike_R","Strike_R","Strike_R","Strike_R","Defend_R","Defend_R","Defend_R","Defend_R","Bash","Seeing Red","Headbutt","Flex+1","Rage","Madness","Clash","Clash","Carnage","Twin Strike","Pommel Strike","Berserk","Impervious","Fire Breathing+1","Warcry","Rampage","Havoc+1","Infernal Blade","Cleave"],"relics":["Burning Blood","Centennial Puzzle","Golden Idol","Blood Vial","Busted Crown","Orichalcum","MawBank","Pear"],"potions_floor_usage":[],"damage_taken":[{"damage":16,"enemies":"Jaw Worm","floor":1,"turns":4},{"damage":5,"enemies":"2 Louse","floor":3,"turns":4},{"damage":15,"enemies":"Small Slimes","floor":4,"turns":3},{"damage":29,"enemies":"Gremlin Gang","floor":5,"turns":6},{"damage":7,"enemies":"Blue Slaver","floor":8,"turns":3},{"damage":0,"enemies":"Exordium Wildlife","floor":10,"turns":2},{"damage":2,"enemies":"Looter","floor":11,"turns":2},{"damage":6,"enemies":"Gremlin Gang","floor":12,"turns":4},{"damage":7,"enemies":"Large Slime","floor":14,"turns":2},{"damage":34,"enemies":"Slime Boss","floor":16,"turns":9},{"damage":45,"enemies":"3 Byrds","floor":18,"turns":7},{"damage":5,"enemies":"Spheric Guardian","floor":20,"turns":3},{"damage":27,"enemies":"Centurion and Healer","floor":21,"turns":4},{"damage":7,"enemies":"Snecko","floor":22,"turns":3},{"damage":14,"enemies":"Slavers","floor":24,"turns":5},{"damage":14,"enemies":"3 Cultists","floor":25,"turns":5},{"damage":56,"enemies":"Gremlin Leader","floor":27,"turns":4}],"seed_played":"-4416371503141527108","potions_obtained":[{"floor":1,"key":"Strength Potion"},{"floor":3,"key":"Swift Potion"},{"floor":8,"key":"BloodPotion"}],"is_trial":false,"path_per_floor":["M","?","M","M","M","R","$","M","T","M","M","M","R","M","R","B",null,"M","?","M","M","M","R","E","M","T"],"character_chosen":"IRONCLAD","items_purchased":["Madness","Clash"],"campfire_rested":3,"item_purchase_floors":[7,7],"current_hp_per_floor":[70,50,51,42,19,43,43,42,42,50,56,58,80,79,79,52,80,41,41,44,25,26,50,44,38,48,0],"gold":495,"neow_bonus":"RANDOM_COMMON_RELIC","is_prod":false,"is_daily":false,"chose_seed":false,"campfire_upgraded":1,"win_rate":0,"timestamp":1534582599,"path_taken":["M","?","M","M","M","R","$","?","T","M","?","M","R","M","R","BOSS","M","?","M","?","M","R","E","M","T","E"],"build_version":"2018-08-16","purchased_purges":0,"victory":false,"max_hp_per_floor":[80,80,80,80,80,80,80,80,80,80,80,80,80,80,80,80,80,80,80,80,80,80,80,80,80,90,90],"card_choices":[{"not_picked":["Corruption","Anger"],"picked":"Seeing Red","floor":1},{"not_picked":["Wild Strike","Iron Wave"],"picked":"Headbutt","floor":3},{"not_picked":["Clash","Cleave"],"picked":"Flex","floor":4},{"not_picked":["Sword Boomerang","Rampage"],"picked":"Rage","floor":5},{"not_picked":["Wild Strike","Armaments"],"picked":"Clash","floor":8},{"not_picked":["Disarm","Pommel Strike"],"picked":"Carnage","floor":10},{"not_picked":["Evolve","Warcry"],"picked":"Twin Strike","floor":11},{"not_picked":["Entrench","Ghostly Armor"],"picked":"Pommel Strike","floor":12},{"not_picked":["Wild Strike","True Grit"],"picked":"Berserk","floor":14},{"not_picked":["Berserk","Fiend Fire"],"picked":"Impervious","floor":16},{"not_picked":[],"picked":"Fire Breathing+1","floor":18},{"not_picked":[],"picked":"Warcry","floor":20},{"not_picked":[],"picked":"Rampage","floor":21},{"not_picked":[],"picked":"Havoc+1","floor":22},{"not_picked":[],"picked":"Infernal Blade","floor":24},{"not_picked":[],"picked":"Cleave","floor":25}],"player_experience":23474,"relics_obtained":[{"floor":9,"key":"Blood Vial"},{"floor":24,"key":"MawBank"},{"floor":26,"key":"Pear"}],"event_choices":[{"event_name":"Golden Idol","player_choice":"Take Damage","floor":2,"damage_taken":0},{"event_name":"The Mausoleum","player_choice":"Yes","floor":19,"damage_taken":0}],"is_beta":false,"boss_relics":[{"not_picked":["White Beast Statue","Fusion Hammer"],"picked":"Busted Crown"}],"items_purged_floors":[],"is_endless":false,"potions_floor_spawned":[1,3,8,10,16,20,22,24],"killed_by":"Gremlin Leader","ascension_level":0}