{"gold_per_floor":[117,117,137,147,1,1,1,1,78,136,153,172,234,244,244,349,349,368,368,381,396,142,142,142,142,142,142,11,11,30,48,48,153,153,166,266,266,266,285,304,314,334,334,334,347,257,257,269,269,269],"floor_reached":51,"playtime":1970,"items_purged":["Shame"],"score":701,"play_id":"e502f793-e1ec-4785-9e84-5404f32f9c92","local_time":"20190503213845","is_ascension_mode":false,"campfire_choices":[{"data":"Cold Snap","floor":6,"key":"SMITH"},{"data":"Ball Lightning","floor":8,"key":"SMITH"},{"data":"Sweeping Beam","floor":15,"key":"SMITH"},{"data":"Zap","floor":23,"key":"SMITH"},{"data":"Dualcast","floor":25,"key":"SMITH"},{"data":"Defend_B","floor":29,"key":"SMITH"},{"floor":32,"key":"REST"},{"data":"Core Surge","floor":49,"key":"SMITH"}],"neow_cost":"NONE","seed_source_timestamp":4004702196824089,"circlet_count":0,"master_deck":["Zap+1","Dualcast+1","Sweeping Beam+1","Ball Lightning+1","Cold Snap+1","Coolheaded+1","Coolheaded+1","Buffer+1","Compile Driver+1","Cold Snap+1","Dark Shackles+1","Buffer+1","Redo+1","Core Surge+1","Leap+1","Chill+1","Compile Driver","Redo+1","Doom and Gloom","Darkness+1","Electrodynamics+1","Fission+1","Redo+1","Buffer+1","Conserve Battery+1","Double Energy+1","Defragment+1"],"relics":["FrozenCore","NeowsBlessing","Smiling Mask","Juzu Bracelet","Toxic Egg 2","DataDisk","Tiny Chest","Frozen Egg 2","Question Card","Regal Pillow","Pandora\u0027s Box","Thread and Needle","FossilizedHelix","Art of War","Molten Egg 2"],"potions_floor_usage":[10,33,50,50,50],"damage_taken":[{"damage":0,"enemies":"Jaw Worm","floor":1,"turns":1},{"damage":0,"enemies":"Cultist","floor":3,"turns":1},{"damage":0,"enemies":"Small Slimes","floor":4,"turns":1},{"damage":18,"enemies":"Lagavulin Event","floor":10,"turns":5},{"damage":3,"enemies":"Blue Slaver","floor":11,"turns":3},{"damage":3,"enemies":"Red Slaver","floor":12,"turns":2},{"damage":2,"enemies":"3 Sentries","floor":13,"turns":9},{"damage":5,"enemies":"Looter","floor":14,"turns":2},{"damage":25,"enemies":"Hexaghost","floor":16,"turns":10},{"damage":0,"enemies":"Spheric Guardian","floor":18,"turns":6},{"damage":15,"enemies":"3 Byrds","floor":20,"turns":6},{"damage":6,"enemies":"Snake Plant","floor":21,"turns":6},{"damage":2,"enemies":"Sentry and Sphere","floor":30,"turns":7},{"damage":0,"enemies":"Centurion and Healer","floor":31,"turns":10},{"damage":82,"enemies":"Automaton","floor":33,"turns":18},{"damage":0,"enemies":"3 Darklings","floor":35,"turns":3},{"damage":0,"enemies":"Mind Bloom Boss Battle","floor":36,"turns":8},{"damage":0,"enemies":"3 Shapes","floor":39,"turns":2},{"damage":0,"enemies":"3 Darklings","floor":40,"turns":6},{"damage":0,"enemies":"Spire Growth","floor":41,"turns":6},{"damage":0,"enemies":"Jaw Worm Horde","floor":42,"turns":4},{"damage":0,"enemies":"Sphere and 2 Shapes","floor":45,"turns":5},{"damage":0,"enemies":"3 Darklings","floor":48,"turns":3},{"damage":0,"enemies":"Donu and Deca","floor":50,"turns":5}],"seed_played":"1455813773426956794","potions_obtained":[{"floor":3,"key":"GamblersBrew"},{"floor":4,"key":"FearPotion"},{"floor":11,"key":"SteroidPotion"},{"floor":20,"key":"AttackPotion"},{"floor":30,"key":"Regen Potion"},{"floor":31,"key":"FocusPotion"},{"floor":33,"key":"Regen Potion"},{"floor":40,"key":"LiquidBronze"}],"is_trial":false,"path_per_floor":["M","?","M","M","$","R","?","R","T","?","M","M","E","M","R","B",null,"M","?","M","M","$","R","$","R","T","?","$","R","M","M","R","B",null,"M","?","?","T","M","M","M","M","T","T","M","$","?","M","R","B",null],"character_chosen":"DEFECT","items_purchased":["Juzu Bracelet","Frozen Egg 2","Dark Shackles+1","Defragment+1","PowerPotion"],"campfire_rested":1,"item_purchase_floors":[5,22,28,46,46],"current_hp_per_floor":[75,75,75,75,75,75,75,75,75,57,54,51,49,44,44,19,75,75,75,60,54,54,54,54,54,54,54,54,54,52,52,75,8,75,75,75,75,75,75,75,75,75,75,75,75,75,75,75,75,75],"gold":269,"neow_bonus":"THREE_ENEMY_KILL","is_prod":false,"is_daily":false,"chose_seed":false,"campfire_upgraded":7,"win_rate":0,"timestamp":1556915925,"path_taken":["M","?","M","M","$","R","?","R","T","?","M","M","E","M","R","BOSS","M","?","M","M","$","R","$","R","T","?","$","R","M","M","R","BOSS","M","?","?","?","M","M","M","M","T","?","M","$","?","M","R","BOSS"],"build_version":"2019-01-23","purchased_purges":1,"victory":true,"max_hp_per_floor":[75,75,75,75,75,75,75,75,75,75,75,75,75,75,75,75,75,75,75,75,75,75,75,75,75,75,75,75,75,75,75,75,75,75,75,75,75,75,75,75,75,75,75,75,75,75,75,75,75,75],"card_choices":[{"not_picked":["Barrage","Darkness"],"picked":"Sweeping Beam","floor":1},{"not_picked":["Consume","Turbo"],"picked":"Ball Lightning","floor":3},{"not_picked":["Compile Driver","Sweeping Beam"],"picked":"Cold Snap","floor":4},{"not_picked":["Fusion+1","Sweeping Beam"],"picked":"Coolheaded+1","floor":10},{"not_picked":["Sweeping Beam","Reprogram+1"],"picked":"Coolheaded+1","floor":11},{"not_picked":["Streamline","Hologram+1","Blizzard"],"picked":"SKIP","floor":12},{"not_picked":["Scrape","Gash","Go for the Eyes"],"picked":"SKIP","floor":13},{"not_picked":["Fission+1","Turbo+1","Fusion+1"],"picked":"SKIP","floor":14},{"not_picked":["Meteor Strike","Multi-Cast+1"],"picked":"Buffer","floor":16},{"not_picked":["Steam+1","Chaos+1"],"picked":"Compile Driver+1","floor":18},{"not_picked":["Hologram+1","Compile Driver"],"picked":"Cold Snap+1","floor":20},{"not_picked":["Go for the Eyes+1","Force Field+1","Chaos+1"],"picked":"SKIP","floor":21},{"not_picked":["Redo+1","Barrage","Cold Snap+1"],"picked":"Buffer+1","floor":30},{"not_picked":["Sunder","Scrape+1","Ball Lightning"],"picked":"Redo+1","floor":31},{"not_picked":["Hyperbeam","Reboot+1","All For One"],"picked":"Core Surge","floor":33},{"not_picked":["Turbo+1","Aggregate+1","Hologram+1"],"picked":"Redo+1","floor":35},{"not_picked":["Beam Cell+1","Coolheaded+1","Streamline"],"picked":"Conserve Battery+1","floor":36},{"not_picked":["Go for the Eyes","Barrage","Stack+1"],"picked":"Buffer+1","floor":39},{"not_picked":["Lockon","Self Repair+1","Chill+1"],"picked":"Conserve Battery+1","floor":40},{"not_picked":["Conserve Battery+1","Genetic Algorithm+1","Heatsinks+1"],"picked":"Double Energy+1","floor":41},{"not_picked":["Ball Lightning","Turbo+1","Streamline+1","Hologram+1"],"picked":"SKIP","floor":42},{"not_picked":["Storm+1","Turbo+1","Steam Power+1","Auto Shields+1"],"picked":"SKIP","floor":45},{"not_picked":["Turbo+1","Leap+1","Force Field+1","Rip and Tear+1"],"picked":"SKIP","floor":48}],"player_experience":806508,"relics_obtained":[{"floor":2,"key":"Smiling Mask"},{"floor":9,"key":"Toxic Egg 2"},{"floor":10,"key":"DataDisk"},{"floor":13,"key":"Tiny Chest"},{"floor":26,"key":"Question Card"},{"floor":36,"key":"Thread and Needle"},{"floor":38,"key":"FossilizedHelix"},{"floor":43,"key":"Art of War"},{"floor":44,"key":"Molten Egg 2"}],"event_choices":[{"damage_healed":0,"gold_gain":0,"player_choice":"Relic","damage_taken":0,"max_hp_gain":0,"max_hp_loss":0,"event_name":"Wheel of Change","floor":2,"gold_loss":0},{"damage_healed":0,"gold_gain":0,"player_choice":"Ignored","damage_taken":0,"max_hp_gain":0,"max_hp_loss":0,"event_name":"Golden Wing","floor":7,"gold_loss":0},{"damage_healed":0,"gold_gain":0,"player_choice":"Searched \u00272\u0027 times","damage_taken":0,"max_hp_gain":0,"max_hp_loss":0,"event_name":"Dead Adventurer","floor":10,"gold_loss":0},{"damage_healed":0,"gold_gain":0,"player_choice":"Upgraded","damage_taken":0,"max_hp_gain":0,"max_hp_loss":0,"event_name":"Upgrade Shrine","floor":19,"gold_loss":0,"cards_upgraded":["Buffer"]},{"damage_healed":0,"gold_gain":0,"player_choice":"Stole Relic","damage_taken":0,"relics_obtained":["Regal Pillow"],"max_hp_gain":0,"max_hp_loss":0,"event_name":"Addict","floor":27,"gold_loss":0,"cards_obtained":["Shame"]},{"damage_healed":0,"gold_gain":0,"player_choice":"Fight","damage_taken":0,"max_hp_gain":0,"max_hp_loss":0,"event_name":"MindBloom","floor":36,"gold_loss":0},{"damage_healed":0,"gold_gain":0,"player_choice":"Ignored","damage_taken":0,"max_hp_gain":0,"max_hp_loss":0,"event_name":"Tomb of Lord Red Mask","floor":37,"gold_loss":0},{"cards_removed":["Conserve Battery"],"damage_healed":0,"gold_gain":0,"player_choice":"Removed Skill","damage_taken":0,"max_hp_gain":0,"max_hp_loss":0,"event_name":"Falling","floor":47,"gold_loss":0}],"is_beta":false,"boss_relics":[{"not_picked":["Sozu","Ectoplasm"],"picked":"FrozenCore"},{"not_picked":["Velvet Choker","Philosopher\u0027s Stone"],"picked":"Pandora\u0027s Box"}],"items_purged_floors":[28],"is_endless":false,"potions_floor_spawned":[3,4,11,20,30,31,33,40,42,45],"ascension_level":0}