{"gold_per_floor":[144,35,35,80,125,125,215,215,265,310,355,355,400,400,400,700,700,745,745,705,750,30,30],"floor_reached":23,"playtime":778,"items_purged":["Strike_B"],"score":216,"play_id":"2d247126-9abd-4f50-bed8-8a98c8fc7311","local_time":"20190417222411","daily_mods":["Specialized","Vintage","Midas"],"is_ascension_mode":false,"campfire_choices":[{"floor":6,"key":"REST"},{"floor":8,"key":"REST"},{"floor":12,"key":"REST"},{"floor":15,"key":"REST"}],"neow_cost":"","seed_source_timestamp":0,"circlet_count":0,"master_deck":["Strike_B","Strike_B","Defend_B","Defend_B","Defend_B+1","Zap","Dualcast","Rebound+1","Rebound","Rebound","Rebound+1","Rebound","Self Repair+1","Rip and Tear","Amplify","Metamorphosis+1","Conserve Battery+1"],"special_seed":18004,"relics":["Cracked Core","Dodecahedron","Blood Vial","Shuriken","Meat on the Bone","Boot","Bottled Lightning","Regal Pillow","Ancient Tea Set","Happy Flower","Empty Cage","Centennial Puzzle","Nilry\u0027s Codex","Toxic Egg 2","Sling","Bag of Marbles","Oddly Smooth Stone"],"potions_floor_usage":[11,13,16],"damage_taken":[{"damage":2,"enemies":"Small Slimes","floor":1,"turns":2},{"damage":0,"enemies":"2 Louse","floor":4,"turns":2},{"damage":0,"enemies":"Jaw Worm","floor":5,"turns":3},{"damage":34,"enemies":"Lagavulin","floor":7,"turns":6},{"damage":13,"enemies":"2 Fungi Beasts","floor":10,"turns":3},{"damage":15,"enemies":"Gremlin Gang","floor":11,"turns":4},{"damage":11,"enemies":"Exordium Wildlife","floor":13,"turns":3},{"damage":48,"enemies":"The Guardian","floor":16,"turns":6},{"damage":29,"enemies":"3 Byrds","floor":18,"turns":4},{"damage":10,"enemies":"Chosen","floor":21,"turns":4},{"damage":65,"enemies":"Gremlin Leader","floor":23,"turns":7}],"seed_played":"-4024911570082513858","potions_obtained":[{"floor":10,"key":"Energy Potion"},{"floor":11,"key":"FocusPotion"},{"floor":13,"key":"FocusPotion"}],"is_trial":false,"path_per_floor":["M","$","?","M","M","R","E","R","T","M","M","R","M","?","R","B",null,"M","?","?","M","$","E"],"character_chosen":"DEFECT","items_purchased":["Self Repair","Sling","Bag of Marbles","Oddly Smooth Stone","Metamorphosis+1","Conserve Battery+1"],"campfire_rested":4,"item_purchase_floors":[2,22,22,22,22,22],"current_hp_per_floor":[73,73,58,58,67,75,48,70,70,66,60,75,71,68,75,46,75,53,37,37,61,61,0],"gold":30,"neow_bonus":"","is_prod":false,"is_daily":true,"chose_seed":false,"campfire_upgraded":0,"win_rate":0,"timestamp":1555565051,"path_taken":["M","$","?","M","M","R","E","R","T","M","M","R","M","?","R","BOSS","M","?","?","M","$","E"],"build_version":"2019-01-23","purchased_purges":1,"victory":false,"max_hp_per_floor":[75,75,75,75,75,75,75,75,75,75,75,75,75,75,75,75,75,75,75,75,75,75,75],"card_choices":[{"not_picked":["Steam Power","Stack"],"picked":"Rip and Tear","floor":7},{"not_picked":["Rainbow","Fission"],"picked":"Amplify","floor":16}],"player_experience":432885,"relics_obtained":[{"floor":1,"key":"Dodecahedron"},{"floor":4,"key":"Blood Vial"},{"floor":5,"key":"Shuriken"},{"floor":7,"key":"Meat on the Bone"},{"floor":9,"key":"Boot"},{"floor":10,"key":"Bottled Lightning"},{"floor":11,"key":"Regal Pillow"},{"floor":13,"key":"Ancient Tea Set"},{"floor":18,"key":"Centennial Puzzle"},{"floor":19,"key":"Nilry\u0027s Codex"},{"floor":21,"key":"Toxic Egg 2"}],"event_choices":[{"damage_healed":0,"gold_gain":0,"player_choice":"Entered Light","damage_taken":15,"max_hp_gain":0,"max_hp_loss":0,"event_name":"Shining Light","floor":3,"gold_loss":0,"cards_upgraded":["Defend_B","Rebound"]},{"damage_healed":0,"gold_gain":0,"player_choice":"Success","damage_taken":3,"relics_obtained":["Happy Flower"],"max_hp_gain":0,"max_hp_loss":0,"event_name":"Scrap Ooze","floor":14,"gold_loss":0},{"damage_healed":0,"gold_gain":0,"player_choice":"Obtained Book","damage_taken":16,"max_hp_gain":0,"max_hp_loss":0,"event_name":"Cursed Tome","floor":19,"gold_loss":0},{"damage_healed":0,"gold_gain":0,"player_choice":"Upgraded Two","damage_taken":0,"max_hp_gain":0,"max_hp_loss":0,"event_name":"Designer","floor":20,"gold_loss":40,"cards_upgraded":["Rebound","Self Repair"]}],"is_beta":false,"boss_relics":[{"not_picked":["Velvet Choker","Philosopher\u0027s Stone"],"picked":"Empty Cage"}],"items_purged_floors":[2],"is_endless":false,"potions_floor_spawned":[10,11,13],"killed_by":"Gremlin Leader","ascension_level":0}