{"gold_per_floor":[113,113,113,113,130,130,147,162,215,215,62,16,28,47,47,47],"floor_reached":16,"playtime":947,"items_purged":[],"score":92,"play_id":"a9e07658-e659-4989-9ebf-a20f37a128ab","local_time":"20181206183559","is_ascension_mode":false,"campfire_choices":[{"floor":6,"key":"REST"},{"floor":15,"key":"REST"}],"neow_cost":"NONE","seed_source_timestamp":159505655046400,"circlet_count":0,"master_deck":["Defend_G","Defend_G","Defend_G","Defend_G","Strike_G","Strike_G","Strike_G","Strike_G","Strike_G","Survivor","Neutralize","After Image+1","Flying Knee","Sucker Punch","Finisher","Underhanded Strike","Panacea","Crippling Poison","Deflect","Leg Sweep","Skewer"],"relics":["Ring of the Snake","Bag of Marbles","Smiling Mask"],"potions_floor_usage":[],"damage_taken":[{"damage":7,"enemies":"2 Louse","floor":1,"turns":3},{"damage":6,"enemies":"Jaw Worm","floor":5,"turns":4},{"damage":0,"enemies":"Small Slimes","floor":7,"turns":3},{"damage":10,"enemies":"Red Slaver","floor":8,"turns":4},{"damage":2,"enemies":"2 Fungi Beasts","floor":13,"turns":3},{"damage":15,"enemies":"Exordium Thugs","floor":14,"turns":6},{"damage":64,"enemies":"Hexaghost","floor":16,"turns":16}],"seed_played":"-7453041276028035370","potions_obtained":[{"floor":1,"key":"LiquidBronze"},{"floor":4,"key":"FairyPotion"},{"floor":4,"key":"PowerPotion"}],"is_trial":false,"path_per_floor":["M","?","?","?","M","R","M","M","T","?","$","$","M","M","R","B"],"character_chosen":"THE_SILENT","items_purchased":["Panacea","Crippling Poison","Deflect"],"campfire_rested":2,"item_purchase_floors":[11,11,12],"current_hp_per_floor":[63,45,45,45,39,60,60,50,50,50,50,50,48,33,54,0],"gold":47,"neow_bonus":"ONE_RANDOM_RARE_CARD","is_prod":false,"is_daily":false,"chose_seed":false,"campfire_upgraded":0,"win_rate":0.0,"timestamp":1544150159,"path_taken":["M","?","?","?","?","R","M","M","T","?","?","$","M","M","R","BOSS"],"build_version":"2018-11-15","purchased_purges":0,"victory":false,"max_hp_per_floor":[70,70,70,70,70,70,70,70,70,70,70,70,70,70,70,70],"card_choices":[{"not_picked":["Blur","Acrobatics"],"picked":"Flying Knee","floor":1},{"not_picked":["Dagger Throw","Quick Slash"],"picked":"Sucker Punch","floor":5},{"not_picked":["Dagger Throw","Prepared"],"picked":"Finisher","floor":7},{"not_picked":["Bane","Blade Dance"],"picked":"Underhanded Strike","floor":8},{"not_picked":["Reflex","PiercingWail"],"picked":"Leg Sweep","floor":13},{"not_picked":["Riddle With Holes","Sucker Punch"],"picked":"Skewer","floor":14}],"player_experience":123594,"relics_obtained":[{"floor":9,"key":"Smiling Mask"}],"event_choices":[{"damage_healed":0,"gold_gain":0,"player_choice":"Success","damage_taken":18,"relics_obtained":["Bag of Marbles"],"max_hp_gain":0,"max_hp_loss":0,"event_name":"Scrap Ooze","floor":2,"gold_loss":0},{"damage_healed":0,"gold_gain":0,"player_choice":"Grow","damage_taken":0,"max_hp_gain":0,"max_hp_loss":0,"event_name":"Living Wall","floor":3,"gold_loss":0,"cards_upgraded":["After Image"]},{"damage_healed":0,"gold_gain":0,"player_choice":"Got Potions","damage_taken":0,"max_hp_gain":0,"max_hp_loss":0,"event_name":"Lab","floor":4,"gold_loss":0},{"cards_removed":["Defend_G"],"damage_healed":0,"gold_gain":0,"player_choice":"Purged","damage_taken":0,"max_hp_gain":0,"max_hp_loss":0,"event_name":"Purifier","floor":10,"gold_loss":0}],"is_beta":false,"boss_relics":[],"items_purged_floors":[],"is_endless":false,"potions_floor_spawned":[1,7],"killed_by":"Hexaghost","ascension_level":0}