{"gold_per_floor":[116,116,126,276,276,309,320,330,330,32,60,72,84,97,97,168,168,180,105,115,115,126,126,153,173,173,173,189,139,139,149,149,224,224,243,157,168,11,30,30,55,55,55,69,79,79,89,108,108,108],"floor_reached":50,"playtime":4581,"items_purged":["Doubt","Injury"],"score":1170,"play_id":"b35b9037-7bb8-4b43-b9e3-a72f4e312dde","local_time":"20190504062522","is_ascension_mode":true,"campfire_choices":[{"floor":15.0,"key":"REST"},{"data":"Envenom","floor":23.0,"key":"SMITH"},{"floor":27.0,"key":"REST"},{"floor":30.0,"key":"REST"},{"data":"Footwork","floor":32.0,"key":"SMITH"},{"floor":40,"key":"REST"},{"floor":42,"key":"RECALL"},{"floor":49,"key":"REST"}],"neow_cost":"NONE","seed_source_timestamp":212230230990395,"circlet_count":0,"master_deck":["AscendersBane","Defend_G","Defend_G","Defend_G","Defend_G","Defend_G","Strike_G","Survivor","Neutralize","Flying Knee","Footwork+1","Masterful Stab","Leg Sweep","Cloak And Dagger","Heel Hook","Catalyst","Corpse Explosion","Envenom+1","Bane","Escape Plan","Malaise","Escape Plan","Acrobatics","Envenom","Noxious Fumes","Caltrops","Doubt","PiercingWail+1","Prepared+1","Crippling Poison+1"],"special_seed":0,"relics":["Ring of the Snake","NeowsBlessing","Vajra","Gremlin Horn","Lantern","TwistedFunnel","Oddly Smooth Stone","Cursed Key","Bird Faced Urn","Empty Cage","Peace Pipe","Centennial Puzzle","Toxic Egg 2"],"potions_floor_usage":[41,44,44],"damage_taken":[{"damage":0.0,"enemies":"Jaw Worm","floor":1.0,"turns":1.0},{"damage":0.0,"enemies":"Cultist","floor":3.0,"turns":1.0},{"damage":0.0,"enemies":"Lagavulin","floor":6.0,"turns":1.0},{"damage":0.0,"enemies":"Small Slimes","floor":7.0,"turns":2.0},{"damage":1.0,"enemies":"Looter","floor":8.0,"turns":4.0},{"damage":31.0,"enemies":"3 Sentries","floor":11.0,"turns":16.0},{"damage":0.0,"enemies":"Exordium Thugs","floor":12.0,"turns":4.0},{"damage":0.0,"enemies":"Large Slime","floor":13.0,"turns":7.0},{"damage":0.0,"enemies":"Red Slaver","floor":14.0,"turns":2.0},{"damage":0.0,"enemies":"The Guardian","floor":16.0,"turns":9.0},{"damage":8.0,"enemies":"Chosen","floor":18.0,"turns":4.0},{"damage":23.0,"enemies":"Spheric Guardian","floor":20.0,"turns":7.0},{"damage":0.0,"enemies":"Centurion and Healer","floor":22.0,"turns":5.0},{"damage":10.0,"enemies":"Book of Stabbing","floor":24.0,"turns":6.0},{"damage":6.0,"enemies":"Chosen and Byrds","floor":25.0,"turns":4.0},{"damage":19.0,"enemies":"Cultist and Chosen","floor":28.0,"turns":8.0},{"damage":0.0,"enemies":"Snake Plant","floor":31.0,"turns":7.0},{"damage":27.0,"enemies":"Automaton","floor":33.0,"turns":14.0},{"damage":18.0,"enemies":"3 Darklings","floor":35.0,"turns":3.0},{"damage":12.0,"enemies":"3 Shapes","floor":37.0,"turns":4.0},{"damage":9,"enemies":"3 Darklings","floor":39,"turns":2},{"damage":4,"enemies":"Nemesis","floor":41,"turns":7},{"damage":18,"enemies":"Transient","floor":44,"turns":6},{"damage":30,"enemies":"Spire Growth","floor":45,"turns":6},{"damage":0,"enemies":"3 Darklings","floor":47,"turns":2},{"damage":6,"enemies":"4 Shapes","floor":48,"turns":6},{"damage":52,"enemies":"Donu and Deca","floor":50,"turns":7}],"seed_played":"-2825929567600058935","potions_obtained":[{"floor":6.0,"key":"Dexterity Potion"},{"floor":7.0,"key":"FearPotion"},{"floor":8.0,"key":"SkillPotion"},{"floor":11.0,"key":"Poison Potion"},{"floor":14.0,"key":"Regen Potion"},{"floor":16.0,"key":"Fire Potion"},{"floor":22.0,"key":"Dexterity Potion"},{"floor":28.0,"key":"AttackPotion"},{"floor":33.0,"key":"GamblersBrew"},{"floor":39,"key":"AttackPotion"},{"floor":41,"key":"Fire Potion"},{"floor":45,"key":"LiquidBronze"}],"is_trial":false,"path_per_floor":["M","?","M","?","?","E","M","M","T","$","E","M","M","M","R","B",null,"M","?","M","T","M","R","E","M","T","R","M","?","R","M","R","B",null,"M","?","M","$","M","R","E","R","T","M","M","T","M","M","R","B"],"character_chosen":"THE_SILENT","items_purchased":["TwistedFunnel","Explosive Potion"],"campfire_rested":5,"item_purchase_floors":[10,38],"current_hp_per_floor":[59,59,59,59,33,33,33,32,32,32,1,1,1,1,20,35,58,50,50,27,27,27,27,17,15,15,34,19,19,38,42,42,19,54,42,42,32,32,23,42,48,48,48,40,18,18,22,24,43,0],"gold":108,"neow_bonus":"THREE_ENEMY_KILL","is_prod":false,"is_daily":false,"chose_seed":false,"campfire_upgraded":2,"win_rate":0,"timestamp":1556943922,"path_taken":["M","?","?","?","?","E","M","M","T","$","E","M","M","M","R","BOSS","M","?","M","?","M","R","E","M","T","R","?","?","R","M","R","BOSS","M","?","M","$","M","R","E","R","T","M","M","?","M","M","R","BOSS"],"build_version":"2019-01-23","purchased_purges":2,"victory":false,"max_hp_per_floor":[66,66,66,66,66,66,66,66,66,66,66,66,66,66,66,66,66,66,66,66,66,66,66,66,66,66,66,66,66,66,66,66,66,66,66,66,66,66,66,66,66,66,66,66,66,66,66,66,66,66],"card_choices":[{"not_picked":["Underhanded Strike","Outmaneuver"],"picked":"Flying Knee","floor":1.0},{"not_picked":["Slice","Skewer"],"picked":"Footwork","floor":3.0},{"not_picked":["Backflip","Flying Knee"],"picked":"Masterful Stab","floor":6.0},{"not_picked":["Prepared","Acrobatics","Dagger Spray"],"picked":"SKIP","floor":7.0},{"not_picked":["Flying Knee","Eviscerate"],"picked":"Leg Sweep","floor":8.0},{"not_picked":["Burst","Dagger Throw"],"picked":"Cloak And Dagger","floor":11.0},{"not_picked":["Flechettes","Accuracy"],"picked":"Heel Hook","floor":12.0},{"not_picked":["Deadly Poison","Poisoned Stab"],"picked":"Catalyst","floor":13.0},{"not_picked":["Deflect","Flying Knee"],"picked":"Corpse Explosion","floor":14.0},{"not_picked":["Bullet Time","Tools of the Trade"],"picked":"Envenom","floor":16.0},{"not_picked":["Sucker Punch","Flying Knee","Masterful Stab"],"picked":"SKIP","floor":18.0},{"not_picked":["Deadly Poison","Blade Dance"],"picked":"Bane","floor":20.0},{"not_picked":["Distraction","Sucker Punch"],"picked":"Escape Plan","floor":22.0},{"not_picked":["Backstab","Finisher"],"picked":"Malaise","floor":24.0},{"not_picked":["Sucker Punch","Flechettes"],"picked":"Escape Plan","floor":25.0},{"not_picked":["Dagger Throw","Deflect"],"picked":"Acrobatics","floor":28.0},{"not_picked":["Endless Agony","Bane","Setup"],"picked":"SKIP","floor":31.0},{"not_picked":["Bullet Time","Grand Finale"],"picked":"Envenom","floor":33.0},{"not_picked":["Accuracy","Terror","Poisoned Stab+1"],"picked":"SKIP","floor":35.0},{"not_picked":["Predator","Cloak And Dagger"],"picked":"Noxious Fumes","floor":37},{"not_picked":["Backflip","Choke"],"picked":"Caltrops","floor":39},{"not_picked":["Underhanded Strike+1","Dagger Spray","All Out Attack"],"picked":"SKIP","floor":41},{"not_picked":["Slice+1","Dagger Throw"],"picked":"PiercingWail+1","floor":44},{"not_picked":["Riddle With Holes","Slice","Grand Finale"],"picked":"SKIP","floor":45},{"not_picked":["Bane+1","Sucker Punch"],"picked":"Prepared+1","floor":47},{"not_picked":["Blade Dance+1","Expertise+1"],"picked":"Crippling Poison+1","floor":48}],"player_experience":1972622,"relics_obtained":[{"floor":6.0,"key":"Gremlin Horn"},{"floor":9.0,"key":"Lantern"},{"floor":11.0,"key":"Oddly Smooth Stone"},{"floor":24.0,"key":"Bird Faced Urn"},{"floor":41,"key":"Centennial Puzzle"},{"floor":43,"key":"Toxic Egg 2"}],"event_choices":[{"cards_removed":["Strike_G"],"damage_healed":0.0,"max_hp_gain":0.0,"max_hp_loss":0.0,"gold_gain":0.0,"event_name":"Purifier","player_choice":"Purged","floor":2.0,"gold_loss":0.0,"damage_taken":0.0},{"damage_healed":0.0,"max_hp_gain":0.0,"max_hp_loss":0.0,"gold_gain":150.0,"event_name":"Liars Game","player_choice":"AGREE","floor":4.0,"gold_loss":0.0,"damage_taken":0.0,"cards_obtained":["Doubt"]},{"damage_healed":0.0,"max_hp_gain":0.0,"max_hp_loss":0.0,"gold_gain":0.0,"event_name":"Scrap Ooze","player_choice":"Success","floor":5.0,"gold_loss":0.0,"damage_taken":26.0,"relics_obtained":["Vajra"]},{"cards_removed":["Strike_G"],"damage_healed":0.0,"max_hp_gain":0.0,"max_hp_loss":0.0,"gold_gain":0.0,"event_name":"Beggar","player_choice":"Gave Gold","floor":19.0,"gold_loss":75.0,"damage_taken":0.0},{"damage_healed":0.0,"max_hp_gain":0.0,"max_hp_loss":0.0,"gold_gain":0.0,"event_name":"The Joust","player_choice":"Bet on Murderer","floor":29.0,"gold_loss":50.0,"damage_taken":0.0},{"damage_healed":0.0,"max_hp_gain":0.0,"max_hp_loss":0.0,"gold_gain":0.0,"event_name":"WeMeetAgain","player_choice":"Paid Gold","floor":36.0,"gold_loss":86.0,"damage_taken":0.0,"relics_obtained":["Peace Pipe"]}],"is_beta":false,"boss_relics":[{"not_picked":["Velvet Choker","HoveringKite"],"picked":"Cursed Key"},{"not_picked":["Calling Bell","Runic Dome"],"picked":"Empty Cage"}],"items_purged_floors":[10,38],"is_endless":false,"potions_floor_spawned":[6,7,8,11,14,16,22,28,33,39,41,45],"killed_by":"Donu and Deca","ascension_level":20}