{"gold_per_floor":[209,209,221,236,247,261,261,261,261,261,275,288,288,320,320,424,424,439,439,364,353,371,19,19,51,74,94,94],"floor_reached":28,"playtime":2574,"items_purged":["Strike_G","Strike_G"],"score":222,"play_id":"82abc91a-bfb6-4452-95a8-c21067878998","local_time":"20190412152736","is_ascension_mode":false,"campfire_choices":[{"data":"Corpse Explosion","floor":7,"key":"SMITH"},{"data":"Bouncing Flask","floor":13,"key":"SMITH"},{"floor":15,"key":"REST"},{"data":"Burst","floor":24,"key":"SMITH"}],"neow_cost":"NONE","seed_source_timestamp":21963911829843,"circlet_count":0,"master_deck":["Defend_G","Defend_G","Defend_G","Defend_G","Strike_G","Strike_G","Survivor","Neutralize","Well Laid Plans","Corpse Explosion+1","Neutralize","Finisher","Flying Knee+1","Bouncing Flask+1","Flying Knee+1","Burst+1","Blur","RitualDagger+1","Bouncing Flask"],"relics":["Ring of the Snake","Molten Egg 2","Sundial","WristBlade","Question Card","Red Mask","PreservedInsect"],"potions_floor_usage":[14,16,22,25],"damage_taken":[{"damage":5,"enemies":"Cultist","floor":1,"turns":6},{"damage":2,"enemies":"2 Louse","floor":3,"turns":3},{"damage":5,"enemies":"Small Slimes","floor":4,"turns":4},{"damage":7,"enemies":"3 Louse","floor":5,"turns":3},{"damage":18,"enemies":"Exordium Wildlife","floor":6,"turns":4},{"damage":4,"enemies":"Exordium Thugs","floor":11,"turns":2},{"damage":3,"enemies":"Looter","floor":12,"turns":4},{"damage":9,"enemies":"3 Sentries","floor":14,"turns":3},{"damage":16,"enemies":"Hexaghost","floor":16,"turns":8},{"damage":10,"enemies":"Chosen","floor":18,"turns":3},{"damage":9,"enemies":"2 Thieves","floor":21,"turns":4},{"damage":12,"enemies":"Shelled Parasite and Fungi","floor":22,"turns":5},{"damage":27,"enemies":"Masked Bandits","floor":25,"turns":3},{"damage":17,"enemies":"Chosen and Byrds","floor":27,"turns":5},{"damage":1,"enemies":"Centurion and Healer","floor":28,"turns":1}],"seed_played":"-7667920830434505349","potions_obtained":[{"floor":1,"key":"FearPotion"},{"floor":3,"key":"Regen Potion"},{"floor":12,"key":"Energy Potion"},{"floor":16,"key":"Block Potion"},{"floor":21,"key":"Fire Potion"},{"floor":22,"key":"Regen Potion"}],"is_trial":false,"path_per_floor":["M","?","M","M","M","M","R","?","T","?","M","M","R","E","R","B",null,"M","?","$","M","M","$","R","?","T","M","M"],"character_chosen":"THE_SILENT","items_purchased":["Question Card"],"campfire_rested":1,"item_purchase_floors":[23],"current_hp_per_floor":[65,65,63,58,51,33,33,26,26,26,22,19,19,19,40,24,70,60,54,54,45,33,33,33,18,18,1,0],"gold":94,"neow_bonus":"HUNDRED_GOLD","is_prod":false,"is_daily":false,"chose_seed":false,"campfire_upgraded":3,"win_rate":0.0,"timestamp":1555075656,"path_taken":["M","?","?","M","M","M","R","?","T","?","?","M","R","E","R","BOSS","M","?","$","M","M","$","R","?","T","M","M"],"build_version":"2019-01-23","purchased_purges":2,"victory":false,"max_hp_per_floor":[70,70,70,70,70,70,70,70,70,70,70,70,70,70,70,70,70,70,70,70,70,70,70,70,70,70,70,70],"card_choices":[{"not_picked":["Quick Slash","Dagger Throw"],"picked":"Well Laid Plans","floor":1},{"not_picked":["Footwork","Blade Dance","Heel Hook"],"picked":"SKIP","floor":3},{"not_picked":["Eviscerate","Skewer"],"picked":"Finisher","floor":4},{"not_picked":["Prepared","Sucker Punch","Bane"],"picked":"SKIP","floor":5},{"not_picked":["All Out Attack","Bane","Backflip"],"picked":"SKIP","floor":6},{"not_picked":["PiercingWail","Quick Slash+1"],"picked":"Flying Knee+1","floor":11},{"not_picked":["Expertise","Flying Knee+1"],"picked":"Bouncing Flask","floor":12},{"not_picked":["Glass Knife+1","PiercingWail"],"picked":"Flying Knee+1","floor":14},{"not_picked":["Unload+1","Night Terror"],"picked":"Burst","floor":16},{"not_picked":["Riddle With Holes+1","Dagger Spray+1"],"picked":"Blur","floor":18},{"not_picked":["Quick Slash+1","Dagger Throw+1","PiercingWail"],"picked":"SKIP","floor":21},{"not_picked":["Poisoned Stab+1","Outmaneuver","Bane+1"],"picked":"SKIP","floor":22},{"not_picked":["Calculated Gamble","Expertise+1","Underhanded Strike+1"],"picked":"Bouncing Flask","floor":25},{"not_picked":["PiercingWail","Eviscerate+1","Caltrops","Bane+1"],"picked":"SKIP","floor":27}],"player_experience":91509,"relics_obtained":[{"floor":9,"key":"Molten Egg 2"},{"floor":14,"key":"Sundial"},{"floor":25,"key":"Red Mask"},{"floor":26,"key":"PreservedInsect"}],"event_choices":[{"damage_healed":0,"gold_gain":0,"player_choice":"2 cards matched","damage_taken":0,"max_hp_gain":0,"max_hp_loss":0,"event_name":"Match and Keep!","floor":2,"gold_loss":0,"cards_obtained":["Corpse Explosion","Neutralize"]},{"cards_removed":["Strike_G"],"damage_healed":0,"gold_gain":0,"player_choice":"Card Removal","damage_taken":7,"max_hp_gain":0,"max_hp_loss":0,"event_name":"Golden Wing","floor":8,"gold_loss":0},{"cards_removed":["Defend_G"],"damage_healed":0,"gold_gain":0,"player_choice":"Purged","damage_taken":0,"max_hp_gain":0,"max_hp_loss":0,"event_name":"Purifier","floor":10,"gold_loss":0},{"damage_healed":0,"gold_gain":0,"player_choice":"Joined the Cult","damage_taken":6,"max_hp_gain":0,"max_hp_loss":0,"event_name":"Nest","floor":19,"gold_loss":0,"cards_obtained":["RitualDagger"]},{"damage_healed":0,"gold_gain":0,"player_choice":"Fought Bandits","damage_taken":0,"max_hp_gain":0,"max_hp_loss":0,"event_name":"Masked Bandits","floor":25,"gold_loss":0}],"is_beta":false,"boss_relics":[{"not_picked":["Tiny House","Snecko Eye"],"picked":"WristBlade"}],"items_purged_floors":[20,23],"is_endless":false,"potions_floor_spawned":[1,3,12,16,21,22],"killed_by":"Centurion and Healer","ascension_level":0}