{"gold_per_floor":[114,19,19,19,19,19,33,48,48,1,16,16,16,31,31,131,131,146,146,146,17,32,32,47,47,47,47,47],"floor_reached":28,"playtime":701,"items_purged":["Strike_B"],"score":204,"play_id":"854842d3-134d-47c6-a797-830ddd8dfc44","local_time":"20181207004411","daily_mods":["Allstar","ControlledChaos","Lethality"],"is_ascension_mode":false,"campfire_choices":[{"floor":6,"key":"REST"},{"floor":15,"key":"REST"},{"floor":23,"key":"REST"}],"neow_cost":"","seed_source_timestamp":180707277348559,"circlet_count":0,"master_deck":["Strike_B","Strike_B","Strike_B","Defend_B","Defend_B","Defend_B","Defend_B","Zap","Dualcast","Violence","Impatience","Mayhem","Panacea","Enlightenment","Redo","Static Discharge","Go for the Eyes","Rainbow","RitualDagger","Capacitor"],"special_seed":17872,"relics":["Cracked Core","Frozen Eye","NlothsMask","Odd Mushroom","Smiling Mask","Mummified Hand","Sozu","Regal Pillow"],"potions_floor_usage":[14,14,16],"damage_taken":[{"damage":26,"enemies":"Small Slimes","floor":1,"turns":3},{"damage":18,"enemies":"The Mushroom Lair","floor":7,"turns":3},{"damage":9,"enemies":"Cultist","floor":8,"turns":3},{"damage":0,"enemies":"2 Louse","floor":11,"turns":1},{"damage":12,"enemies":"2 Fungi Beasts","floor":14,"turns":3},{"damage":28,"enemies":"Slime Boss","floor":16,"turns":6},{"damage":35,"enemies":"3 Byrds","floor":18,"turns":3},{"damage":14,"enemies":"Shell Parasite","floor":22,"turns":4},{"damage":21,"enemies":"Snecko","floor":24,"turns":4},{"damage":46,"enemies":"Snake Plant","floor":28,"turns":2}],"seed_played":"-1452955457845597649","potions_obtained":[{"floor":7,"key":"LiquidBronze"},{"floor":8,"key":"Dexterity Potion"},{"floor":14,"key":"Regen Potion"}],"is_trial":false,"path_per_floor":["M","$","?","$","T","R","?","M","T","?","M","?","?","M","R","B",null,"M","?","?","$","M","R","M","?","T","?","M"],"character_chosen":"DEFECT","items_purchased":["Static Discharge","Go for the Eyes","Capacitor"],"campfire_rested":3,"item_purchase_floors":[2,2,21],"current_hp_per_floor":[49,49,49,49,49,71,53,44,44,44,44,26,26,14,36,17,75,40,65,59,59,45,67,46,46,46,46,0],"gold":47,"neow_bonus":"","is_prod":false,"is_daily":true,"chose_seed":false,"campfire_upgraded":0,"win_rate":0,"timestamp":1544172251,"path_taken":["M","$","?","$","?","R","?","M","T","?","?","?","?","M","R","BOSS","M","?","?","$","M","R","M","?","T","?","M"],"build_version":"2018-12-06","purchased_purges":1,"victory":false,"max_hp_per_floor":[75,75,75,75,75,75,75,75,75,75,75,75,75,75,75,75,75,75,75,75,75,75,75,75,75,75,75,75],"card_choices":[{"not_picked":["Cold Snap","Gash"],"picked":"Redo","floor":1},{"not_picked":["Beam Cell","Ball Lightning","Streamline"],"picked":"SKIP","floor":8},{"not_picked":["Recycle","Reprogram","Turbo"],"picked":"SKIP","floor":11},{"not_picked":["Gash","Rip and Tear","Recycle"],"picked":"SKIP","floor":14},{"not_picked":["All For One","Fission"],"picked":"Rainbow","floor":16},{"not_picked":["Hologram","Gash","Leap+1"],"picked":"SKIP","floor":18},{"not_picked":["Ball Lightning+1","Leap","Compile Driver"],"picked":"SKIP","floor":22},{"not_picked":["White Noise+1","Compile Driver+1","Ball Lightning+1"],"picked":"SKIP","floor":24}],"player_experience":132433,"relics_obtained":[{"floor":7,"key":"Odd Mushroom"},{"floor":9,"key":"Smiling Mask"},{"floor":26,"key":"Regal Pillow"}],"event_choices":[{"damage_healed":0,"gold_gain":0,"player_choice":"Trade","damage_taken":0,"relics_obtained":["NlothsMask"],"max_hp_gain":0,"max_hp_loss":0,"event_name":"FaceTrader","floor":3,"gold_loss":0},{"damage_healed":0,"gold_gain":0,"player_choice":"Fought Mushrooms","damage_taken":0,"max_hp_gain":0,"max_hp_loss":0,"event_name":"Mushrooms","floor":7,"gold_loss":0},{"damage_healed":0,"gold_gain":0,"player_choice":"Left Gold","damage_taken":0,"max_hp_gain":0,"max_hp_loss":0,"event_name":"World of Goop","floor":10,"gold_loss":47},{"damage_healed":0,"gold_gain":0,"player_choice":"Success","damage_taken":18,"relics_obtained":["Mummified Hand"],"max_hp_gain":0,"max_hp_loss":0,"event_name":"Scrap Ooze","floor":12,"gold_loss":0},{"damage_healed":0,"gold_gain":0,"player_choice":"Leave","damage_taken":0,"max_hp_gain":0,"max_hp_loss":0,"event_name":"The Cleric","floor":13,"gold_loss":0},{"damage_healed":25,"gold_gain":0,"player_choice":"Heal","damage_taken":0,"max_hp_gain":0,"max_hp_loss":0,"event_name":"The Library","floor":19,"gold_loss":0},{"damage_healed":0,"gold_gain":0,"player_choice":"Joined the Cult","damage_taken":6,"max_hp_gain":0,"max_hp_loss":0,"event_name":"Nest","floor":20,"gold_loss":0,"cards_obtained":["RitualDagger"]},{"damage_healed":0,"gold_gain":0,"player_choice":"Ignored","damage_taken":0,"max_hp_gain":0,"max_hp_loss":0,"event_name":"Ghosts","floor":25,"gold_loss":0},{"damage_healed":0,"gold_gain":0,"player_choice":"Ignored","damage_taken":0,"max_hp_gain":0,"max_hp_loss":0,"event_name":"The Mausoleum","floor":27,"gold_loss":0}],"is_beta":false,"boss_relics":[{"not_picked":["Coffee Dripper","Black Star"],"picked":"Sozu"}],"items_purged_floors":[21],"is_endless":false,"potions_floor_spawned":[7,8,14,18,24],"killed_by":"Snake Plant","ascension_level":0}