{"gold_per_floor":[118,218,23,41,59,59,59,59,86,86,86,106,106,124,124,201,251,268,284,199,199,199],"floor_reached":22,"playtime":594,"items_purged":[],"score":321,"play_id":"9b78e2c8-be56-4a6e-afab-1bd71ba4e745","local_time":"20190505184532","is_ascension_mode":true,"campfire_choices":[{"data":"Bash","floor":6.0,"key":"SMITH"},{"data":"Battle Trance","floor":8.0,"key":"SMITH"},{"data":"Pommel Strike","floor":11.0,"key":"SMITH"},{"data":"Uppercut","floor":15.0,"key":"SMITH"}],"neow_cost":"NONE","seed_source_timestamp":743181700075049,"circlet_count":0,"master_deck":["AscendersBane","Strike_R","Strike_R+1","Strike_R","Strike_R","Defend_R","Defend_R","Defend_R","Defend_R","Bash+1","Pommel Strike+1","Battle Trance+1","Uppercut+1","Feel No Pain","Reaper","Ghostly Armor","Iron Wave+1","Shrug It Off"],"special_seed":0,"relics":["Burning Blood","Sling","Potion Belt","Tiny House","Calipers"],"potions_floor_usage":[18,18],"damage_taken":[{"damage":1.0,"enemies":"Cultist","floor":1.0,"turns":4.0},{"damage":8.0,"enemies":"Small Slimes","floor":4.0,"turns":4.0},{"damage":6.0,"enemies":"2 Louse","floor":5.0,"turns":3.0},{"damage":14.0,"enemies":"Exordium Thugs","floor":12.0,"turns":4.0},{"damage":12.0,"enemies":"3 Louse","floor":14.0,"turns":4.0},{"damage":46.0,"enemies":"Hexaghost","floor":16.0,"turns":9.0},{"damage":22,"enemies":"2 Thieves","floor":18,"turns":4},{"damage":34,"enemies":"Chosen","floor":19,"turns":5},{"damage":36,"enemies":"3 Cultists","floor":22,"turns":4}],"seed_played":"3752162638565560557","potions_obtained":[{"floor":1.0,"key":"SkillPotion"},{"floor":12.0,"key":"Strength Potion"},{"floor":14.0,"key":"Fire Potion"},{"floor":17.0,"key":"FearPotion"}],"is_trial":false,"path_per_floor":["M","?","$","M","M","R","?","R","T","?","R","M","$","M","R","B",null,"M","M","?","?","M"],"character_chosen":"IRONCLAD","items_purchased":["Sling"],"campfire_rested":0,"item_purchase_floors":[3],"current_hp_per_floor":[80,80,80,78,78,78,71,71,71,76,76,68,68,62,62,22,76,60,38,38,20,0],"gold":199,"neow_bonus":"TEN_PERCENT_HP_BONUS","is_prod":false,"is_daily":false,"chose_seed":false,"campfire_upgraded":4,"win_rate":0,"timestamp":1557053132,"path_taken":["M","?","$","?","M","R","?","R","T","?","R","?","$","M","R","BOSS","M","M","?","?","M"],"build_version":"2019-01-23","purchased_purges":0,"victory":false,"max_hp_per_floor":[82,82,82,82,82,82,82,82,82,87,87,87,87,87,87,87,92,92,92,92,97,97],"card_choices":[{"not_picked":["Wild Strike","Headbutt"],"picked":"Pommel Strike","floor":1.0},{"not_picked":["Thunderclap","Anger"],"picked":"Battle Trance","floor":4.0},{"not_picked":["Clash","Dropkick","Wild Strike"],"picked":"SKIP","floor":5.0},{"not_picked":["Second Wind","Pommel Strike"],"picked":"Uppercut","floor":12.0},{"not_picked":["Rupture","Headbutt"],"picked":"Feel No Pain","floor":14.0},{"not_picked":["Double Tap","Limit Break"],"picked":"Reaper","floor":16.0},{"not_picked":["Searing Blow","Clothesline"],"picked":"Ghostly Armor","floor":17.0},{"not_picked":["Cleave","Armaments"],"picked":"Iron Wave+1","floor":18},{"not_picked":["Pommel Strike","Inflame"],"picked":"Shrug It Off","floor":19}],"player_experience":481730,"relics_obtained":[{"floor":9.0,"key":"Potion Belt"}],"event_choices":[{"damage_healed":0.0,"max_hp_gain":0.0,"max_hp_loss":0.0,"gold_gain":100.0,"event_name":"Golden Shrine","player_choice":"Pray","floor":2.0,"gold_loss":0.0,"damage_taken":0.0},{"cards_removed":["Strike_R"],"damage_healed":0.0,"max_hp_gain":0.0,"max_hp_loss":0.0,"gold_gain":0.0,"event_name":"Golden Wing","player_choice":"Card Removal","floor":7.0,"gold_loss":0.0,"damage_taken":7.0},{"damage_healed":0.0,"max_hp_gain":5.0,"max_hp_loss":0.0,"gold_gain":0.0,"event_name":"Big Fish","player_choice":"Donut","floor":10.0,"gold_loss":0.0,"damage_taken":0.0},{"damage_healed":0,"gold_gain":0,"player_choice":"Obtained Relic","damage_taken":0,"relics_obtained":["Calipers"],"max_hp_gain":0,"max_hp_loss":0,"event_name":"Addict","floor":20,"gold_loss":85},{"damage_healed":0,"gold_gain":0,"player_choice":"Shed Blood","damage_taken":23,"max_hp_gain":5,"max_hp_loss":0,"event_name":"Forgotten Altar","floor":21,"gold_loss":0}],"is_beta":false,"boss_relics":[{"not_picked":["Pandora\u0027s Box","Empty Cage"],"picked":"Tiny House"}],"items_purged_floors":[],"is_endless":false,"potions_floor_spawned":[1,12,14],"killed_by":"3 Cultists","ascension_level":14}