{"gold_per_floor":[119,131,206,506,517,552,552,571,643,98,98,113,126,126,126,221,221,236,248,347,5,5],"floor_reached":22,"playtime":639,"items_purged":["Strike_B"],"score":214,"play_id":"67af1af8-55ed-489a-be43-3d2b55ffcc8d","local_time":"20190415150823","is_ascension_mode":true,"campfire_choices":[{"floor":7,"key":"REST"},{"floor":15,"key":"REST"}],"neow_cost":"NONE","seed_source_timestamp":506723989219200,"circlet_count":0,"master_deck":["Strike_B","Strike_B","Strike_B","Defend_B","Defend_B","Defend_B","Zap","Dualcast","Tempest","Redo","Coolheaded","FTL","Chill","Defragment","Metamorphosis","Conserve Battery","Cold Snap","Static Discharge","Decay","Buffer","Melter","Dark Shackles"],"relics":["Cracked Core","NeowsBlessing","Old Coin","Anchor","Pantograph","Bag of Marbles","Eternal Feather","Bottled Tornado"],"potions_floor_usage":[6,6,13,16,18],"damage_taken":[{"damage":0,"enemies":"Small Slimes","floor":1,"turns":1},{"damage":0,"enemies":"Jaw Worm","floor":2,"turns":1},{"damage":0,"enemies":"Cultist","floor":5,"turns":1},{"damage":48,"enemies":"3 Sentries","floor":6,"turns":7},{"damage":10,"enemies":"2 Fungi Beasts","floor":8,"turns":3},{"damage":20,"enemies":"Gremlin Gang","floor":12,"turns":5},{"damage":0,"enemies":"Exordium Wildlife","floor":13,"turns":3},{"damage":25,"enemies":"Slime Boss","floor":16,"turns":7},{"damage":10,"enemies":"Spheric Guardian","floor":18,"turns":4},{"damage":32,"enemies":"Shell Parasite","floor":19,"turns":4},{"damage":41,"enemies":"Cultist and Chosen","floor":22,"turns":4}],"seed_played":"6495858755451306503","potions_obtained":[{"floor":1,"key":"GamblersBrew"},{"floor":5,"key":"LiquidBronze"},{"floor":12,"key":"FocusPotion"},{"floor":13,"key":"FocusPotion"},{"floor":16,"key":"SkillPotion"},{"floor":19,"key":"Strength Potion"}],"is_trial":false,"path_per_floor":["M","M","?","?","M","E","R","M","T","$","?","M","M","?","R","B",null,"M","M","?","$","M"],"character_chosen":"DEFECT","items_purchased":["Defragment","Bag of Marbles","Metamorphosis","Conserve Battery","Cold Snap","Bottled Tornado","Dark Shackles"],"campfire_rested":2,"item_purchase_floors":[10,10,10,10,10,21,21],"current_hp_per_floor":[75,75,64,61,61,13,35,25,25,25,25,5,5,5,27,27,75,65,33,33,33,0],"gold":5,"neow_bonus":"THREE_ENEMY_KILL","is_prod":false,"is_daily":false,"chose_seed":false,"campfire_upgraded":0,"win_rate":0,"timestamp":1555366103,"path_taken":["M","M","?","?","M","E","R","M","T","$","?","?","M","?","R","BOSS","M","?","?","?","M"],"build_version":"2019-01-23","purchased_purges":1,"victory":false,"max_hp_per_floor":[75,75,75,75,75,75,75,75,75,75,75,75,75,75,75,75,75,75,75,75,75,75],"card_choices":[{"not_picked":["Darkness","Coolheaded"],"picked":"Tempest","floor":1},{"not_picked":["Leap","Conserve Battery"],"picked":"Redo","floor":2},{"not_picked":["Streamline","Barrage"],"picked":"Coolheaded","floor":5},{"not_picked":["Reboot","Rip and Tear"],"picked":"FTL","floor":6},{"not_picked":["Steam","Streamline"],"picked":"Chill","floor":8},{"not_picked":["Heatsinks","Cold Snap","Turbo"],"picked":"SKIP","floor":12},{"not_picked":["Consume","Skim"],"picked":"Static Discharge","floor":13},{"not_picked":["Multi-Cast","Seek"],"picked":"Buffer","floor":16},{"not_picked":["Gash","Stack"],"picked":"Melter","floor":18},{"not_picked":["Ball Lightning","Rebound","Hologram+1"],"picked":"SKIP","floor":19}],"player_experience":427590,"relics_obtained":[{"floor":6,"key":"Anchor"},{"floor":9,"key":"Pantograph"}],"event_choices":[{"damage_healed":0,"gold_gain":75,"player_choice":"Gather Gold","damage_taken":11,"max_hp_gain":0,"max_hp_loss":0,"event_name":"World of Goop","floor":3,"gold_loss":0},{"damage_healed":0,"gold_gain":0,"player_choice":"Success","damage_taken":3,"relics_obtained":["Old Coin"],"max_hp_gain":0,"max_hp_loss":0,"event_name":"Scrap Ooze","floor":4,"gold_loss":0},{"cards_removed":["Defend_B"],"damage_healed":0,"gold_gain":0,"player_choice":"Purged","damage_taken":0,"max_hp_gain":0,"max_hp_loss":0,"event_name":"Purifier","floor":11,"gold_loss":0},{"damage_healed":0,"gold_gain":0,"player_choice":"Cursed","damage_taken":0,"max_hp_gain":0,"max_hp_loss":0,"event_name":"Wheel of Change","floor":14,"gold_loss":0,"cards_obtained":["Decay"]},{"damage_healed":0,"gold_gain":99,"player_choice":"Stole From Cult","damage_taken":0,"max_hp_gain":0,"max_hp_loss":0,"event_name":"Nest","floor":20,"gold_loss":0}],"is_beta":false,"boss_relics":[{"not_picked":["Calling Bell","Philosopher\u0027s Stone"],"picked":"Eternal Feather"}],"items_purged_floors":[10],"is_endless":false,"potions_floor_spawned":[1,5,12,13,16,19],"killed_by":"Cultist and Chosen","ascension_level":3}