{"gold_per_floor":[111,111,124,134,153,153,11,11,35,35,45,55,75,89,89,163,163,179,179,179,198,216,216,216],"floor_reached":24,"playtime":1598,"items_purged":[],"score":384,"play_id":"301f0086-fb8b-4cef-81a3-5b8e41227406","local_time":"20190401010054","is_ascension_mode":true,"campfire_choices":[{"floor":6,"key":"REST"},{"floor":8,"key":"REST"},{"data":"Footwork","floor":15,"key":"SMITH"},{"floor":23,"key":"REST"}],"neow_cost":"NONE","seed_source_timestamp":2002067827824229,"circlet_count":0,"master_deck":["AscendersBane","Defend_G","Defend_G","Defend_G","Defend_G","Defend_G","Strike_G","Strike_G","Strike_G","Strike_G","Strike_G","Survivor","Neutralize","Slice","Flechettes","PiercingWail","Deadly Poison","Backstab","Bouncing Flask","PiercingWail","Footwork+1","Malaise","PiercingWail","Noxious Fumes","Blur"],"relics":["Ring of the Serpent","NeowsBlessing","Ancient Tea Set","Bag of Preparation","Nilry\u0027s Codex","CultistMask"],"potions_floor_usage":[16,24],"damage_taken":[{"damage":0,"enemies":"Small Slimes","floor":1,"turns":1},{"damage":0,"enemies":"Cultist","floor":3,"turns":1},{"damage":0,"enemies":"Jaw Worm","floor":4,"turns":1},{"damage":35,"enemies":"Large Slime","floor":5,"turns":12},{"damage":5,"enemies":"Red Slaver","floor":11,"turns":4},{"damage":6,"enemies":"Exordium Wildlife","floor":12,"turns":6},{"damage":0,"enemies":"2 Fungi Beasts","floor":13,"turns":3},{"damage":0,"enemies":"Blue Slaver","floor":14,"turns":5},{"damage":27,"enemies":"The Guardian","floor":16,"turns":10},{"damage":0,"enemies":"Chosen","floor":18,"turns":6},{"damage":19,"enemies":"Shell Parasite","floor":21,"turns":8},{"damage":14,"enemies":"Snake Plant","floor":22,"turns":5},{"damage":23,"enemies":"Slavers","floor":24,"turns":3}],"seed_played":"1152054360134125945","potions_obtained":[{"floor":5,"key":"Explosive Potion"},{"floor":10,"key":"Regen Potion"}],"is_trial":false,"path_per_floor":["M","?","M","M","M","R","$","R","T","?","M","M","M","M","R","B",null,"M","?","?","M","M","R","E"],"character_chosen":"THE_SILENT","items_purchased":["Deadly Poison","Backstab"],"campfire_rested":3,"item_purchase_floors":[7,7],"current_hp_per_floor":[59,41,41,41,6,25,25,44,44,44,39,33,33,33,33,21,55,55,34,34,15,1,20,0],"gold":216,"neow_bonus":"THREE_ENEMY_KILL","is_prod":false,"is_daily":false,"chose_seed":false,"campfire_upgraded":1,"win_rate":0,"timestamp":1554076854,"path_taken":["M","?","M","M","M","R","$","R","T","?","M","?","M","M","R","BOSS","M","?","?","M","?","R","E"],"build_version":"2019-01-23","purchased_purges":0,"victory":false,"max_hp_per_floor":[66,66,66,66,66,66,66,66,66,66,66,66,66,66,66,66,66,66,66,66,66,66,66,66],"card_choices":[{"not_picked":["Backflip","Prepared"],"picked":"Slice","floor":1},{"not_picked":["Acrobatics","Sucker Punch","Expertise"],"picked":"SKIP","floor":3},{"not_picked":["Outmaneuver","Quick Slash"],"picked":"Flechettes","floor":4},{"not_picked":["Slice","Backflip"],"picked":"PiercingWail","floor":5},{"not_picked":["Calculated Gamble","Underhanded Strike"],"picked":"Bouncing Flask","floor":11},{"not_picked":["Calculated Gamble","Outmaneuver"],"picked":"PiercingWail","floor":12},{"not_picked":["Riddle With Holes","Acrobatics"],"picked":"Footwork","floor":13},{"not_picked":["Expertise","Quick Slash","Outmaneuver"],"picked":"SKIP","floor":14},{"not_picked":["After Image","Grand Finale"],"picked":"Malaise","floor":16},{"not_picked":["Blade Dance","Quick Slash"],"picked":"PiercingWail","floor":18},{"not_picked":["Distraction","Poisoned Stab"],"picked":"Noxious Fumes","floor":21},{"not_picked":["Dodge and Roll","Backflip"],"picked":"Blur","floor":22}],"player_experience":1555350,"relics_obtained":[{"floor":9,"key":"Bag of Preparation"},{"floor":19,"key":"Nilry\u0027s Codex"}],"event_choices":[{"damage_healed":0,"gold_gain":0,"player_choice":"Success","damage_taken":18,"relics_obtained":["Ancient Tea Set"],"max_hp_gain":0,"max_hp_loss":0,"event_name":"Scrap Ooze","floor":2,"gold_loss":0},{"damage_healed":0,"gold_gain":0,"player_choice":"Got Potions","damage_taken":0,"max_hp_gain":0,"max_hp_loss":0,"event_name":"Lab","floor":10,"gold_loss":0},{"damage_healed":0,"gold_gain":0,"player_choice":"Obtained Book","damage_taken":21,"max_hp_gain":0,"max_hp_loss":0,"event_name":"Cursed Tome","floor":19,"gold_loss":0},{"damage_healed":0,"gold_gain":0,"player_choice":"Trade","damage_taken":0,"relics_obtained":["CultistMask"],"max_hp_gain":0,"max_hp_loss":0,"event_name":"FaceTrader","floor":20,"gold_loss":0}],"is_beta":false,"boss_relics":[{"not_picked":["Snecko Eye","WristBlade"],"picked":"Ring of the Serpent"}],"items_purged_floors":[],"is_endless":false,"potions_floor_spawned":[5,11,12,13],"killed_by":"Slavers","ascension_level":20}