{"gold_per_floor":[113,123,23,41,56,85,109,109,109,123,63,63,63,83,83,181,181,181,181,181,40,40,40,40,40,40,40,40,40,40,10,10,10,10,10,10,10,10,10,10,10,10,10,10,10,10,10,10],"floor_reached":48,"playtime":2350,"items_purged":["Fusion"],"score":535,"play_id":"cd40d64b-1b86-46fe-954a-b9788a68c558","local_time":"20190616101601","is_ascension_mode":false,"campfire_choices":[{"data":"Genetic Algorithm","floor":8,"key":"SMITH"},{"data":"Zap","floor":13,"key":"SMITH"},{"data":"Defragment","floor":15,"key":"SMITH"},{"data":"Capacitor","floor":23,"key":"SMITH"},{"data":"Dualcast","floor":25,"key":"SMITH"},{"data":"Coolheaded","floor":28,"key":"SMITH"},{"data":"Hologram","floor":32,"key":"SMITH"},{"data":"Defragment","floor":40,"key":"SMITH"}],"neow_cost":"NONE","seed_source_timestamp":211830388094600,"circlet_count":0,"master_deck":["Strike_B","Strike_B","Strike_B","Strike_B+1","Defend_B","Defend_B","Defend_B","Defend_B","Zap+1","Dualcast+1","Beam Cell","Go for the Eyes+1","Coolheaded+1","Cold Snap+1","BootSequence","Genetic Algorithm+1","Defragment+1","Capacitor+1","Auto Shields","Hologram+1","Blizzard","Coolheaded","Defragment+1","Go for the Eyes+1","Madness","Madness","Barrage+1","Echo Form"],"relics":["Cracked Core","DataDisk","Odd Mushroom","The Courier","Ectoplasm","Vajra","Mango","Mercury Hourglass","Tiny House","Molten Egg 2","Toxic Egg 2"],"potions_floor_usage":[6,16,24],"damage_taken":[{"damage":0,"enemies":"Small Slimes","floor":1,"turns":4},{"damage":3,"enemies":"Jaw Worm","floor":2,"turns":4},{"damage":0,"enemies":"Cultist","floor":4,"turns":3},{"damage":7,"enemies":"Looter","floor":5,"turns":3},{"damage":8,"enemies":"Lagavulin","floor":6,"turns":10},{"damage":13,"enemies":"The Mushroom Lair","floor":7,"turns":5},{"damage":8,"enemies":"Exordium Thugs","floor":10,"turns":6},{"damage":1,"enemies":"2 Fungi Beasts","floor":14,"turns":3},{"damage":0,"enemies":"Hexaghost","floor":16,"turns":12},{"damage":2,"enemies":"Spheric Guardian","floor":18,"turns":4},{"damage":8,"enemies":"Shell Parasite","floor":19,"turns":6},{"damage":3,"enemies":"Centurion and Healer","floor":20,"turns":10},{"damage":2,"enemies":"Gremlin Leader","floor":24,"turns":11},{"damage":6,"enemies":"Chosen and Byrds","floor":27,"turns":5},{"damage":8,"enemies":"Snake Plant","floor":29,"turns":4},{"damage":0,"enemies":"Snecko","floor":30,"turns":5},{"damage":10,"enemies":"Automaton","floor":33,"turns":12},{"damage":4,"enemies":"3 Shapes","floor":35,"turns":5},{"damage":7,"enemies":"Orb Walker","floor":36,"turns":3},{"damage":2,"enemies":"3 Darklings","floor":37,"turns":6},{"damage":0,"enemies":"Sphere and 2 Shapes","floor":39,"turns":7},{"damage":26,"enemies":"Jaw Worm Horde","floor":42,"turns":7},{"damage":12,"enemies":"Spire Growth","floor":44,"turns":7},{"damage":0,"enemies":"Sphere and 2 Shapes","floor":45,"turns":6},{"damage":7,"enemies":"Writhing Mass","floor":46,"turns":9},{"damage":25,"enemies":"Maw","floor":48,"turns":2}],"seed_played":"-393101327877995225","potions_obtained":[{"floor":2,"key":"PowerPotion"},{"floor":5,"key":"Explosive Potion"},{"floor":7,"key":"Fire Potion"},{"floor":18,"key":"PowerPotion"},{"floor":29,"key":"Ancient Potion"},{"floor":30,"key":"EssenceOfSteel"},{"floor":47,"key":"Dexterity Potion"}],"is_trial":false,"path_per_floor":["M","M","$","M","M","E","?","R","T","M","$","?","R","M","R","B",null,"M","M","M","$","?","R","E","R","T","M","R","M","M","$","R","B",null,"M","M","M","?","M","R","?","M","T","M","M","M","?","M"],"character_chosen":"DEFECT","items_purchased":["Go for the Eyes","Coolheaded","Vajra","Auto Shields","Blizzard"],"campfire_rested":0,"item_purchase_floors":[3,3,21,21,31],"current_hp_per_floor":[75,72,72,72,65,57,44,44,44,36,36,21,21,20,20,20,75,73,65,62,62,62,62,74,74,74,68,68,60,60,60,60,50,94,90,83,81,69,69,69,69,43,43,31,31,24,24,0],"gold":10,"neow_bonus":"THREE_CARDS","is_prod":false,"is_daily":false,"chose_seed":false,"campfire_upgraded":8,"win_rate":0,"timestamp":1560669361,"path_taken":["M","M","$","M","M","E","?","R","T","M","$","?","R","M","R","BOSS","M","M","M","$","?","R","E","R","T","M","R","M","M","$","R","BOSS","M","M","M","?","M","R","?","M","T","?","M","M","?","M"],"build_version":"2019-01-23","purchased_purges":1,"victory":false,"max_hp_per_floor":[75,75,75,75,75,75,75,75,75,75,75,75,75,75,75,75,75,75,75,75,75,75,75,89,89,89,89,89,89,89,89,89,89,94,94,94,94,94,94,94,94,94,94,94,94,94,94,94],"card_choices":[{"not_picked":["Undo","Redo"],"picked":"Fusion","floor":0},{"not_picked":["Leap","Steam"],"picked":"Beam Cell","floor":1},{"not_picked":["Multi-Cast","Stack","Rebound"],"picked":"SKIP","floor":2},{"not_picked":["Darkness","Barrage"],"picked":"Cold Snap","floor":4},{"not_picked":["Blizzard","Ball Lightning"],"picked":"BootSequence","floor":5},{"not_picked":["Steam","Heatsinks","Barrage"],"picked":"SKIP","floor":6},{"not_picked":["Recycle","Aggregate"],"picked":"Genetic Algorithm","floor":7},{"not_picked":["Redo","Scrape","Force Field"],"picked":"SKIP","floor":10},{"not_picked":["Barrage","Coolheaded"],"picked":"Defragment","floor":14},{"not_picked":["Steam","Chill","Melter+1"],"picked":"SKIP","floor":18},{"not_picked":["Redo","Beam Cell+1","Ball Lightning"],"picked":"SKIP","floor":19},{"not_picked":["Lockon+1","Double Energy"],"picked":"Capacitor","floor":20},{"not_picked":["Stack","Coolheaded"],"picked":"Beam Cell","floor":24},{"not_picked":["Beam Cell","Reprogram","Compile Driver"],"picked":"SKIP","floor":27},{"not_picked":["Fusion","Streamline+1"],"picked":"Hologram","floor":29},{"not_picked":["Compile Driver","Streamline","Undo+1"],"picked":"SKIP","floor":30},{"not_picked":["Redo","Ball Lightning"],"picked":"Coolheaded","floor":34},{"not_picked":["Double Energy","Beam Cell"],"picked":"Defragment","floor":35},{"not_picked":["Hello World+1","Darkness","Ball Lightning"],"picked":"SKIP","floor":36},{"not_picked":["Force Field","White Noise+1"],"picked":"Go for the Eyes+1","floor":37},{"not_picked":["Compile Driver+1","Barrage+1","Leap"],"picked":"SKIP","floor":39},{"not_picked":["Rebound+1","Compile Driver+1","Barrage+1"],"picked":"SKIP","floor":42},{"not_picked":["Barrage+1","Compile Driver+1","Tempest+1"],"picked":"SKIP","floor":44},{"not_picked":["Compile Driver+1","Tempest+1"],"picked":"Barrage+1","floor":44},{"not_picked":["Coolheaded+1","Hologram+1"],"picked":"Echo Form","floor":45},{"not_picked":["Storm","Rebound+1","Rip and Tear+1"],"picked":"SKIP","floor":46}],"player_experience":619355,"relics_obtained":[{"floor":6,"key":"DataDisk"},{"floor":7,"key":"Odd Mushroom"},{"floor":9,"key":"The Courier"},{"floor":24,"key":"Mango"},{"floor":26,"key":"Mercury Hourglass"},{"floor":43,"key":"Toxic Egg 2"}],"event_choices":[{"damage_healed":0,"gold_gain":0,"player_choice":"Fought Mushrooms","damage_taken":0,"max_hp_gain":0,"max_hp_loss":0,"event_name":"Mushrooms","floor":7,"gold_loss":0},{"damage_healed":0,"gold_gain":0,"player_choice":"Entered Light","damage_taken":15,"max_hp_gain":0,"max_hp_loss":0,"event_name":"Shining Light","floor":12,"gold_loss":0,"cards_upgraded":["Strike_B","Go for the Eyes"]},{"damage_healed":0,"gold_gain":0,"player_choice":"Embrace Madness","damage_taken":12,"max_hp_gain":0,"max_hp_loss":0,"event_name":"Winding Halls","floor":38,"gold_loss":0,"cards_obtained":["Madness","Madness"]},{"cards_removed":["Beam Cell"],"damage_healed":0,"gold_gain":0,"player_choice":"Gave Card","damage_taken":0,"relics_obtained":["Molten Egg 2"],"max_hp_gain":0,"max_hp_loss":0,"event_name":"WeMeetAgain","floor":41,"gold_loss":0},{"damage_healed":0,"gold_gain":0,"player_choice":"Got Potions","damage_taken":0,"max_hp_gain":0,"max_hp_loss":0,"event_name":"Lab","floor":47,"gold_loss":0}],"is_beta":false,"boss_relics":[{"not_picked":["Astrolabe","Runic Dome"],"picked":"Ectoplasm"},{"not_picked":["Velvet Choker","Pandora\u0027s Box"],"picked":"Tiny House"}],"items_purged_floors":[11],"is_endless":false,"potions_floor_spawned":[2,5,7,18,29,30,36,39,42,44],"killed_by":"Maw","ascension_level":0}