{"gold_per_floor":[114,140,93,93,108,136,155,82,82,100,400,63,74,91,91,194,194,209,209,119,136,58,70,70,70,93,104,118,137,157,174,174,174],"floor_reached":33,"playtime":1542,"items_purged":[],"score":303,"play_id":"97f4b79b-1be6-4bd0-9ed5-af536012bac1","local_time":"20190505054435","is_ascension_mode":false,"campfire_choices":[{"data":"Echo Form","floor":15,"key":"SMITH"},{"data":"Hologram","floor":25,"key":"SMITH"},{"floor":32,"key":"REST"}],"neow_cost":"NONE","seed_source_timestamp":304045408717653,"circlet_count":0,"master_deck":["Strike_B","Strike_B","Strike_B","Strike_B","Defend_B","Defend_B","Defend_B","Defend_B","Zap","Dualcast","Leap","Gash","Gash","Hologram+1","Echo Form+1","Trip+1","Reinforced Body+1","Buffer","Go for the Eyes","Hologram+1","Impatience+1","Go for the Eyes+1","FTL","Coolheaded+1","Gash","Self Repair","Gash"],"relics":["Cracked Core","NeowsBlessing","Lantern","Kunai","Bottled Flame","Old Coin","Toxic Egg 2","Lizard Tail","Vajra"],"potions_floor_usage":[18,21,29,30,30,30,30,30,33],"damage_taken":[{"damage":0,"enemies":"Cultist","floor":1,"turns":1},{"damage":0,"enemies":"2 Louse","floor":5,"turns":1},{"damage":0,"enemies":"Gremlin Nob","floor":6,"turns":1},{"damage":1,"enemies":"Jaw Worm","floor":7,"turns":2},{"damage":2,"enemies":"Large Slime","floor":10,"turns":6},{"damage":12,"enemies":"Exordium Wildlife","floor":13,"turns":4},{"damage":1,"enemies":"Looter","floor":14,"turns":3},{"damage":26,"enemies":"The Guardian","floor":16,"turns":10},{"damage":13,"enemies":"Spheric Guardian","floor":18,"turns":5},{"damage":25,"enemies":"2 Thieves","floor":21,"turns":5},{"damage":16,"enemies":"Snecko","floor":23,"turns":7},{"damage":2,"enemies":"Centurion and Healer","floor":27,"turns":7},{"damage":5,"enemies":"Shelled Parasite and Fungi","floor":28,"turns":5},{"damage":20,"enemies":"3 Cultists","floor":29,"turns":7},{"damage":8,"enemies":"Snake Plant","floor":30,"turns":5},{"damage":0,"enemies":"Cultist and Chosen","floor":31,"turns":8},{"damage":12,"enemies":"Champ","floor":33,"turns":9}],"seed_played":"-8898111204368531167","potions_obtained":[{"floor":7,"key":"SteroidPotion"},{"floor":10,"key":"Dexterity Potion"},{"floor":13,"key":"EntropicBrew"},{"floor":18,"key":"AttackPotion"},{"floor":21,"key":"FocusPotion"},{"floor":28,"key":"Regen Potion"},{"floor":31,"key":"FocusPotion"}],"is_trial":false,"path_per_floor":["M","T","$","?","M","E","M","$","T","M","?","$","M","M","R","B",null,"M","?","$","M","$","M","?","R","T","M","M","M","M","M","R","B"],"character_chosen":"DEFECT","items_purchased":["Leap","Gash","Hologram","Toxic Egg 2","Trip+1","Impatience+1","FTL"],"campfire_rested":1,"item_purchase_floors":[3,8,8,12,12,20,22],"current_hp_per_floor":[75,75,75,75,75,75,74,74,74,72,69,69,57,56,56,30,75,62,62,62,37,37,21,21,21,21,19,14,9,8,15,37,25],"gold":174,"neow_bonus":"THREE_ENEMY_KILL","is_prod":false,"is_daily":false,"chose_seed":false,"campfire_upgraded":2,"win_rate":0,"timestamp":1557024275,"path_taken":["M","?","$","?","M","E","?","$","T","M","?","$","M","M","R","BOSS","M","?","$","M","$","M","?","R","T","M","M","?","M","M","R","BOSS"],"build_version":"2019-01-23","purchased_purges":0,"victory":false,"max_hp_per_floor":[75,75,75,75,75,75,75,75,75,75,75,75,75,75,75,75,75,75,75,75,75,75,75,75,75,75,75,75,75,75,75,75,75],"card_choices":[{"not_picked":["Cold Snap","Chaos","Storm"],"picked":"SKIP","floor":1},{"not_picked":["Cold Snap","Consume","Streamline"],"picked":"SKIP","floor":5},{"not_picked":["Auto Shields","Self Repair"],"picked":"Gash","floor":6},{"not_picked":["Ball Lightning","Fusion","Recycle"],"picked":"SKIP","floor":7},{"not_picked":["Cold Snap","Rebound"],"picked":"Echo Form","floor":10},{"not_picked":["Barrage","Chaos+1","Redo+1"],"picked":"SKIP","floor":13},{"not_picked":["Chaos+1","Compile Driver"],"picked":"Reinforced Body+1","floor":14},{"not_picked":["Rainbow+1","Electrodynamics"],"picked":"Buffer","floor":16},{"not_picked":["Aggregate+1","Cold Snap+1"],"picked":"Go for the Eyes","floor":18},{"not_picked":["Steam+1","Ball Lightning+1"],"picked":"Go for the Eyes+1","floor":21},{"not_picked":["Hello World","Ball Lightning"],"picked":"Coolheaded+1","floor":23},{"not_picked":["Sweeping Beam","Turbo+1","Fusion+1"],"picked":"SKIP","floor":27},{"not_picked":["Leap+1","Turbo+1"],"picked":"Gash","floor":28},{"not_picked":["Turbo+1","Go for the Eyes"],"picked":"Self Repair","floor":29},{"not_picked":["Rebound+1","Streamline"],"picked":"Gash","floor":30},{"not_picked":["Streamline","Fission+1","Compile Driver"],"picked":"SKIP","floor":31}],"player_experience":595424,"relics_obtained":[{"floor":2,"key":"Lantern"},{"floor":6,"key":"Kunai"},{"floor":9,"key":"Bottled Flame"},{"floor":26,"key":"Vajra"}],"event_choices":[{"damage_healed":0,"gold_gain":0,"player_choice":"Leave","damage_taken":0,"max_hp_gain":0,"max_hp_loss":0,"event_name":"The Cleric","floor":4,"gold_loss":0},{"damage_healed":0,"gold_gain":0,"player_choice":"Success","damage_taken":3,"relics_obtained":["Old Coin"],"max_hp_gain":0,"max_hp_loss":0,"event_name":"Scrap Ooze","floor":11,"gold_loss":0},{"damage_healed":0,"gold_gain":0,"player_choice":"Read","damage_taken":0,"max_hp_gain":0,"max_hp_loss":0,"event_name":"The Library","floor":19,"gold_loss":0,"cards_obtained":["Hologram"]},{"damage_healed":0,"gold_gain":0,"player_choice":"Ignored","damage_taken":0,"max_hp_gain":0,"max_hp_loss":0,"event_name":"NoteForYourself","floor":24,"gold_loss":0}],"is_beta":false,"boss_relics":[{"not_picked":["Astrolabe","Eternal Feather"],"picked":"Lizard Tail"}],"items_purged_floors":[],"is_endless":false,"potions_floor_spawned":[7,10,13,18,21,23,28,31],"killed_by":"Champ","ascension_level":0}