{"gold_per_floor":[118,118,131,144,144,173,173,183,183,208,208,133,149,182,182,287,287,300,225,140,154,104,104,161,161,240,240],"floor_reached":27,"playtime":2889,"items_purged":["Strike_B","Defend_B"],"score":312,"play_id":"a4a14186-84a0-43e0-8c5f-d36f0a412412","local_time":"20190720011924","is_ascension_mode":true,"campfire_choices":[{"floor":11,"key":"REST"},{"data":"Streamline","floor":15,"key":"SMITH"},{"data":"Hologram","floor":23,"key":"SMITH"},{"data":"Hologram","floor":25,"key":"SMITH"}],"neow_cost":"NONE","seed_source_timestamp":62485805057920,"circlet_count":0,"master_deck":["Strike_B","Defend_B","Defend_B","Defend_B","Zap","Dualcast","Streamline+1","Hologram+1","Hologram+1","BootSequence","Genetic Algorithm","Conserve Battery","Genetic Algorithm","Echo Form","Streamline+1","Core Surge"],"relics":["Cracked Core","Oddly Smooth Stone","Strawberry","Boot","Meat on the Bone","Velvet Choker","Smiling Mask","Tiny Chest","Toxic Egg 2"],"potions_floor_usage":[16,16,16,16,16,24],"damage_taken":[{"damage":8,"enemies":"Jaw Worm","floor":1,"turns":4},{"damage":1,"enemies":"Cultist","floor":3,"turns":3},{"damage":1,"enemies":"2 Louse","floor":4,"turns":2},{"damage":20,"enemies":"Gremlin Nob","floor":6,"turns":4},{"damage":0,"enemies":"Blue Slaver","floor":8,"turns":3},{"damage":2,"enemies":"Red Slaver","floor":13,"turns":4},{"damage":20,"enemies":"Lagavulin","floor":14,"turns":7},{"damage":66,"enemies":"Hexaghost","floor":16,"turns":12},{"damage":8,"enemies":"3 Byrds","floor":18,"turns":5},{"damage":3,"enemies":"2 Thieves","floor":21,"turns":4},{"damage":16,"enemies":"Book of Stabbing","floor":24,"turns":5},{"damage":69,"enemies":"Gremlin Leader","floor":27,"turns":7}],"seed_played":"-3379371159970860840","potions_obtained":[{"floor":3,"key":"Regen Potion"},{"floor":4,"key":"Block Potion"},{"floor":13,"key":"Swift Potion"},{"floor":14,"key":"EntropicBrew"},{"floor":18,"key":"Poison Potion"},{"floor":24,"key":"Regen Potion"}],"is_trial":false,"path_per_floor":["M","?","M","M","?","E","?","M","T","T","R","$","M","E","R","B",null,"M","?","?","M","$","R","E","R","T","E"],"character_chosen":"DEFECT","items_purchased":[],"campfire_rested":1,"item_purchase_floors":[],"current_hp_per_floor":[74,74,73,72,65,45,50,50,57,57,85,85,83,63,63,14,94,86,86,86,83,83,83,67,67,67,0],"gold":240,"neow_bonus":"TEN_PERCENT_HP_BONUS","is_prod":false,"is_daily":false,"chose_seed":false,"campfire_upgraded":3,"win_rate":0,"timestamp":1563603564,"path_taken":["M","?","?","M","?","E","?","M","T","?","R","$","?","E","R","BOSS","M","?","?","M","$","R","E","R","T","E"],"build_version":"2019-07-17","purchased_purges":2,"victory":false,"max_hp_per_floor":[82,82,82,82,82,82,87,87,94,94,94,94,94,94,94,94,94,94,94,94,94,94,94,94,94,94,94],"card_choices":[{"not_picked":["Turbo","Go for the Eyes"],"picked":"Streamline","floor":1},{"not_picked":["Conserve Battery","Beam Cell"],"picked":"Hologram","floor":3},{"not_picked":["Darkness","Streamline"],"picked":"Hologram","floor":4},{"not_picked":["Compile Driver","Lockon"],"picked":"BootSequence","floor":6},{"not_picked":["Redo","Steam Power"],"picked":"Genetic Algorithm","floor":8},{"not_picked":["Recycle","Compile Driver"],"picked":"Conserve Battery","floor":13},{"not_picked":["Thunder Strike","Ball Lightning"],"picked":"Genetic Algorithm","floor":14},{"not_picked":["Amplify","Machine Learning"],"picked":"Echo Form","floor":16},{"not_picked":["Stack+1","Compile Driver"],"picked":"Streamline+1","floor":18},{"not_picked":["Beam Cell","Cold Snap+1","Redo"],"picked":"SKIP","floor":21},{"not_picked":["Blizzard+1","Leap+1"],"picked":"Core Surge","floor":24}],"player_experience":425842,"relics_obtained":[{"floor":6,"key":"Oddly Smooth Stone"},{"floor":9,"key":"Strawberry"},{"floor":10,"key":"Boot"},{"floor":14,"key":"Meat on the Bone"},{"floor":24,"key":"Tiny Chest"},{"floor":26,"key":"Toxic Egg 2"}],"event_choices":[{"damage_healed":0,"gold_gain":0,"player_choice":"Bought 0 Potions","damage_taken":0,"max_hp_gain":0,"max_hp_loss":0,"event_name":"The Woman in Blue","floor":2,"gold_loss":0},{"cards_removed":["Strike_B"],"damage_healed":0,"gold_gain":0,"player_choice":"Card Removal","damage_taken":7,"max_hp_gain":0,"max_hp_loss":0,"event_name":"Golden Wing","floor":5,"gold_loss":0},{"damage_healed":0,"gold_gain":0,"player_choice":"Donut","damage_taken":0,"max_hp_gain":5,"max_hp_loss":0,"event_name":"Big Fish","floor":7,"gold_loss":0},{"cards_removed":["Strike_B"],"damage_healed":0,"gold_gain":0,"player_choice":"Gave Gold","damage_taken":0,"max_hp_gain":0,"max_hp_loss":0,"event_name":"Beggar","floor":19,"gold_loss":75},{"damage_healed":0,"gold_gain":0,"player_choice":"Obtained Relic","damage_taken":0,"relics_obtained":["Smiling Mask"],"max_hp_gain":0,"max_hp_loss":0,"event_name":"Addict","floor":20,"gold_loss":85}],"is_beta":false,"boss_relics":[{"not_picked":["Snecko Eye","White Beast Statue"],"picked":"Velvet Choker"}],"items_purged_floors":[12,22],"is_endless":false,"potions_floor_spawned":[3,4,13,14,18,24],"killed_by":"Gremlin Leader","ascension_level":4}