{"path_per_floor":["M","M","?","M","?","R","M","$","T","M","R","M","M","?","R","B",null,"M","?","$","M","M","R"],"character_chosen":"THE_SILENT","items_purchased":["Noxious Fumes","Noxious Fumes","Thread and Needle"],"gold_per_floor":[118,132,307,318,393,393,410,298,325,344,344,355,367,367,367,471,471,487,487,56,70,85,85,85],"floor_reached":24,"campfire_rested":2,"playtime":1789,"item_purchase_floors":[8,20,20],"current_hp_per_floor":[63,63,63,63,52,52,52,52,52,46,46,38,36,36,57,37,62,51,38,38,24,12,34,0],"items_purged":["Defend_G","Strike_G"],"gold":85,"score":247,"play_id":"e5921ec0-707b-4f52-b7da-a19cf1bf89b2","local_time":"20180625103727","is_prod":false,"is_daily":false,"chose_seed":false,"is_ascension_mode":true,"campfire_upgraded":2,"win_rate":0,"timestamp":1529915847,"campfire_choices":[{"data":"Blur","floor":6,"key":"SMITH"},{"data":"Noxious Fumes","floor":11,"key":"SMITH"},{"floor":15,"key":"REST"},{"floor":23,"key":"REST"}],"path_taken":["M","M","?","M","?","R","M","$","T","M","R","M","M","?","R","BOSS","M","?","$","M","?","R","E"],"build_version":"2018-06-21","seed_source_timestamp":11384115462145,"purchased_purges":2,"circlet_count":0,"victory":false,"master_deck":["Defend_G","Defend_G","Defend_G","Defend_G","Strike_G","Strike_G","Strike_G","Strike_G","Survivor","Neutralize+1","Blur+1","Dodge and Roll","Backflip","Heel Hook","Noxious Fumes+1","Deadly Poison","All Out Attack","Envenom","Dash","Catalyst","Dagger Throw","Sucker Punch","Dagger Spray+1","Noxious Fumes","Catalyst+1"],"max_hp_per_floor":[70,70,70,70,70,70,70,70,70,70,70,70,70,70,70,70,70,70,75,75,75,75,75,75],"relics":["Ring of the Snake","Omamori","Orrery","Thread and Needle"],"card_choices":[{"not_picked":["Underhanded Strike","Catalyst"],"picked":"Blur","floor":1},{"not_picked":["Distraction","Acrobatics"],"picked":"Dodge and Roll","floor":2},{"not_picked":["Deflect","Cloak And Dagger"],"picked":"Backflip","floor":4},{"not_picked":["Doppelganger","Underhanded Strike"],"picked":"Heel Hook","floor":7},{"not_picked":["Accuracy","Concentrate"],"picked":"Deadly Poison","floor":10},{"not_picked":["Slice","Flying Knee"],"picked":"All Out Attack","floor":12},{"not_picked":["Outmaneuver","Underhanded Strike","Sucker Punch"],"picked":"SKIP","floor":13},{"not_picked":["Tactician","Burst"],"picked":"Envenom","floor":16},{"not_picked":["Dagger Spray","Prepared"],"picked":"Dash","floor":17},{"not_picked":["Cloak And Dagger","Deflect"],"picked":"Catalyst","floor":17},{"not_picked":["Poisoned Stab","Quick Slash"],"picked":"Dagger Throw","floor":17},{"not_picked":["Deadly Poison","Heel Hook"],"picked":"Sucker Punch","floor":17},{"not_picked":["Dagger Throw+1","Tools of the Trade"],"picked":"Dagger Spray+1","floor":18},{"not_picked":["Flechettes","Slice"],"picked":"Catalyst+1","floor":21},{"not_picked":["Poisoned Stab+1","Blur","Deadly Poison+1"],"picked":"SKIP","floor":22}],"player_experience":473171,"potions_floor_usage":[16,16,21,22],"damage_taken":[{"damage":0,"enemies":"Small Slimes","floor":1,"turns":3},{"damage":0,"enemies":"Jaw Worm","floor":2,"turns":6},{"damage":0,"enemies":"2 Louse","floor":4,"turns":4},{"damage":0,"enemies":"Blue Slaver","floor":7,"turns":7},{"damage":6,"enemies":"Exordium Thugs","floor":10,"turns":8},{"damage":8,"enemies":"2 Fungi Beasts","floor":12,"turns":5},{"damage":2,"enemies":"3 Louse","floor":13,"turns":3},{"damage":20,"enemies":"Hexaghost","floor":16,"turns":9},{"damage":11,"enemies":"Chosen","floor":18,"turns":5},{"damage":14,"enemies":"2 Thieves","floor":21,"turns":4},{"damage":12,"enemies":"Centurion and Healer","floor":22,"turns":7},{"damage":37,"enemies":"Slavers","floor":24,"turns":3}],"relics_obtained":[{"floor":9,"key":"Omamori"}],"event_choices":[{"event_name":"Liars Game","player_choice":"agreed","floor":3,"damage_taken":0},{"event_name":"World of Goop","player_choice":"Gather Gold","floor":5,"damage_taken":0},{"event_name":"Living Wall","player_choice":"Forget","floor":14,"damage_taken":0},{"event_name":"Forgotten Altar","player_choice":"Shed Blood","floor":19,"damage_taken":0}],"boss_relics":[{"not_picked":["Calling Bell","Philosopher\u0027s Stone"],"picked":"Orrery"}],"items_purged_floors":[8,20],"is_endless":false,"potions_floor_spawned":[1,4,13,16],"seed_played":"-8500833960601465586","killed_by":"Slavers","ascension_level":6,"potions_obtained":[{"floor":1,"key":"PowerPotion"},{"floor":4,"key":"Strength Potion"},{"floor":13,"key":"SpeedPotion"},{"floor":16,"key":"GamblersBrew"}],"is_trial":false}