{"gold_per_floor":[112,287,301,12,23,23,23,23,23,35,68,68,15,41,41,143,143,156,156,141,151,170,170,182,182,250,250,264,295,51,151,151,251,251,267,226,246,246,70,70,82,182,208,238,238,75,85,85,85,85],"floor_reached":51,"playtime":1638,"items_purged":["Doubt"],"score":728,"play_id":"373f6ce8-0973-4841-b255-d1f6e3ec084e","local_time":"20190126032423","is_ascension_mode":false,"campfire_choices":[{"data":"Armaments","floor":6,"key":"SMITH"},{"data":"Juggernaut","floor":8,"key":"SMITH"},{"floor":12,"key":"REST"},{"data":"Panache","floor":15,"key":"SMITH"},{"data":"Juggernaut","floor":23,"key":"SMITH"},{"data":"Shrug It Off","floor":25,"key":"SMITH"},{"floor":32,"key":"REST"},{"floor":40,"key":"RECALL"},{"floor":45,"key":"REST"},{"floor":49,"key":"REST"}],"neow_cost":"TEN_PERCENT_HP_LOSS","seed_source_timestamp":538688901450808,"circlet_count":0,"master_deck":["Strike_R","Strike_R","Strike_R","Strike_R","Strike_R","Defend_R","Defend_R","Defend_R","Defend_R","Bash","Juggernaut+1","Armaments+1","Panache+1","Shrug It Off","Shrug It Off","Impervious","Shrug It Off+1","Juggernaut+1","Battle Trance","Body Slam+1","Apotheosis","Panache"],"relics":["Burning Blood","Ice Cream","Oddly Smooth Stone","Lantern","Sozu","Sundial","Dodecahedron","Singing Bowl","Gambling Chip","Kunai","Fusion Hammer","Torii","Bag of Preparation","Vajra"],"potions_floor_usage":[14,50],"damage_taken":[{"damage":8,"enemies":"Small Slimes","floor":1,"turns":4},{"damage":1,"enemies":"Cultist","floor":3,"turns":4},{"damage":8,"enemies":"Jaw Worm","floor":5,"turns":4},{"damage":15,"enemies":"Exordium Thugs","floor":10,"turns":4},{"damage":34,"enemies":"Gremlin Nob","floor":11,"turns":5},{"damage":21,"enemies":"3 Sentries","floor":14,"turns":8},{"damage":22,"enemies":"Hexaghost","floor":16,"turns":12},{"damage":6,"enemies":"Shell Parasite","floor":18,"turns":7},{"damage":10,"enemies":"2 Thieves","floor":20,"turns":4},{"damage":7,"enemies":"Snecko","floor":21,"turns":4},{"damage":0,"enemies":"Centurion and Healer","floor":22,"turns":8},{"damage":9,"enemies":"3 Cultists","floor":24,"turns":6},{"damage":8,"enemies":"Cultist and Chosen","floor":28,"turns":5},{"damage":6,"enemies":"Book of Stabbing","floor":29,"turns":6},{"damage":16,"enemies":"Colosseum Slavers","floor":31,"turns":4},{"damage":32,"enemies":"Colosseum Nobs","floor":31,"turns":5},{"damage":2,"enemies":"Automaton","floor":33,"turns":9},{"damage":0,"enemies":"3 Darklings","floor":35,"turns":4},{"damage":0,"enemies":"Orb Walker","floor":37,"turns":2},{"damage":0,"enemies":"Spire Growth","floor":41,"turns":3},{"damage":0,"enemies":"Mind Bloom Boss Battle","floor":42,"turns":4},{"damage":7,"enemies":"Nemesis","floor":44,"turns":5},{"damage":1,"enemies":"Jaw Worm Horde","floor":47,"turns":2},{"damage":45,"enemies":"Awakened One","floor":50,"turns":9}],"seed_played":"-3215742058337884684","potions_obtained":[{"floor":1,"key":"BloodPotion"},{"floor":11,"key":"Weak Potion"}],"is_trial":false,"path_per_floor":["M","?","M","$","M","R","?","R","T","M","E","R","$","E","R","B",null,"M","$","M","M","M","R","M","R","T","$","M","E","$","?","R","B",null,"M","$","M","?","$","R","M","?","T","E","R","$","M","$","R","B",null],"character_chosen":"IRONCLAD","items_purchased":["Armaments","Panache","Shrug It Off","Singing Bowl","Battle Trance","Apotheosis","Panache"],"campfire_rested":4,"item_purchase_floors":[4,4,13,30,36,39,46],"current_hp_per_floor":[70,70,72,72,70,70,70,70,70,61,33,54,54,46,46,30,72,72,72,68,67,72,72,69,69,69,69,67,67,67,33,55,61,76,78,78,78,78,78,78,80,82,82,83,84,84,86,86,86,47],"gold":85,"neow_bonus":"THREE_RARE_CARDS","is_prod":false,"is_daily":false,"chose_seed":false,"campfire_upgraded":5,"win_rate":0,"timestamp":1548465863,"path_taken":["M","?","M","$","M","R","?","R","T","M","E","R","$","E","R","BOSS","M","$","?","M","M","R","?","R","T","$","M","E","$","?","R","BOSS","M","$","M","?","?","R","M","?","T","E","R","$","M","?","R","BOSS"],"build_version":"2019-01-23","purchased_purges":1,"victory":true,"max_hp_per_floor":[72,72,72,72,72,72,72,72,72,72,72,72,72,72,72,72,72,72,72,72,72,72,72,72,72,72,72,72,72,72,74,74,76,76,78,78,78,78,78,78,80,82,82,84,84,84,86,86,86,86],"card_choices":[{"not_picked":["Impervious","Reaper"],"picked":"Juggernaut","floor":0},{"not_picked":["Hemokinesis","Pommel Strike","Flex"],"picked":"SKIP","floor":1},{"not_picked":["Dropkick","Searing Blow","Pommel Strike"],"picked":"SKIP","floor":3},{"not_picked":["Clothesline","Pommel Strike","Rupture"],"picked":"SKIP","floor":5},{"not_picked":["Infernal Blade","Wild Strike","Flex"],"picked":"SKIP","floor":10},{"not_picked":["Clash","Offering"],"picked":"Shrug It Off","floor":11},{"not_picked":["Pommel Strike","Hemokinesis","Limit Break"],"picked":"SKIP","floor":14},{"not_picked":["Fiend Fire","Exhume"],"picked":"Impervious","floor":16},{"not_picked":["Clash","Flex"],"picked":"Shrug It Off","floor":18},{"not_picked":["Heavy Blade","Rupture","Twin Strike"],"picked":"SKIP","floor":20},{"not_picked":["Rage","Heavy Blade","Seeing Red"],"picked":"SKIP","floor":21},{"not_picked":["Twin Strike","Pommel Strike+1"],"picked":"Juggernaut","floor":22},{"not_picked":["Pummel+1","Intimidate","Twin Strike"],"picked":"SKIP","floor":24},{"not_picked":["Sword Boomerang+1","Armaments","Double Tap"],"picked":"SKIP","floor":28},{"not_picked":["Inflame+1","Pommel Strike","True Grit"],"picked":"SKIP","floor":29},{"not_picked":["Hemokinesis","Reckless Charge","Heavy Blade"],"picked":"Singing Bowl","floor":31},{"not_picked":["Immolate","Berserk","Impervious"],"picked":"Singing Bowl","floor":33},{"not_picked":["Cleave","Second Wind+1","Clash+1"],"picked":"Singing Bowl","floor":35},{"not_picked":["Sword Boomerang+1","Havoc"],"picked":"Body Slam+1","floor":37},{"not_picked":["Heavy Blade","Infernal Blade+1","Dropkick+1"],"picked":"Singing Bowl","floor":41},{"not_picked":["Bloodletting","Armaments","Flex"],"picked":"Singing Bowl","floor":42},{"not_picked":["Disarm+1","Pommel Strike","Hemokinesis+1"],"picked":"Singing Bowl","floor":44},{"not_picked":["Second Wind+1","Clash+1","Seeing Red+1"],"picked":"Singing Bowl","floor":47}],"player_experience":570606,"relics_obtained":[{"floor":9,"key":"Ice Cream"},{"floor":11,"key":"Oddly Smooth Stone"},{"floor":14,"key":"Lantern"},{"floor":26,"key":"Sundial"},{"floor":29,"key":"Dodecahedron"},{"floor":31,"key":"Gambling Chip"},{"floor":31,"key":"Kunai"},{"floor":42,"key":"Torii"},{"floor":43,"key":"Bag of Preparation"},{"floor":44,"key":"Vajra"}],"event_choices":[{"damage_healed":0,"gold_gain":175,"player_choice":"AGREE","damage_taken":0,"max_hp_gain":0,"max_hp_loss":0,"event_name":"Liars Game","floor":2,"gold_loss":0,"cards_obtained":["Doubt"]},{"damage_healed":0,"gold_gain":0,"player_choice":"Ignored","damage_taken":0,"max_hp_gain":0,"max_hp_loss":0,"event_name":"Transmorgrifier","floor":7,"gold_loss":0},{"damage_healed":0,"gold_gain":0,"player_choice":"Fight","damage_taken":0,"max_hp_gain":0,"max_hp_loss":0,"event_name":"Colosseum","floor":31,"gold_loss":0},{"damage_healed":0,"gold_gain":0,"player_choice":"Fought Nobs","damage_taken":0,"max_hp_gain":0,"max_hp_loss":0,"event_name":"Colosseum","floor":31,"gold_loss":0},{"damage_healed":0,"gold_gain":0,"player_choice":"Ignored","damage_taken":0,"max_hp_gain":0,"max_hp_loss":0,"event_name":"WeMeetAgain","floor":38,"gold_loss":0},{"damage_healed":0,"gold_gain":0,"player_choice":"Fight","damage_taken":0,"max_hp_gain":0,"max_hp_loss":0,"event_name":"MindBloom","floor":42,"gold_loss":0}],"is_beta":false,"boss_relics":[{"not_picked":["Velvet Choker","Runic Pyramid"],"picked":"Sozu"},{"not_picked":["Empty Cage","Mark of Pain"],"picked":"Fusion Hammer"}],"items_purged_floors":[4],"is_endless":false,"potions_floor_spawned":[1,11,18,22,29,31,35,44],"ascension_level":0}