{"path_per_floor":["M","?","?","?","$","R","$","T","T","M","M","R","?","M","R","B",null,"M","?","?","?","?","R","E","M","T","M","R","?","R","M","R","B",null,"M","M","?","$","?","M","$","R","T","M","E","R","M","M","R","B"],"character_chosen":"IRONCLAD","items_purchased":["Armaments","Thunderclap","Master of Strategy","Cleave","Secret Weapon","Blood Vial"],"gold_per_floor":[118,118,118,118,64,64,10,10,10,33,54,54,4,22,22,153,153,168,93,93,93,93,93,137,153,228,252,252,252,252,275,275,403,403,417,432,765,466,466,480,52,52,52,65,93,93,104,119,119,119],"floor_reached":51,"campfire_rested":4,"playtime":6390,"current_hp_per_floor":[75,72,52,52,52,52,52,52,52,58,64,64,64,70,70,52,80,80,80,80,80,80,80,35,34,34,42,42,42,66,47,71,79,80,80,80,80,80,80,65,65,65,65,80,11,35,42,60,80,27],"items_purged":["Strike_R","Fiend Fire"],"gold":119,"play_id":"e38ba000-dd17-41e0-a0b9-306a93e8d3af","is_prod":false,"is_daily":false,"is_ascension_mode":false,"campfire_upgraded":6,"path_taken":["M","?","?","?","$","R","$","?","T","?","M","R","?","M","R","BOSS","M","?","?","?","?","R","E","M","T","M","R","?","R","M","R","BOSS","M","?","?","$","?","M","$","R","T","?","E","R","M","M","R","BOSS"],"build_version":"2018-02-02-BETA1","purchased_purges":3,"victory":true,"master_deck":["Strike_R","Defend_R","Defend_R","Defend_R","Bash+1","Shrug It Off+1","Armaments+1","Thunderclap+1","Iron Wave+1","Exhume","Rampage+1","Shrug It Off+1","Reaper+1","Disarm+1","Metallicize+1","Barricade+1","Impervious","Shockwave","Master of Strategy","Cleave+1","Secret Weapon","Pommel Strike+1"],"max_hp_per_floor":[80,80,80,80,80,80,80,80,80,80,80,80,80,80,80,80,80,80,80,80,80,80,80,80,80,80,80,80,80,80,80,80,80,80,80,80,80,80,80,80,80,80,80,80,80,80,80,80,80,80],"relics":["Black Blood","Anchor","Prayer Wheel","Oddly Smooth Stone","Molten Egg 2","Bottled Lightning","Matryoshka","Sozu","Blood Vial","Omamori","Bird Faced Urn","Whetstone"],"card_choices":[{"not_picked":["Flame Barrier","Headbutt"],"picked":"Shrug It Off"},{"not_picked":["Burning Pact","Twin Strike"],"picked":"Iron Wave"},{"not_picked":["Limit Break","Immolate"],"picked":"Exhume"},{"not_picked":["Shrug It Off","Flex"],"picked":"Rampage"},{"not_picked":["Wild Strike","Flex"],"picked":"Shrug It Off"},{"not_picked":["Clothesline","Heavy Blade"],"picked":"Reaper"},{"not_picked":["Flex","Clothesline"],"picked":"Disarm"},{"not_picked":["Sentinel","Rage"],"picked":"Metallicize"},{"not_picked":["Wild Strike","Twin Strike"],"picked":"Barricade"},{"not_picked":["Immolate","Dark Embrace"],"picked":"Impervious"},{"not_picked":["Pommel Strike","Clothesline"],"picked":"Shockwave"},{"not_picked":["True Grit","Iron Wave"],"picked":"Pommel Strike"}],"player_experience":220053,"potions_floor_usage":[16,18,18,24,31],"damage_taken":[{"damage":11,"enemies":"Blue Slaver","floor":1,"turns":4},{"damage":0,"enemies":"2 Louse","floor":10,"turns":2},{"damage":0,"enemies":"Small Slimes","floor":11,"turns":3},{"damage":0,"enemies":"2 Fungi Beasts","floor":14,"turns":4},{"damage":24,"enemies":"Hexaghost","floor":16,"turns":14},{"damage":0,"enemies":"2 Thieves","floor":18,"turns":4},{"damage":55,"enemies":"Book of Stabbing","floor":24,"turns":6},{"damage":11,"enemies":"Spheric Guardian","floor":25,"turns":10},{"damage":16,"enemies":"Snecko","floor":27,"turns":8},{"damage":39,"enemies":"Chosen and Byrds","floor":31,"turns":8},{"damage":7,"enemies":"Champ","floor":33,"turns":17},{"damage":3,"enemies":"Orb Walker","floor":35,"turns":4},{"damage":2,"enemies":"3 Darklings","floor":36,"turns":10},{"damage":30,"enemies":"Flame Bruiser 2 Orb","floor":40,"turns":11},{"damage":0,"enemies":"Maw","floor":44,"turns":10},{"damage":79,"enemies":"Nemesis","floor":45,"turns":28},{"damage":19,"enemies":"Sphere and 2 Shapes","floor":47,"turns":11},{"damage":12,"enemies":"3 Darklings","floor":48,"turns":10},{"damage":70,"enemies":"Awakened One","floor":50,"turns":28}],"event_choices":[{"event_name":"Scrap Ooze","player_choice":"success","floor":2,"damage_taken":3},{"event_name":"Golden Idol","player_choice":"Take Damage","floor":3,"damage_taken":0},{"event_name":"Purifier","player_choice":"One Purge","floor":4,"damage_taken":0},{"event_name":"The Cleric","player_choice":"Card Removal","floor":13,"damage_taken":0},{"event_name":"Beggar","player_choice":"Gave Gold","floor":19,"damage_taken":0},{"event_name":"Drug Dealer","player_choice":"Ignored","floor":20,"damage_taken":0},{"event_name":"The Mausoleum","player_choice":"Yes","floor":21,"damage_taken":0},{"event_name":"Vampires","player_choice":"Ignored","floor":22,"damage_taken":0},{"event_name":"Back to Basics","player_choice":"Elegance","floor":29,"damage_taken":0},{"event_name":"The Moai Head","player_choice":"Gave Idol","floor":37,"damage_taken":0},{"event_name":"The Lab","player_choice":"Got Potions","floor":39,"damage_taken":0}],"boss_relics":[{"not_picked":["Ectoplasm","Runic Pyramid"],"picked":"Black Blood"},{"not_picked":["Lizard Tail","Question Card"],"picked":"Sozu"}],"potions_floor_spawned":[1,14,16,18,24,35,40,44,48],"seed_played":"3170726371660049157","ascension_level":0,"is_trial":false}