{"gold_per_floor":[20,35,135,146,37,66,66,85,85,85,118,118,88],"floor_reached":13,"playtime":1726,"items_purged":["Defend_R"],"score":93,"play_id":"8135df38-4e1c-47d6-aa7d-6364308f56e1","local_time":"20190630083942","is_ascension_mode":false,"campfire_choices":[{"data":"Rampage","floor":7,"key":"SMITH"},{"data":"Combust","floor":10,"key":"SMITH"}],"neow_cost":"NO_GOLD","seed_source_timestamp":0,"circlet_count":0,"master_deck":["Strike_R","Strike_R","Strike_R","Strike_R","Strike_R","Defend_R","Defend_R","Defend_R","Bash","Brutality","Combust+1","Burning Pact","Rampage+1","Rupture","Headbutt","Hemokinesis","Fire Breathing"],"special_seed":0,"relics":["Burning Blood","Smiling Mask","Vajra","Bottled Flame"],"potions_floor_usage":[],"damage_taken":[{"damage":4.0,"enemies":"Cultist","floor":1.0,"turns":4.0},{"damage":10.0,"enemies":"Jaw Worm","floor":2.0,"turns":5.0},{"damage":2.0,"enemies":"Small Slimes","floor":4.0,"turns":3.0},{"damage":51,"enemies":"Lagavulin","floor":6,"turns":7},{"damage":8,"enemies":"2 Fungi Beasts","floor":8,"turns":2},{"damage":41,"enemies":"3 Sentries","floor":11,"turns":5},{"damage":14,"enemies":"Looter","floor":13,"turns":2}],"seed_played":"-5687724645505858506","potions_obtained":[{"floor":1.0,"key":"Swift Potion"},{"floor":6,"key":"FairyPotion"},{"floor":11,"key":"Fire Potion"}],"is_trial":false,"path_per_floor":["M","M","?","M","$","E","R","M","T","R","E","?","M"],"character_chosen":"IRONCLAD","items_purchased":["Rupture"],"campfire_rested":0,"item_purchase_floors":[5],"current_hp_per_floor":[80,76,76,80,80,35,35,33,33,33,13,10,0],"gold":88,"neow_bonus":"THREE_RARE_CARDS","is_prod":false,"is_daily":false,"chose_seed":false,"campfire_upgraded":2,"win_rate":1,"timestamp":1561901982,"path_taken":["M","M","?","?","$","E","R","M","T","R","E","?","M"],"build_version":"2019-01-23","purchased_purges":1,"victory":false,"max_hp_per_floor":[80,80,80,80,80,80,80,80,80,80,80,80,80],"card_choices":[{"not_picked":["Double Tap","Reaper"],"picked":"Brutality","floor":0.0},{"not_picked":["Clash","Headbutt"],"picked":"Combust","floor":1.0},{"not_picked":["Battle Trance","Power Through"],"picked":"Burning Pact","floor":2.0},{"not_picked":["Clash","Bloodletting"],"picked":"Rampage","floor":4.0},{"not_picked":["Heavy Blade","Carnage"],"picked":"Headbutt","floor":6},{"not_picked":["Iron Wave","Sword Boomerang"],"picked":"Hemokinesis","floor":8},{"not_picked":["Pummel","Cleave"],"picked":"Fire Breathing","floor":11}],"player_experience":77061,"relics_obtained":[{"floor":6,"key":"Smiling Mask"},{"floor":9,"key":"Vajra"},{"floor":11,"key":"Bottled Flame"}],"event_choices":[{"damage_healed":0.0,"max_hp_gain":0.0,"max_hp_loss":0.0,"gold_gain":100.0,"event_name":"Wheel of Change","player_choice":"Gold","floor":3.0,"gold_loss":0.0,"damage_taken":0.0},{"damage_healed":0,"gold_gain":0,"player_choice":"Fled","damage_taken":3,"max_hp_gain":0,"max_hp_loss":0,"event_name":"Scrap Ooze","floor":12,"gold_loss":0}],"is_beta":false,"boss_relics":[],"items_purged_floors":[5],"is_endless":false,"potions_floor_spawned":[1,6,11],"killed_by":"Looter","ascension_level":0}