{"gold_per_floor":[111,122,42,60,60,60,99,99,99,143,143,143,157,173,173,299,299,299,299,263,263,188,188,188,188,188,188,188,188,188,188,188,188,188,188,188,188,188,41,41,18,18,18,18,18,18,18,18,18,18],"floor_reached":50,"playtime":2348,"items_purged":["Decay"],"score":748,"play_id":"5f827104-8f4f-4dfd-8fea-48f7b2ae093f","local_time":"20181227085108","is_ascension_mode":true,"campfire_choices":[{"data":"Crippling Poison","floor":6.0,"key":"SMITH"},{"data":"Dash","floor":8.0,"key":"SMITH"},{"floor":11.0,"key":"REST"},{"data":"Neutralize","floor":15.0,"key":"SMITH"},{"data":"Noxious Fumes","floor":23.0,"key":"SMITH"},{"data":"Dodge and Roll","floor":24.0,"key":"SMITH"},{"data":"Flying Knee","floor":25.0,"key":"SMITH"},{"floor":32.0,"key":"REST"},{"floor":40.0,"key":"REST"},{"data":"Footwork","floor":42.0,"key":"SMITH"},{"floor":46.0,"key":"REST"},{"floor":49.0,"key":"REST"}],"neow_cost":"NONE","seed_source_timestamp":51904516402213,"circlet_count":0,"master_deck":["AscendersBane","Defend_G","Defend_G","Defend_G","Defend_G","Defend_G","Survivor","Neutralize+1","Sucker Punch+1","Crippling Poison+1","Caltrops","Flying Knee+1","Dash+1","All Out Attack","Infinite Blades","Dodge and Roll+1","Adrenaline","Slice+1","Noxious Fumes+1","Bane","Bite","Bite+1","Bite","Bite","Dash","Backflip+1","Footwork+1","Adrenaline","Catalyst","Cloak And Dagger","Blur"],"special_seed":0,"relics":["Ring of the Snake","Ice Cream","WingedGreaves","Orichalcum","Ectoplasm","Juzu Bracelet","Tiny House","Whetstone"],"potions_floor_usage":[50],"damage_taken":[{"damage":0.0,"enemies":"Jaw Worm","floor":1.0,"turns":6.0},{"damage":2.0,"enemies":"2 Louse","floor":2.0,"turns":3.0},{"damage":2.0,"enemies":"Cultist","floor":4.0,"turns":4.0},{"damage":19.0,"enemies":"Lagavulin","floor":7.0,"turns":8.0},{"damage":8.0,"enemies":"Gremlin Nob","floor":10.0,"turns":5.0},{"damage":0.0,"enemies":"Blue Slaver","floor":13.0,"turns":5.0},{"damage":0.0,"enemies":"3 Louse","floor":14.0,"turns":2.0},{"damage":14.0,"enemies":"Hexaghost","floor":16.0,"turns":10.0},{"damage":0.0,"enemies":"3 Byrds","floor":18.0,"turns":2.0},{"damage":12.0,"enemies":"Chosen","floor":21.0,"turns":5.0},{"damage":5.0,"enemies":"Centurion and Healer","floor":27.0,"turns":5.0},{"damage":3.0,"enemies":"Cultist and Chosen","floor":28.0,"turns":5.0},{"damage":24.0,"enemies":"Shelled Parasite and Fungi","floor":30.0,"turns":6.0},{"damage":15.0,"enemies":"Snake Plant","floor":31.0,"turns":5.0},{"damage":36.0,"enemies":"Collector","floor":33.0,"turns":11.0},{"damage":24.0,"enemies":"Orb Walker","floor":35.0,"turns":5.0},{"damage":0.0,"enemies":"3 Shapes","floor":36.0,"turns":6.0},{"damage":19.0,"enemies":"Jaw Worm Horde","floor":38.0,"turns":6.0},{"damage":48.0,"enemies":"Transient","floor":44.0,"turns":5.0},{"damage":12.0,"enemies":"3 Darklings","floor":47.0,"turns":6.0},{"damage":55,"enemies":"Donu and Deca","floor":50,"turns":8}],"seed_played":"5691052494555171968","potions_obtained":[{"floor":4.0,"key":"GhostInAJar"},{"floor":7.0,"key":"LiquidBronze"},{"floor":16.0,"key":"GamblersBrew"},{"floor":18.0,"key":"GhostInAJar"},{"floor":27.0,"key":"Dexterity Potion"},{"floor":31.0,"key":"LiquidBronze"},{"floor":33.0,"key":"Block Potion"},{"floor":34.0,"key":"SteroidPotion"},{"floor":35.0,"key":"PowerPotion"},{"floor":38.0,"key":"GhostInAJar"}],"is_trial":false,"path_per_floor":["M","M","$","M","?","R","R","T","E","R","?","M","M","R","B",null,"M","?","$","M","?","R","R","R","T","M","M","?","M","M","R","B",null,"M","M","?","M","$","R","$","R","T","M","?","R","M","?","R"],"character_chosen":"THE_SILENT","items_purchased":["Caltrops","Noxious Fumes","Catalyst","Cloak And Dagger"],"campfire_rested":5,"item_purchase_floors":[3,20,39,41],"current_hp_per_floor":[63,61,61,59,59,59,40,40,40,32,53,53,53,53,53,39,62,62,62,62,50,50,50,50,50,50,45,42,42,32,29,43,27,49,31,37,37,28,28,44,44,44,44,7,7,23,23,23,39,0],"gold":18,"neow_bonus":"REMOVE_CARD","is_prod":false,"is_daily":false,"chose_seed":false,"campfire_upgraded":7,"win_rate":0,"timestamp":1545897068,"path_taken":["M","M","$","M","?","R","E","R","T","E","R","?","M","M","R","BOSS","M","?","$","M","?","R","R","R","T","M","M","?","M","M","R","BOSS","M","M","?","M","$","R","$","R","T","M","?","R","M","?","R","BOSS"],"build_version":"2018-12-25","purchased_purges":1,"victory":false,"max_hp_per_floor":[70,70,70,70,70,70,70,70,70,70,70,70,70,70,70,70,70,70,70,70,70,70,70,70,70,70,70,70,49,49,49,49,49,54,54,54,54,54,54,54,54,54,54,54,54,54,54,54,54,54],"card_choices":[{"not_picked":["PiercingWail","Slice"],"picked":"Sucker Punch","floor":1.0},{"not_picked":["Blade Dance","Deflect"],"picked":"Crippling Poison","floor":2.0},{"not_picked":["Tactician","Accuracy"],"picked":"Flying Knee","floor":4.0},{"not_picked":["Die Die Die","Expertise"],"picked":"Dash","floor":7.0},{"not_picked":["PiercingWail","Blade Dance"],"picked":"All Out Attack","floor":10.0},{"not_picked":["Bane","Tactician"],"picked":"Infinite Blades","floor":13.0},{"not_picked":["Outmaneuver","Reflex"],"picked":"Dodge and Roll","floor":14.0},{"not_picked":["Storm of Steel","A Thousand Cuts"],"picked":"Adrenaline","floor":16.0},{"not_picked":["Distraction","Eviscerate"],"picked":"Slice","floor":18.0},{"not_picked":["Terror","Riddle With Holes"],"picked":"Bane","floor":21.0},{"not_picked":["Sucker Punch","PiercingWail","Poisoned Stab"],"picked":"SKIP","floor":27.0},{"not_picked":["Crippling Poison","Poisoned Stab","Dagger Spray"],"picked":"SKIP","floor":28.0},{"not_picked":["Blade Dance","Prepared","Dagger Spray"],"picked":"SKIP","floor":30.0},{"not_picked":["Dagger Spray","Setup"],"picked":"Dash","floor":31.0},{"not_picked":["Infinite Blades","Sucker Punch+1","Dagger Spray"],"picked":"SKIP","floor":35.0},{"not_picked":["Deflect+1","Setup+1"],"picked":"Backflip+1","floor":36.0},{"not_picked":["Calculated Gamble+1","Dagger Throw","Skewer"],"picked":"SKIP","floor":38.0},{"not_picked":["Slice","Masterful Stab"],"picked":"Blur","floor":44.0},{"not_picked":["Calculated Gamble","Backstab","Setup+1"],"picked":"SKIP","floor":47.0}],"player_experience":711789,"relics_obtained":[{"floor":7.0,"key":"Ice Cream"},{"floor":9.0,"key":"WingedGreaves"},{"floor":10.0,"key":"Orichalcum"},{"floor":26.0,"key":"Juzu Bracelet"},{"floor":43.0,"key":"Whetstone"}],"event_choices":[{"damage_healed":0.0,"max_hp_gain":0.0,"max_hp_loss":0.0,"gold_gain":0.0,"event_name":"Golden Idol","player_choice":"Take Wound","floor":5.0,"gold_loss":0.0,"damage_taken":0.0,"relics_obtained":["Golden Idol"],"cards_obtained":["Injury"]},{"cards_removed":["Injury"],"damage_healed":0.0,"max_hp_gain":0.0,"max_hp_loss":0.0,"gold_gain":0.0,"event_name":"Fountain of Cleansing","player_choice":"Removed Curses","floor":12.0,"gold_loss":0.0,"damage_taken":0.0},{"damage_healed":0.0,"max_hp_gain":0.0,"max_hp_loss":0.0,"gold_gain":0.0,"event_name":"Ghosts","player_choice":"Ignored","floor":19.0,"gold_loss":0.0,"damage_taken":0.0},{"cards_removed":["Strike_G"],"damage_healed":0.0,"max_hp_gain":0.0,"max_hp_loss":0.0,"gold_gain":0.0,"event_name":"Beggar","player_choice":"Gave Gold","floor":22.0,"gold_loss":75.0,"damage_taken":0.0},{"damage_healed":0.0,"max_hp_gain":0.0,"max_hp_loss":21.0,"gold_gain":0.0,"event_name":"Vampires","player_choice":"Became a vampire","floor":29.0,"gold_loss":0.0,"damage_taken":0.0,"cards_obtained":["Bite","Bite","Bite","Bite","Bite"]},{"damage_healed":0.0,"max_hp_gain":0.0,"max_hp_loss":0.0,"gold_gain":0.0,"event_name":"Match and Keep!","player_choice":"3 cards matched","floor":37.0,"gold_loss":0.0,"damage_taken":0.0,"cards_obtained":["Decay","Footwork","Adrenaline"]},{"cards_removed":["Bite"],"damage_healed":0.0,"max_hp_gain":0.0,"max_hp_loss":0.0,"gold_gain":0.0,"event_name":"Purifier","player_choice":"Purged","floor":45.0,"gold_loss":0.0,"damage_taken":0.0},{"damage_healed":0.0,"max_hp_gain":0.0,"max_hp_loss":0.0,"gold_gain":333.0,"event_name":"The Moai Head","player_choice":"Gave Idol","floor":48.0,"relics_lost":["Golden Idol"],"gold_loss":0.0,"damage_taken":0.0}],"is_beta":true,"boss_relics":[{"not_picked":["Black Star","Velvet Choker"],"picked":"Ectoplasm"},{"not_picked":["Cursed Key","Fusion Hammer"],"picked":"Tiny House"}],"items_purged_floors":[39],"is_endless":false,"potions_floor_spawned":[4,7,10,13,16,18,27,31,33,35,38],"killed_by":"Donu and Deca","ascension_level":12}