{"gold_per_floor":[217,233,52,64,80,80,91,91,91,91,181,181,215,232,232,333,333,348,348,367,466,31,51,51,65,65,12,27,45,45,60,60,156,156,166,66,77,66,83,83,133,133,157,157],"floor_reached":44,"playtime":1404,"items_purged":[],"score":412,"play_id":"c7d6afaf-4e7d-4935-ac8f-15f9912619ae","local_time":"20181201095546","is_ascension_mode":false,"campfire_choices":[{"data":"Zap","floor":6,"key":"SMITH"},{"data":"Hologram","floor":8,"key":"SMITH"},{"data":"Dualcast","floor":12,"key":"SMITH"},{"data":"Capacitor","floor":15,"key":"SMITH"},{"floor":24,"key":"REST"},{"floor":32,"key":"REST"},{"floor":40,"key":"REST"},{"floor":42,"key":"REST"}],"neow_cost":"NONE","seed_source_timestamp":390561930599008,"circlet_count":0,"master_deck":["Strike_B","Strike_B","Strike_B","Strike_B","Defend_B","Defend_B","Defend_B","Defend_B","Zap+1","Dualcast+1","Ball Lightning","Go for the Eyes","Capacitor+1","Hologram+1","Steam","Ball Lightning","Leap","Defragment","FTL+1","Capacitor","Gash+1","Gash+1","Seek","Cold Snap+1","Steam","Stack+1","Stack","Gash+1","Undo+1"],"relics":["FrozenCore","Blood Vial","Shuriken","Tiny Chest","Meat on the Bone","Fusion Hammer","Membership Card","Kunai","Cables","Torii","MutagenicStrength","Whetstone","Incense Burner","Regal Pillow"],"potions_floor_usage":[13,18,29,31,33],"damage_taken":[{"damage":0,"enemies":"Cultist","floor":1,"turns":3},{"damage":2,"enemies":"2 Louse","floor":2,"turns":2},{"damage":3,"enemies":"Small Slimes","floor":4,"turns":3},{"damage":3,"enemies":"Blue Slaver","floor":5,"turns":4},{"damage":18,"enemies":"Exordium Wildlife","floor":7,"turns":5},{"damage":13,"enemies":"3 Sentries","floor":11,"turns":6},{"damage":15,"enemies":"Gremlin Nob","floor":13,"turns":4},{"damage":0,"enemies":"3 Louse","floor":14,"turns":2},{"damage":15,"enemies":"Hexaghost","floor":16,"turns":9},{"damage":0,"enemies":"3 Byrds","floor":18,"turns":3},{"damage":21,"enemies":"Spheric Guardian","floor":20,"turns":4},{"damage":12,"enemies":"Snake Plant","floor":23,"turns":4},{"damage":11,"enemies":"Shelled Parasite and Fungi","floor":25,"turns":6},{"damage":14,"enemies":"Chosen and Byrds","floor":28,"turns":5},{"damage":17,"enemies":"3 Cultists","floor":29,"turns":5},{"damage":2,"enemies":"Cultist and Chosen","floor":31,"turns":4},{"damage":33,"enemies":"Automaton","floor":33,"turns":9},{"damage":5,"enemies":"3 Shapes","floor":35,"turns":4},{"damage":18,"enemies":"Orb Walker","floor":37,"turns":5},{"damage":11,"enemies":"Transient","floor":39,"turns":5},{"damage":17,"enemies":"2 Orb Walkers","floor":41,"turns":7},{"damage":15,"enemies":"Writhing Mass","floor":44,"turns":5}],"seed_played":"8160395151685693290","potions_obtained":[{"floor":1,"key":"EssenceOfSteel"},{"floor":11,"key":"Explosive Potion"},{"floor":14,"key":"Swift Potion"},{"floor":18,"key":"Explosive Potion"},{"floor":25,"key":"Ancient Potion"},{"floor":31,"key":"SkillPotion"},{"floor":33,"key":"SteroidPotion"},{"floor":37,"key":"EntropicBrew"}],"is_trial":false,"path_per_floor":["M","M","$","M","M","R","M","R","T","$","?","R","E","M","R","B",null,"M","?","M","?","$","M","R","M","T","$","M","M","?","M","R","B",null,"M","$","M","$","M","R","?","R","T","M"],"character_chosen":"DEFECT","items_purchased":["Capacitor","Blood Vial","Membership Card","Kunai","Cables","FTL","Capacitor","Steam","Whetstone","Stack"],"campfire_rested":4,"item_purchase_floors":[3,3,22,22,22,27,27,36,36,38],"current_hp_per_floor":[75,73,73,72,71,71,55,55,55,55,44,44,31,45,45,44,75,75,75,54,54,54,44,66,57,57,57,45,42,42,42,64,45,75,70,70,54,54,45,67,52,74,74,60],"gold":157,"neow_bonus":"HUNDRED_GOLD","is_prod":false,"is_daily":false,"chose_seed":false,"campfire_upgraded":4,"win_rate":0,"timestamp":1543650946,"path_taken":["M","M","$","M","M","R","M","R","T","$","?","R","E","M","R","BOSS","M","?","M","?","$","M","R","M","T","$","M","M","?","M","R","BOSS","M","$","M","$","M","R","?","R","T","M"],"build_version":"2018-11-15","purchased_purges":0,"victory":false,"max_hp_per_floor":[75,75,75,75,75,75,75,75,75,75,75,75,75,75,75,75,75,75,75,75,75,75,75,75,75,75,75,75,75,75,75,75,75,75,75,75,75,75,75,75,75,75,75,75],"card_choices":[{"not_picked":["Consume","Cold Snap"],"picked":"Ball Lightning","floor":1},{"not_picked":["Cold Snap","Hologram"],"picked":"Go for the Eyes","floor":2},{"not_picked":["Redo","Cold Snap"],"picked":"Hologram","floor":4},{"not_picked":["Go for the Eyes","Coolheaded","Chill"],"picked":"SKIP","floor":5},{"not_picked":["Turbo","Rebound"],"picked":"Steam","floor":7},{"not_picked":["Rebound","Melter"],"picked":"Ball Lightning","floor":11},{"not_picked":["Coolheaded","Barrage","Amplify"],"picked":"SKIP","floor":13},{"not_picked":["Skim","Cold Snap"],"picked":"Leap","floor":14},{"not_picked":["Redo+1","Fusion","Hologram"],"picked":"SKIP","floor":18},{"not_picked":["Reprogram","Chaos+1"],"picked":"Defragment","floor":20},{"not_picked":["Undo","Cold Snap","Melter"],"picked":"SKIP","floor":23},{"not_picked":["Redo+1","Undo","Leap"],"picked":"SKIP","floor":25},{"not_picked":["Force Field","Barrage"],"picked":"Gash","floor":28},{"not_picked":["Coolheaded","Compile Driver","Scrape"],"picked":"SKIP","floor":29},{"not_picked":["Static Discharge","Chaos"],"picked":"Gash+1","floor":31},{"not_picked":["Hyperbeam","Creative AI"],"picked":"Seek","floor":33},{"not_picked":["Ball Lightning+1","Hologram+1"],"picked":"Cold Snap+1","floor":35},{"not_picked":["Storm+1","Redo"],"picked":"Stack+1","floor":37},{"not_picked":["Capacitor","Turbo"],"picked":"Gash+1","floor":39},{"not_picked":["Turbo+1","Steam+1"],"picked":"Undo+1","floor":41}],"player_experience":507676,"relics_obtained":[{"floor":9,"key":"Shuriken"},{"floor":11,"key":"Tiny Chest"},{"floor":13,"key":"Meat on the Bone"},{"floor":26,"key":"Torii"},{"floor":41,"key":"Incense Burner"},{"floor":43,"key":"Regal Pillow"}],"event_choices":[{"damage_healed":0,"gold_gain":30,"player_choice":"Searched \u00272\u0027 times","damage_taken":0,"max_hp_gain":0,"max_hp_loss":0,"event_name":"Dead Adventurer","floor":11,"gold_loss":0},{"damage_healed":0,"gold_gain":0,"player_choice":"Ignored","damage_taken":0,"max_hp_gain":0,"max_hp_loss":0,"event_name":"Ghosts","floor":19,"gold_loss":0},{"damage_healed":0,"gold_gain":99,"player_choice":"Stole From Cult","damage_taken":0,"max_hp_gain":0,"max_hp_loss":0,"event_name":"Nest","floor":21,"gold_loss":0},{"damage_healed":0,"gold_gain":0,"player_choice":"Inject Mutagens","damage_taken":0,"relics_obtained":["MutagenicStrength"],"max_hp_gain":0,"max_hp_loss":0,"event_name":"Drug Dealer","floor":30,"gold_loss":0},{"damage_healed":0,"gold_gain":0,"player_choice":"Fight","damage_taken":0,"max_hp_gain":0,"max_hp_loss":0,"event_name":"Mysterious Sphere","floor":41,"gold_loss":0}],"is_beta":false,"boss_relics":[{"not_picked":["Runic Pyramid","Sozu"],"picked":"Fusion Hammer"},{"not_picked":["Calling Bell","Orrery"],"picked":"FrozenCore"}],"items_purged_floors":[],"is_endless":false,"potions_floor_spawned":[1,11,14,18,25,31,33,37,41],"killed_by":"Writhing Mass","ascension_level":0}