{"gold_per_floor":[115,115,132,84,101,101,121,121,148,0,0,15,15,29,29,152,152,170,183,183,55,0,0,14,14,91,110,133,133,133,148,148,148],"floor_reached":33,"playtime":765,"items_purged":[],"score":239,"play_id":"23bd56b9-56e0-47bf-8bc4-586abb062a8c","local_time":"20181224195437","is_ascension_mode":false,"campfire_choices":[{"data":"Shrug It Off","floor":6.0,"key":"SMITH"},{"data":"Bash","floor":8.0,"key":"SMITH"},{"data":"Inflame","floor":15.0,"key":"SMITH"},{"data":"Limit Break","floor":23,"key":"SMITH"},{"floor":29,"key":"REST"},{"data":"Inflame","floor":32,"key":"SMITH"}],"neow_cost":"NONE","seed_source_timestamp":342264950297898,"circlet_count":0,"master_deck":["Strike_R","Strike_R","Strike_R","Strike_R","Strike_R","Defend_R","Defend_R","Defend_R","Defend_R","Bash+1","Shrug It Off+1","Dropkick","Inflame+1","Limit Break+1","Inflame+1","Shrug It Off","Shrug It Off","Thunderclap"],"special_seed":0,"relics":["Burning Blood","Smiling Mask","Dream Catcher","Vajra","Golden Idol","Question Card","Sozu","Tiny Chest"],"potions_floor_usage":[],"damage_taken":[{"damage":1.0,"enemies":"Cultist","floor":1.0,"turns":3.0},{"damage":0.0,"enemies":"Small Slimes","floor":3.0,"turns":3.0},{"damage":6.0,"enemies":"Jaw Worm","floor":5.0,"turns":4.0},{"damage":11.0,"enemies":"Looter","floor":7.0,"turns":4.0},{"damage":3.0,"enemies":"Blue Slaver","floor":12.0,"turns":4.0},{"damage":7.0,"enemies":"3 Louse","floor":14.0,"turns":5.0},{"damage":40.0,"enemies":"Hexaghost","floor":16.0,"turns":11.0},{"damage":0.0,"enemies":"Chosen","floor":18.0,"turns":4.0},{"damage":21.0,"enemies":"2 Thieves","floor":19.0,"turns":5.0},{"damage":0,"enemies":"Centurion and Healer","floor":24,"turns":5},{"damage":22,"enemies":"Shelled Parasite and Fungi","floor":27,"turns":4},{"damage":33,"enemies":"Snake Plant","floor":28,"turns":4},{"damage":12,"enemies":"Sentry and Sphere","floor":31,"turns":5},{"damage":72,"enemies":"Automaton","floor":33,"turns":6}],"seed_played":"4676639805152295901","potions_obtained":[{"floor":5.0,"key":"SteroidPotion"},{"floor":7.0,"key":"Block Potion"},{"floor":12.0,"key":"Dexterity Potion"}],"is_trial":false,"path_per_floor":["M","?","M","$","M","R","M","R","T","$","?","M","T","M","R","B",null,"M","M","?","$","?","R","M","$","T","M","M","R","?","M","R","B"],"character_chosen":"IRONCLAD","items_purchased":["Shrug It Off","Vajra","Inflame","Shrug It Off"],"campfire_rested":1,"item_purchase_floors":[4,10,21,21],"current_hp_per_floor":[80,80,80,80,80,80,75,75,75,75,55,58,58,57,57,23,80,80,65,65,65,65,65,71,71,71,55,28,52,52,46,46,0],"gold":148,"neow_bonus":"RANDOM_COMMON_RELIC","is_prod":false,"is_daily":false,"chose_seed":false,"campfire_upgraded":5,"win_rate":0,"timestamp":1545674077,"path_taken":["M","?","M","$","M","R","?","R","T","$","?","M","?","M","R","BOSS","M","M","?","$","?","R","M","$","T","M","M","R","?","M","R","BOSS"],"build_version":"2018-12-20","purchased_purges":0,"victory":false,"max_hp_per_floor":[80,80,80,80,80,80,80,80,80,80,80,80,80,80,80,80,80,80,80,80,80,80,80,80,80,80,80,80,80,80,80,80,80],"card_choices":[{"not_picked":["Cleave","Clothesline","Warcry"],"picked":"SKIP","floor":1.0},{"not_picked":["Anger","Cleave","Flame Barrier"],"picked":"SKIP","floor":3.0},{"not_picked":["Clothesline","Corruption","Heavy Blade"],"picked":"SKIP","floor":5.0},{"not_picked":["Second Wind","Power Through","Heavy Blade"],"picked":"SKIP","floor":7.0},{"not_picked":["Bloodletting","Fiend Fire"],"picked":"Dropkick","floor":12.0},{"not_picked":["Warcry","Seeing Red","Perfected Strike"],"picked":"Inflame","floor":14.0},{"not_picked":["Dark Embrace","Fiend Fire","Double Tap"],"picked":"Limit Break","floor":16.0},{"not_picked":["Perfected Strike","True Grit","Warcry","Anger"],"picked":"SKIP","floor":18.0},{"not_picked":["Clothesline","Power Through","Body Slam","Havoc+1"],"picked":"SKIP","floor":19.0},{"not_picked":["Sever Soul","Body Slam","Armaments","Second Wind"],"picked":"SKIP","floor":24},{"not_picked":["Pommel Strike","Havoc","Flex+1","Entrench"],"picked":"SKIP","floor":27},{"not_picked":["Twin Strike","Wild Strike","Fire Breathing"],"picked":"Shrug It Off","floor":28},{"not_picked":["Clothesline","Pummel","Twin Strike"],"picked":"Thunderclap","floor":29},{"not_picked":["Body Slam","Immolate","Anger","Thunderclap"],"picked":"SKIP","floor":31}],"player_experience":529400,"relics_obtained":[{"floor":9.0,"key":"Dream Catcher"},{"floor":13.0,"key":"Question Card"},{"floor":26,"key":"Tiny Chest"}],"event_choices":[{"damage_healed":0.0,"max_hp_gain":0.0,"max_hp_loss":0.0,"gold_gain":0.0,"event_name":"NoteForYourself","player_choice":"Ignored","floor":2.0,"gold_loss":0.0,"damage_taken":0.0},{"damage_healed":0.0,"max_hp_gain":0.0,"max_hp_loss":0.0,"gold_gain":0.0,"event_name":"Golden Idol","player_choice":"Take Damage","floor":11.0,"gold_loss":0.0,"damage_taken":20.0,"relics_obtained":["Golden Idol"]},{"damage_healed":0.0,"max_hp_gain":0.0,"max_hp_loss":0.0,"gold_gain":0.0,"event_name":"Beggar","player_choice":"Ignored","floor":20.0,"gold_loss":0.0,"damage_taken":0.0},{"damage_healed":0,"gold_gain":0,"player_choice":"Paid Fearfully","damage_taken":0,"max_hp_gain":0,"max_hp_loss":0,"event_name":"Masked Bandits","floor":22,"gold_loss":55},{"damage_healed":0,"gold_gain":0,"player_choice":"Ignored","damage_taken":0,"max_hp_gain":0,"max_hp_loss":0,"event_name":"Vampires","floor":30,"gold_loss":0}],"is_beta":false,"boss_relics":[{"not_picked":["Runic Cube","Calling Bell"],"picked":"Sozu"}],"items_purged_floors":[],"is_endless":false,"potions_floor_spawned":[5,7,12,18,19,27,28],"killed_by":"Automaton","ascension_level":0}