{"path_per_floor":["M","?","?","M","M","$","?","R","T","M","R","M","M","M","R","B",null,"M","$","?","?","$","R","M","R","T","M","R","M","?","$","R"],"character_chosen":"IRONCLAD","items_purchased":["Shrug It Off","Headbutt","Bag of Preparation"],"gold_per_floor":[110,60,60,80,94,49,83,83,83,108,108,126,149,165,165,296,296,312,262,262,212,56,56,76,76,76,91,91,106,106,106,106],"floor_reached":33,"campfire_rested":0,"playtime":3209,"current_hp_per_floor":[77,77,74,74,74,74,64,64,64,60,60,66,68,63,63,9,74,62,62,62,62,62,62,70,70,70,55,55,42,42,42,42],"items_purged":[],"gold":106,"play_id":"e6af5cb0-00f4-4107-a906-495e7a88a36b","is_prod":false,"is_daily":false,"campfire_rituals":0,"campfire_upgraded":7,"is_hardmode":false,"path_taken":["M","?","?","M","M","$","?","R","T","M","R","?","M","M","R","BOSS","M","$","?","?","$","R","M","R","T","?","R","M","?","$","R","BOSS"],"build_version":"2018-01-18-PROD4","purchased_purges":1,"victory":false,"master_deck":["Strike_R","Strike_R","Strike_R","Strike_R","Defend_R","Defend_R","Impervious","Cleave","Rampage","Clash","Shrug It Off","Thunderclap","Armaments","Inflame","Reckless Charge","Offering","Perfected Strike","Twin Strike","Offering","Flex","Headbutt","Infernal Blade"],"max_hp_per_floor":[80,80,74,74,74,74,74,74,74,74,74,74,74,74,74,74,74,74,74,74,74,74,74,74,74,74,74,74,74,74,74,74],"relics":["Burning Blood","Bloody Idol","Odd Mushroom","Molten Egg","Astrolabe","Bag of Preparation","Regal Pillow"],"campfire_meditates":0,"card_choices":[{"not_picked":["Bloodletting","Rampage"],"picked":"Cleave"},{"not_picked":["Flame Barrier","Dropkick"],"picked":"Rampage"},{"not_picked":["Uppercut","Searing Blow"],"picked":"Clash"},{"not_picked":["Uppercut","Dark Embrace"],"picked":"Thunderclap"},{"not_picked":["Thunderclap","Feel No Pain"],"picked":"Armaments"},{"not_picked":["Twin Strike","Pommel Strike"],"picked":"Inflame"},{"not_picked":["Dual Wield","Twin Strike"],"picked":"Reckless Charge"},{"not_picked":["Dark Embrace","Juggernaut"],"picked":"Offering"},{"not_picked":["Sword Boomerang","Thunderclap"],"picked":"Flex"},{"not_picked":["Combust","Offering"],"picked":"Infernal Blade"}],"player_experience":4915,"potions_floor_usage":[33,33],"damage_taken":[{"damage":9,"enemies":"Blue Slaver","floor":1,"turns":5},{"damage":2,"enemies":"Small Slimes","floor":4,"turns":4},{"damage":1,"enemies":"Jaw Worm","floor":5,"turns":4},{"damage":16,"enemies":"The Mushroom Lair","floor":7,"turns":5},{"damage":10,"enemies":"Large Slime","floor":10,"turns":6},{"damage":0,"enemies":"2 Fungi Beasts","floor":12,"turns":2},{"damage":4,"enemies":"3 Louse","floor":13,"turns":2},{"damage":11,"enemies":"Red Slaver","floor":14,"turns":4},{"damage":60,"enemies":"Hexaghost","floor":16,"turns":13},{"damage":18,"enemies":"Shell Parasite","floor":18,"turns":4},{"damage":8,"enemies":"2 Thieves","floor":24,"turns":2},{"damage":26,"enemies":"Centurion and Healer","floor":27,"turns":3},{"damage":24,"enemies":"Sentry and Sphere","floor":29,"turns":4},{"damage":42,"enemies":"Automaton","floor":33,"turns":6}],"event_choices":[{"event_name":"The Cleric","player_choice":"Card Removal","floor":2,"damage_taken":0},{"event_name":"Golden Idol","player_choice":"Lose Max HP","floor":3,"damage_taken":0},{"event_name":"Mushrooms","player_choice":"Fought Mushrooms","floor":7,"damage_taken":0},{"event_name":"Forgotten Altar","player_choice":"Gave Idol","floor":20,"damage_taken":0},{"event_name":"The Joust","player_choice":"Bet on Owner","floor":21,"damage_taken":0},{"event_name":"Back to Basics","player_choice":"Simplicity","floor":30,"damage_taken":0}],"boss_relics":[{"not_picked":["Calling Bell","Question Card"],"picked":"Astrolabe"}],"potions_floor_spawned":[1,4,10,12,29],"seed_played":"7507992970107018229","killed_by":"Automaton","is_trial":false}