{"gold_per_floor":[212,232,232,2,15,15,35,35,109,79,79,92,127,73,73,73],"floor_reached":16,"playtime":535,"items_purged":[],"score":100,"play_id":"9158df25-b3bb-40ec-b27c-01845819b327","local_time":"20181022023544","is_ascension_mode":false,"campfire_choices":[{"data":"Footwork","floor":11,"key":"SMITH"},{"floor":15,"key":"REST"}],"neow_cost":"NONE","seed_source_timestamp":83637161667513,"circlet_count":0,"master_deck":["Defend_G","Defend_G","Defend_G","Defend_G","Defend_G","Strike_G","Strike_G","Strike_G","Strike_G","Strike_G","Survivor","Neutralize","Backflip","Footwork+1","Crippling Poison","Deflect","Deflect"],"relics":["Ring of the Snake","Snake Skull","Regal Pillow","Kunai","Letter Opener"],"potions_floor_usage":[13],"damage_taken":[{"damage":2,"enemies":"Cultist","floor":1,"turns":6},{"damage":0,"enemies":"Jaw Worm","floor":2,"turns":4},{"damage":5,"enemies":"2 Louse","floor":5,"turns":5},{"damage":6,"enemies":"Red Slaver","floor":7,"turns":6},{"damage":2,"enemies":"Looter","floor":10,"turns":4},{"damage":12,"enemies":"Exordium Wildlife","floor":12,"turns":5},{"damage":33,"enemies":"Gremlin Nob","floor":13,"turns":7},{"damage":42,"enemies":"Slime Boss","floor":16,"turns":15}],"seed_played":"-4139737033358190776","potions_obtained":[{"floor":7,"key":"Weak Potion"},{"floor":12,"key":"Ancient Potion"},{"floor":13,"key":"SteroidPotion"}],"is_trial":false,"path_per_floor":["M","M","?","$","M","?","M","$","T","M","R","M","E","$","R"],"character_chosen":"THE_SILENT","items_purchased":["Footwork","Snake Skull","Deflect"],"campfire_rested":1,"item_purchase_floors":[4,4,14],"current_hp_per_floor":[68,68,73,73,68,61,55,55,55,53,53,41,8,8,45,3],"gold":73,"neow_bonus":"HUNDRED_GOLD","is_prod":false,"is_daily":false,"chose_seed":false,"campfire_upgraded":1,"win_rate":0,"timestamp":1540164944,"path_taken":["M","M","?","$","?","?","M","$","T","M","R","M","E","$","R","BOSS"],"build_version":"2018-10-18","purchased_purges":0,"victory":false,"max_hp_per_floor":[70,70,75,75,75,75,75,75,75,75,75,75,75,75,75,75],"card_choices":[{"not_picked":["Slice","Backflip","Acrobatics"],"picked":"SKIP","floor":1},{"not_picked":["Slice","Acrobatics"],"picked":"Backflip","floor":1},{"not_picked":["Blade Dance","Underhanded Strike","Dodge and Roll"],"picked":"SKIP","floor":2},{"not_picked":["Quick Slash","Prepared","Eviscerate"],"picked":"SKIP","floor":5},{"not_picked":["Deadly Poison","Acrobatics"],"picked":"Crippling Poison","floor":7},{"not_picked":["Bane","Unload"],"picked":"Deflect","floor":10},{"not_picked":["Outmaneuver","Choke","Dagger Throw"],"picked":"SKIP","floor":12},{"not_picked":["Endless Agony","PiercingWail","Sucker Punch"],"picked":"SKIP","floor":13}],"player_experience":427076,"relics_obtained":[{"floor":9,"key":"Kunai"},{"floor":13,"key":"Letter Opener"}],"event_choices":[{"damage_healed":0,"gold_gain":0,"player_choice":"Donut","damage_taken":0,"max_hp_gain":5,"max_hp_loss":0,"event_name":"Big Fish","floor":3,"gold_loss":0},{"damage_healed":0,"gold_gain":0,"player_choice":"Success","damage_taken":7,"relics_obtained":["Regal Pillow"],"max_hp_gain":0,"max_hp_loss":0,"event_name":"Scrap Ooze","floor":6,"gold_loss":0}],"is_beta":false,"boss_relics":[],"items_purged_floors":[],"is_endless":false,"potions_floor_spawned":[7,12,13],"killed_by":"Slime Boss","ascension_level":0}