{"gold_per_floor":[115,115,115,115,134,134,169,169,169,169,187,28,43,62,62,190,190,206,305,319,342,361,361,380,63,86,100,100,100,46,46,46,170,170,188,204,304,90,103,103,138,138,192,56,69,84,0,20,20,20],"floor_reached":51,"playtime":1590,"items_purged":["Defend_R","Writhe"],"score":729,"play_id":"1ed86dab-e564-43ae-bb30-cc25dd392702","local_time":"20181120040644","is_ascension_mode":false,"campfire_choices":[{"data":"Trip","floor":6,"key":"SMITH"},{"data":"Dropkick","floor":10,"key":"SMITH"},{"data":"Armaments","floor":15,"key":"SMITH"},{"data":"Bash","floor":23,"key":"SMITH"},{"data":"Whirlwind","floor":28,"key":"SMITH"},{"data":"J.A.X.","floor":32,"key":"SMITH"},{"data":"Rupture","floor":40,"key":"SMITH"},{"floor":42,"key":"REST"},{"floor":49,"key":"REST"}],"neow_cost":"NONE","seed_source_timestamp":13143011659966,"circlet_count":0,"master_deck":["Strike_R","Strike_R","Strike_R","Strike_R","Strike_R","Defend_R","Defend_R","Defend_R","Bash+1","Trip+1","Sword Boomerang+1","Dropkick+1","Armaments+1","Offering","Whirlwind+1","Dropkick","Shockwave","J.A.X.+1","Double Tap","Rupture+1","Headbutt","Dropkick+1","Dropkick"],"relics":["Burning Blood","Golden Idol","Blue Candle","The Courier","Pear","Orichalcum","Philosopher\u0027s Stone","Centennial Puzzle","Gremlin Horn","Red Skull","Cursed Key","Lantern","Anchor","Blood Vial","Red Mask"],"potions_floor_usage":[16,16,33,39,50,50,50],"damage_taken":[{"damage":0,"enemies":"2 Louse","floor":1,"turns":2},{"damage":6,"enemies":"Jaw Worm","floor":5,"turns":3},{"damage":36,"enemies":"Gremlin Nob","floor":7,"turns":5},{"damage":0,"enemies":"Small Slimes","floor":11,"turns":2},{"damage":13,"enemies":"Exordium Wildlife","floor":13,"turns":4},{"damage":17,"enemies":"Large Slime","floor":14,"turns":5},{"damage":18,"enemies":"Slime Boss","floor":16,"turns":7},{"damage":10,"enemies":"3 Byrds","floor":18,"turns":5},{"damage":8,"enemies":"Chosen","floor":20,"turns":3},{"damage":13,"enemies":"Snecko","floor":21,"turns":5},{"damage":24,"enemies":"Snake Plant","floor":22,"turns":5},{"damage":28,"enemies":"Centurion and Healer","floor":24,"turns":5},{"damage":6,"enemies":"3 Cultists","floor":27,"turns":2},{"damage":25,"enemies":"Collector","floor":33,"turns":4},{"damage":3,"enemies":"3 Shapes","floor":35,"turns":3},{"damage":9,"enemies":"3 Darklings","floor":36,"turns":2},{"damage":53,"enemies":"Writhing Mass","floor":39,"turns":4},{"damage":9,"enemies":"Reptomancer","floor":41,"turns":1},{"damage":8,"enemies":"Spire Growth","floor":45,"turns":3},{"damage":9,"enemies":"Maw","floor":46,"turns":3},{"damage":31,"enemies":"3 Darklings","floor":48,"turns":3},{"damage":15,"enemies":"Donu and Deca","floor":50,"turns":2}],"seed_played":"4516220982247391463","potions_obtained":[{"floor":7,"key":"EssenceOfSteel"},{"floor":11,"key":"Poison Potion"},{"floor":16,"key":"Strength Potion"},{"floor":18,"key":"LiquidBronze"},{"floor":20,"key":"SpeedPotion"},{"floor":33,"key":"SteroidPotion"},{"floor":36,"key":"Block Potion"},{"floor":46,"key":"SkillPotion"}],"is_trial":false,"path_per_floor":["M","?","$","?","M","R","E","?","T","R","M","$","M","M","R","B",null,"M","?","M","M","M","R","M","$","T","M","R","?","$","?","R","B",null,"M","M","?","$","M","R","E","R","T","$","M","M","?","M","R","B",null],"character_chosen":"IRONCLAD","items_purchased":["Orichalcum","Armaments","Centennial Puzzle","Gremlin Horn","Shockwave","Rupture","Lantern","Dropkick"],"campfire_rested":2,"item_purchase_floors":[12,12,25,25,30,38,38,44],"current_hp_per_floor":[80,60,60,57,57,57,27,27,37,37,43,43,36,25,25,13,90,86,86,84,77,59,59,37,37,37,37,37,37,37,37,37,18,90,90,87,87,87,40,40,37,64,64,64,64,63,63,40,67,60],"gold":20,"neow_bonus":"RANDOM_COLORLESS","is_prod":false,"is_daily":false,"chose_seed":false,"campfire_upgraded":7,"win_rate":0,"timestamp":1542679604,"path_taken":["M","?","$","?","M","R","E","?","T","R","M","$","M","M","R","BOSS","M","?","M","M","M","R","M","$","T","M","R","?","$","?","R","BOSS","M","M","?","$","M","R","E","R","T","?","M","M","?","M","R","BOSS"],"build_version":"2018-11-15","purchased_purges":2,"victory":true,"max_hp_per_floor":[80,80,80,80,80,80,80,80,90,90,90,90,90,90,90,90,90,90,90,90,90,90,90,90,90,90,90,90,90,90,90,90,90,90,90,90,90,90,90,90,90,90,90,90,90,90,90,90,90,90],"card_choices":[{"not_picked":["Body Slam","Cleave"],"picked":"Sword Boomerang","floor":1},{"not_picked":["Entrench","Sentinel","Iron Wave"],"picked":"SKIP","floor":5},{"not_picked":["Anger","Clothesline"],"picked":"Dropkick","floor":7},{"not_picked":["Flex","Blood for Blood","Cleave"],"picked":"SKIP","floor":11},{"not_picked":["Flex","Blood for Blood","Cleave"],"picked":"SKIP","floor":11},{"not_picked":["Intimidate","Seeing Red","Offering"],"picked":"SKIP","floor":13},{"not_picked":["Perfected Strike","Twin Strike","Blood for Blood"],"picked":"SKIP","floor":14},{"not_picked":["Bludgeon","Impervious"],"picked":"Offering","floor":16},{"not_picked":["Clash","Warcry"],"picked":"Whirlwind","floor":18},{"not_picked":["Rampage","Warcry","Headbutt"],"picked":"SKIP","floor":20},{"not_picked":["Flex","Evolve"],"picked":"Dropkick","floor":21},{"not_picked":["Combust","True Grit","Battle Trance"],"picked":"SKIP","floor":22},{"not_picked":["Sever Soul","Armaments","Iron Wave"],"picked":"SKIP","floor":24},{"not_picked":["Infernal Blade","Iron Wave","Clothesline"],"picked":"SKIP","floor":27},{"not_picked":["Berserk","Dark Embrace"],"picked":"Double Tap","floor":33},{"not_picked":["Armaments","Hemokinesis+1","Clash+1"],"picked":"SKIP","floor":35},{"not_picked":["Perfected Strike","Clothesline+1","Shockwave+1"],"picked":"SKIP","floor":36},{"not_picked":["Sentinel","Clash+1"],"picked":"Headbutt","floor":39},{"not_picked":["Dark Embrace","Rampage+1"],"picked":"Dropkick+1","floor":41},{"not_picked":["Body Slam","Cleave+1","Wild Strike+1"],"picked":"SKIP","floor":45},{"not_picked":["Flex+1","Sentinel","Combust+1"],"picked":"SKIP","floor":46},{"not_picked":["True Grit+1","Blood for Blood","Twin Strike"],"picked":"SKIP","floor":48}],"player_experience":484382,"relics_obtained":[{"floor":7,"key":"The Courier"},{"floor":9,"key":"Pear"},{"floor":26,"key":"Red Skull"},{"floor":41,"key":"Anchor"},{"floor":43,"key":"Blood Vial"}],"event_choices":[{"damage_healed":0,"gold_gain":0,"player_choice":"Take Damage","damage_taken":20,"relics_obtained":["Golden Idol"],"max_hp_gain":0,"max_hp_loss":0,"event_name":"Golden Idol","floor":2,"gold_loss":0},{"damage_healed":0,"gold_gain":0,"player_choice":"Success","damage_taken":3,"relics_obtained":["Blue Candle"],"max_hp_gain":0,"max_hp_loss":0,"event_name":"Scrap Ooze","floor":4,"gold_loss":0},{"damage_healed":0,"gold_gain":0,"player_choice":"Grow","damage_taken":0,"max_hp_gain":0,"max_hp_loss":0,"event_name":"Living Wall","floor":8,"gold_loss":0,"cards_upgraded":["Sword Boomerang"]},{"damage_healed":0,"gold_gain":99,"player_choice":"Stole From Cult","damage_taken":0,"max_hp_gain":0,"max_hp_loss":0,"event_name":"Nest","floor":19,"gold_loss":0},{"damage_healed":0,"gold_gain":0,"player_choice":"Ignored","damage_taken":0,"max_hp_gain":0,"max_hp_loss":0,"event_name":"Ghosts","floor":29,"gold_loss":0},{"damage_healed":0,"gold_gain":0,"player_choice":"Obtain J.A.X.","damage_taken":0,"max_hp_gain":0,"max_hp_loss":0,"event_name":"Drug Dealer","floor":31,"gold_loss":0,"cards_obtained":["J.A.X."]},{"damage_healed":0,"gold_gain":100,"player_choice":"Pray","damage_taken":0,"max_hp_gain":0,"max_hp_loss":0,"event_name":"Golden Shrine","floor":37,"gold_loss":0},{"damage_healed":0,"gold_gain":0,"player_choice":"Paid","damage_taken":0,"relics_obtained":["Red Mask"],"max_hp_gain":0,"max_hp_loss":0,"event_name":"Tomb of Lord Red Mask","floor":47,"gold_loss":84}],"is_beta":false,"boss_relics":[{"not_picked":["Runic Cube","Runic Dome"],"picked":"Philosopher\u0027s Stone"},{"not_picked":["Black Star","Velvet Choker"],"picked":"Cursed Key"}],"items_purged_floors":[38,44],"is_endless":false,"potions_floor_spawned":[7,11,16,18,20,33,36,46],"ascension_level":0}