{"gold_per_floor":[111,211,223,238,258,290,290,306,333,333,54,74,88,88,88,190,190,207,207,62,62,81,81,106,106,106,18,18,48,60,77,77,174,174,192,203,220,220,55,87,87,87,110,121,121,121,121,139,139,139],"floor_reached":51,"playtime":1298,"items_purged":["Strike_R"],"score":767,"play_id":"14a0e5ec-42f3-479d-939c-a1a677746cba","local_time":"20190707191204","is_ascension_mode":false,"campfire_choices":[{"data":"Defend_R","floor":7.0,"key":"SMITH"},{"data":"Spot Weakness","floor":15.0,"key":"SMITH"},{"data":"Whirlwind","floor":23.0,"key":"SMITH"},{"data":"Trip","floor":28.0,"key":"SMITH"},{"data":"Shrug It Off","floor":32.0,"key":"SMITH"},{"data":"Apotheosis","floor":41.0,"key":"SMITH"},{"data":"Thinking Ahead","floor":46.0,"key":"SMITH"},{"floor":49,"key":"REST"}],"neow_cost":"NONE","seed_source_timestamp":68453503322300,"circlet_count":0,"master_deck":["Strike_R+1","Strike_R","Strike_R","Strike_R","Defend_R","Defend_R","Defend_R","Defend_R+1","Bash+1","Twin Strike","Shrug It Off+1","Spot Weakness+1","Whirlwind+1","Trip+1","Shrug It Off+1","Limit Break","Apotheosis+1","Thinking Ahead+1","Limit Break"],"special_seed":0,"relics":["Burning Blood","Whetstone","Orichalcum","Lantern","Meat on the Bone","Vajra","Sozu","Pen Nib","Art of War","Dream Catcher","Centennial Puzzle","Mark of Pain","Blood Vial","Ancient Tea Set"],"potions_floor_usage":[50,50],"damage_taken":[{"damage":3.0,"enemies":"Small Slimes","floor":1.0,"turns":3.0},{"damage":1.0,"enemies":"Cultist","floor":3.0,"turns":3.0},{"damage":6.0,"enemies":"Jaw Worm","floor":4.0,"turns":3.0},{"damage":11.0,"enemies":"Exordium Wildlife","floor":5.0,"turns":5.0},{"damage":29.0,"enemies":"3 Sentries","floor":6.0,"turns":6.0},{"damage":10.0,"enemies":"Large Slime","floor":8.0,"turns":7.0},{"damage":0.0,"enemies":"3 Louse","floor":12.0,"turns":3.0},{"damage":3.0,"enemies":"Gremlin Gang","floor":13.0,"turns":4.0},{"damage":10.0,"enemies":"Slime Boss","floor":16.0,"turns":7.0},{"damage":2.0,"enemies":"Chosen","floor":18.0,"turns":3.0},{"damage":0.0,"enemies":"Shell Parasite","floor":22.0,"turns":5.0},{"damage":0.0,"enemies":"Slavers","floor":24.0,"turns":1.0},{"damage":15.0,"enemies":"Book of Stabbing","floor":29.0,"turns":4.0},{"damage":0.0,"enemies":"Shelled Parasite and Fungi","floor":30.0,"turns":2.0},{"damage":11.0,"enemies":"Snake Plant","floor":31.0,"turns":5.0},{"damage":43.0,"enemies":"Collector","floor":33.0,"turns":7.0},{"damage":15.0,"enemies":"3 Darklings","floor":35.0,"turns":3.0},{"damage":7.0,"enemies":"Orb Walker","floor":36.0,"turns":3.0},{"damage":10.0,"enemies":"Sphere and 2 Shapes","floor":37.0,"turns":3.0},{"damage":36.0,"enemies":"Nemesis","floor":40.0,"turns":5.0},{"damage":3.0,"enemies":"Spire Growth","floor":44.0,"turns":2.0},{"damage":32,"enemies":"Writhing Mass","floor":48,"turns":5},{"damage":96,"enemies":"Donu and Deca","floor":50,"turns":10}],"seed_played":"-1201531330246026876","potions_obtained":[{"floor":1.0,"key":"SteroidPotion"},{"floor":5.0,"key":"Strength Potion"},{"floor":8.0,"key":"GamblersBrew"},{"floor":12.0,"key":"Regen Potion"},{"floor":16.0,"key":"Regen Potion"}],"is_trial":false,"path_per_floor":["M","?","M","M","M","E","R","M","T","T","$","M","M","?","R","B",null,"M","?","$","?","M","R","E","?","T","$","R","E","M","M","R","B",null,"M","M","M","?","$","E","R","?","T","M","?","R","?","M","R","B",null],"character_chosen":"IRONCLAD","items_purchased":["Vajra","Shrug It Off","Pen Nib","Trip","Apotheosis"],"campfire_rested":1,"item_purchase_floors":[11,11,20,27,39],"current_hp_per_floor":[80,80,80,80,75,52,52,48,48,48,48,54,57,57,57,53,80,80,80,80,80,80,80,80,80,80,80,80,71,77,72,72,47,80,71,70,66,66,66,48,48,48,48,53,53,53,53,41,65,33],"gold":139,"neow_bonus":"RANDOM_COMMON_RELIC","is_prod":false,"is_daily":false,"chose_seed":false,"campfire_upgraded":7,"win_rate":0,"timestamp":1562515924,"path_taken":["M","?","M","M","?","E","R","M","T","?","$","M","M","?","R","BOSS","M","?","$","?","M","R","E","?","T","$","R","E","M","M","R","BOSS","M","?","M","?","$","E","R","?","T","M","?","R","?","M","R","BOSS"],"build_version":"2019-07-05","purchased_purges":1,"victory":true,"max_hp_per_floor":[80,80,80,80,80,80,80,80,80,80,80,80,80,80,80,80,80,80,80,80,80,80,80,80,80,80,80,80,80,80,80,80,80,80,80,80,80,80,80,80,80,80,80,80,80,80,80,80,80,80],"card_choices":[{"not_picked":["Sentinel","Hemokinesis","Anger"],"picked":"SKIP","floor":1.0},{"not_picked":["Wild Strike","Havoc","Warcry"],"picked":"SKIP","floor":3.0},{"not_picked":["Warcry","Perfected Strike","Sword Boomerang"],"picked":"SKIP","floor":4.0},{"not_picked":["Power Through","Pommel Strike","Pummel"],"picked":"SKIP","floor":5.0},{"not_picked":["Sword Boomerang","Cleave","Headbutt"],"picked":"SKIP","floor":6.0},{"not_picked":["Anger","Offering"],"picked":"Twin Strike","floor":8.0},{"not_picked":["Pommel Strike","True Grit","Corruption"],"picked":"SKIP","floor":12.0},{"not_picked":["Flame Barrier","Entrench"],"picked":"Spot Weakness","floor":13.0},{"not_picked":["Perfected Strike","Shockwave+1"],"picked":"Whirlwind","floor":18.0},{"not_picked":["Warcry","Wild Strike","Thunderclap"],"picked":"SKIP","floor":22.0},{"not_picked":["Anger","Cleave","Second Wind"],"picked":"SKIP","floor":24.0},{"not_picked":["Havoc","Seeing Red","Flex"],"picked":"SKIP","floor":29.0},{"not_picked":["Warcry","Iron Wave"],"picked":"Shrug It Off+1","floor":30.0},{"not_picked":["Iron Wave","Carnage","Spot Weakness"],"picked":"SKIP","floor":31.0},{"not_picked":["Immolate","Impervious"],"picked":"Limit Break","floor":33.0},{"not_picked":["Havoc","Thunderclap+1","Sword Boomerang"],"picked":"SKIP","floor":35.0},{"not_picked":["Combust","Twin Strike+1","Dual Wield"],"picked":"SKIP","floor":36.0},{"not_picked":["Clash+1","Twin Strike+1","Heavy Blade+1"],"picked":"SKIP","floor":37.0},{"not_picked":["Armaments+1","Juggernaut","Wild Strike+1"],"picked":"SKIP","floor":40.0},{"not_picked":["Rampage","Burning Pact+1","Shrug It Off"],"picked":"SKIP","floor":44.0},{"not_picked":["Madness","Secret Technique"],"picked":"Thinking Ahead","floor":45.0},{"not_picked":["Second Wind+1","Anger+1","Headbutt"],"picked":"SKIP","floor":48}],"player_experience":684694,"relics_obtained":[{"floor":6.0,"key":"Orichalcum"},{"floor":9.0,"key":"Lantern"},{"floor":10.0,"key":"Meat on the Bone"},{"floor":24.0,"key":"Art of War"},{"floor":26.0,"key":"Dream Catcher"},{"floor":29.0,"key":"Centennial Puzzle"},{"floor":40.0,"key":"Blood Vial"},{"floor":43.0,"key":"Ancient Tea Set"}],"event_choices":[{"damage_healed":0.0,"max_hp_gain":0.0,"max_hp_loss":0.0,"gold_gain":100.0,"event_name":"Golden Shrine","player_choice":"Pray","floor":2.0,"gold_loss":0.0,"damage_taken":0.0},{"damage_healed":0.0,"max_hp_gain":0.0,"max_hp_loss":0.0,"gold_gain":0.0,"event_name":"Liars Game","player_choice":"Ignored","floor":14.0,"gold_loss":0.0,"damage_taken":0.0},{"damage_healed":0.0,"max_hp_gain":0.0,"max_hp_loss":0.0,"gold_gain":0.0,"event_name":"Vampires","player_choice":"Ignored","floor":19.0,"gold_loss":0.0,"damage_taken":0.0},{"damage_healed":0.0,"max_hp_gain":0.0,"max_hp_loss":0.0,"gold_gain":0.0,"event_name":"Ghosts","player_choice":"Ignored","floor":21.0,"gold_loss":0.0,"damage_taken":0.0},{"damage_healed":0.0,"max_hp_gain":0.0,"max_hp_loss":0.0,"gold_gain":0.0,"event_name":"NoteForYourself","player_choice":"Ignored","floor":25.0,"gold_loss":0.0,"damage_taken":0.0},{"damage_healed":0.0,"max_hp_gain":0.0,"max_hp_loss":0.0,"gold_gain":0.0,"event_name":"Tomb of Lord Red Mask","player_choice":"Ignored","floor":38.0,"gold_loss":0.0,"damage_taken":0.0},{"damage_healed":0.0,"max_hp_gain":0.0,"max_hp_loss":0.0,"gold_gain":0.0,"event_name":"Mysterious Sphere","player_choice":"Ignored","floor":42.0,"gold_loss":0.0,"damage_taken":0.0},{"damage_healed":0.0,"max_hp_gain":0.0,"max_hp_loss":0.0,"gold_gain":0.0,"event_name":"SensoryStone","player_choice":"Memory 1","floor":45.0,"gold_loss":0.0,"damage_taken":0.0},{"damage_healed":0.0,"max_hp_gain":0.0,"max_hp_loss":0.0,"gold_gain":0.0,"event_name":"Duplicator","player_choice":"Copied","floor":47.0,"gold_loss":0.0,"damage_taken":0.0,"cards_obtained":["Limit Break"]}],"is_beta":false,"boss_relics":[{"not_picked":["Pandora\u0027s Box","Eternal Feather"],"picked":"Sozu"},{"not_picked":["Runic Dome","Lizard Tail"],"picked":"Mark of Pain"}],"items_purged_floors":[11],"is_endless":false,"potions_floor_spawned":[1,5,8,12,16,18,29,30,31,33,36,44],"ascension_level":0}