{"path_per_floor":["M","?","M","M","$","R","T","E","T","R","E","R","$","E","R","B",null,"M","?","$","$","M","R","M","?","T","M","E","R","M","$","R","B",null,"M","?","M","M","$","R","E","?","T","M","E","?","R","$","R","B"],"character_chosen":"IRONCLAD","items_purchased":["Metallicize","Shrug It Off","Weak Potion","Armaments","Bandage Up","Inflame"],"gold_per_floor":[109,109,123,141,31,31,31,60,60,60,91,91,19,47,47,148,148,166,166,66,66,79,79,92,92,92,109,136,136,146,97,97,196,196,213,213,231,243,21,21,48,48,48,62,87,87,87,18,18,18],"floor_reached":51,"campfire_rested":0,"playtime":5691,"current_hp_per_floor":[80,64,61,74,74,74,74,67,67,67,86,86,86,94,94,83,94,94,94,94,94,93,93,93,93,93,86,79,79,76,76,76,13,94,94,94,92,81,81,81,76,76,76,93,94,82,82,82,82,9],"items_purged":["Strike_R","Strike_R","Strike_R"],"gold":18,"score":564,"play_id":"b5d2a6c6-77b6-47f7-887f-e1707f416864","is_prod":false,"is_daily":false,"is_ascension_mode":false,"campfire_upgraded":10,"path_taken":["M","?","M","?","$","R","?","E","T","R","E","R","?","E","R","BOSS","M","?","?","$","?","R","M","?","T","M","E","R","M","$","R","BOSS","M","?","M","M","$","R","E","?","T","?","E","?","R","$","R","BOSS"],"build_version":"2018-02-08-BETA1","purchased_purges":3,"victory":true,"master_deck":["Strike_R","Defend_R","Defend_R","Defend_R","Bash+1","Reaper","Battle Trance+1","Flex+1","Heavy Blade","Metallicize+1","Shrug It Off+1","Juggernaut+1","Offering+1","Spot Weakness","Iron Wave","Metallicize+1","Headbutt","Shockwave+1","Body Slam+1","Cleave","Armaments+1","Bandage Up","Warcry+1","Madness","Madness","Inflame+1"],"max_hp_per_floor":[80,80,80,80,80,80,80,80,80,80,94,94,94,94,94,94,94,94,94,94,94,94,94,94,94,94,94,94,94,94,94,94,94,94,94,94,94,94,94,94,94,94,94,94,94,94,94,94,94,94],"relics":["Burning Blood","Ornamental Fan","Blue Candle","Art of War","Mango","Red Skull","Orrery","Ice Cream","Sundial","Sozu","Smiling Mask","Frozen Eye","Blood Vial"],"card_choices":[{"not_picked":["Havoc","Body Slam"],"picked":"Battle Trance"},{"not_picked":["Heavy Blade","Infernal Blade"],"picked":"Flex"},{"not_picked":["Anger","Searing Blow"],"picked":"Heavy Blade"},{"not_picked":["Corruption","Rupture"],"picked":"Juggernaut"},{"not_picked":["Barricade","Brutality"],"picked":"Offering"},{"not_picked":["Anger","Perfected Strike"],"picked":"Spot Weakness"},{"not_picked":["Ghostly Armor","Intimidate"],"picked":"Iron Wave"},{"not_picked":["Bloodletting","Combust"],"picked":"Metallicize"},{"not_picked":["Shrug It Off","Bloodletting"],"picked":"Headbutt"},{"not_picked":["True Grit","Hemokinesis"],"picked":"Shockwave"},{"not_picked":["Clothesline","Evolve"],"picked":"Body Slam"},{"not_picked":["Flex","Battle Trance"],"picked":"Cleave"},{"not_picked":["Hemokinesis","Carnage"],"picked":"Warcry"}],"player_experience":315870,"potions_floor_usage":[],"damage_taken":[{"damage":7.0,"enemies":"2 Louse","floor":1.0,"turns":4.0},{"damage":13.0,"enemies":"Blue Slaver","floor":3.0,"turns":5.0},{"damage":8.0,"enemies":"Cultist","floor":4.0,"turns":5.0},{"damage":22.0,"enemies":"3 Sentries","floor":8.0,"turns":9.0},{"damage":7.0,"enemies":"Gremlin Nob","floor":11.0,"turns":4.0},{"damage":4.0,"enemies":"3 Sentries","floor":14.0,"turns":8.0},{"damage":17.0,"enemies":"Slime Boss","floor":16.0,"turns":11.0},{"damage":4.0,"enemies":"Shell Parasite","floor":18.0,"turns":4.0},{"damage":29.0,"enemies":"2 Thieves","floor":22.0,"turns":4.0},{"damage":13.0,"enemies":"Cultist and Chosen","floor":24.0,"turns":8.0},{"damage":13.0,"enemies":"Sentry and Sphere","floor":27.0,"turns":5.0},{"damage":13.0,"enemies":"Book of Stabbing","floor":28.0,"turns":5.0},{"damage":9.0,"enemies":"Centurion and Healer","floor":30.0,"turns":7.0},{"damage":69.0,"enemies":"Automaton","floor":33.0,"turns":9.0},{"damage":13.0,"enemies":"3 Shapes","floor":35.0,"turns":7.0},{"damage":18.0,"enemies":"Orb Walker","floor":37.0,"turns":4.0},{"damage":32.0,"enemies":"3 Darklings","floor":38.0,"turns":4.0},{"damage":31.0,"enemies":"Nemesis","floor":41.0,"turns":6.0},{"damage":12,"enemies":"Spire Growth","floor":44,"turns":5},{"damage":10,"enemies":"Giant Head","floor":45,"turns":7},{"damage":93,"enemies":"Donu and Deca","floor":50,"turns":9}],"event_choices":[{"event_name":"Shining Light","player_choice":"Entered Light","floor":2.0,"damage_taken":0.0},{"event_name":"The Woman in Blue","player_choice":"Bought 0 Potions","floor":19.0,"damage_taken":0.0},{"event_name":"Purifier","player_choice":"One Purge","floor":25.0,"damage_taken":0.0},{"event_name":"Mysterious Sphere","player_choice":"Ignore","floor":36.0,"damage_taken":0.0},{"event_name":"Winding Halls","player_choice":"Embrace Madness","floor":46,"damage_taken":0}],"boss_relics":[],"potions_floor_spawned":[3,14,24,28,30,35,44,45],"seed_played":"6427143244083230078","ascension_level":0,"is_trial":false}