{"gold_per_floor":[109,119,119,79,95,95,111,146,170,180,191,191,119,119,119,221,221,146],"floor_reached":18,"playtime":503,"items_purged":[],"score":162,"play_id":"1a2b253e-1e4e-4e0f-acd9-2435f4ead411","local_time":"20181021152805","is_ascension_mode":false,"campfire_choices":[{"data":"Redo","floor":6,"key":"SMITH"},{"data":"Capacitor","floor":12,"key":"SMITH"},{"floor":15,"key":"REST"}],"neow_cost":"NONE","seed_source_timestamp":43615791873374,"circlet_count":0,"master_deck":["Strike_B","Strike_B+1","Strike_B","Strike_B+1","Defend_B","Defend_B","Defend_B","Defend_B","Zap+1","Dualcast+1","Coolheaded","Capacitor+1","Redo+1","Conserve Battery","Coolheaded","Barrage","Self Repair","Machine Learning"],"relics":["Cracked Core","Bag of Marbles","Potion Belt","Inserter"],"potions_floor_usage":[8],"damage_taken":[{"damage":0,"enemies":"Cultist","floor":1,"turns":3},{"damage":2,"enemies":"Small Slimes","floor":2,"turns":3},{"damage":0,"enemies":"2 Louse","floor":5,"turns":1},{"damage":2,"enemies":"Blue Slaver","floor":7,"turns":2},{"damage":42,"enemies":"Gremlin Nob","floor":8,"turns":5},{"damage":4,"enemies":"2 Fungi Beasts","floor":10,"turns":2},{"damage":1,"enemies":"Exordium Wildlife","floor":11,"turns":6},{"damage":22,"enemies":"Hexaghost","floor":16,"turns":10},{"damage":19,"enemies":"2 Thieves","floor":18,"turns":4}],"seed_played":"-4510750080902569340","potions_obtained":[{"floor":7,"key":"AttackPotion"},{"floor":10,"key":"Energy Potion"},{"floor":11,"key":"EssenceOfSteel"}],"is_trial":false,"path_per_floor":["M","M","?","$","M","R","M","E","T","M","M","R","$","?","R","B",null],"character_chosen":"DEFECT","items_purchased":["Capacitor","Self Repair"],"campfire_rested":1,"item_purchase_floors":[4,13],"current_hp_per_floor":[75,73,73,73,73,73,71,29,29,25,24,24,24,9,31,16,75,56],"gold":146,"neow_bonus":"UPGRADE_CARD","is_prod":false,"is_daily":false,"chose_seed":false,"campfire_upgraded":2,"win_rate":0,"timestamp":1540124885,"path_taken":["M","M","?","$","M","R","M","E","T","M","M","R","$","?","R","BOSS","M"],"build_version":"2018-10-18","purchased_purges":0,"victory":false,"max_hp_per_floor":[75,75,75,75,75,75,75,75,75,75,75,75,75,75,75,75,75,75],"card_choices":[{"not_picked":["Hologram","Cold Snap"],"picked":"Coolheaded","floor":1},{"not_picked":["White Noise","Steam","Chaos"],"picked":"SKIP","floor":2},{"not_picked":["Ball Lightning","Leap"],"picked":"Redo","floor":5},{"not_picked":["Sweeping Beam","Capacitor"],"picked":"Conserve Battery","floor":7},{"not_picked":["Reinforced Body","Sweeping Beam","Stack"],"picked":"SKIP","floor":8},{"not_picked":["Force Field","Seek"],"picked":"Coolheaded","floor":10},{"not_picked":["Rip and Tear","Rebound"],"picked":"Barrage","floor":11},{"not_picked":["Buffer","Meteor Strike"],"picked":"Machine Learning","floor":16}],"player_experience":421294,"relics_obtained":[{"floor":8,"key":"Bag of Marbles"},{"floor":9,"key":"Potion Belt"}],"event_choices":[{"damage_healed":0,"gold_gain":0,"player_choice":"Grow","damage_taken":0,"max_hp_gain":0,"max_hp_loss":0,"event_name":"Living Wall","floor":3,"gold_loss":0,"cards_upgraded":["Dualcast"]},{"damage_healed":0,"gold_gain":0,"player_choice":"Entered Light","damage_taken":15,"max_hp_gain":0,"max_hp_loss":0,"event_name":"Shining Light","floor":14,"gold_loss":0,"cards_upgraded":["Strike_B","Strike_B"]}],"is_beta":false,"boss_relics":[{"not_picked":["Snecko Eye","Tiny House"],"picked":"Inserter"}],"items_purged_floors":[],"is_endless":false,"potions_floor_spawned":[7,10,11],"killed_by":"2 Thieves","ascension_level":0}