{"gold_per_floor":[115,41,59,70,85,85,114,114,114,128,33,49,149,149,149,247,247,264,274,44,63,73,73,73,83,83,94,105,124,124,124,124,224,224,239,259,55,69,19,49,95,95,121,147,173,185,0,28,40,52],"floor_reached":51,"playtime":1440,"items_purged":["Strike_B","Strike_B+1","Strike_B+1"],"score":685,"play_id":"6f3d35f6-6359-4ab7-bc4c-a66672dcc4ed","local_time":"20181012040358","is_ascension_mode":false,"campfire_choices":[{"data":"Zap","floor":6.0,"key":"SMITH"},{"data":"Static Discharge","floor":8.0,"key":"SMITH"},{"data":"Loop","floor":15.0,"key":"SMITH"},{"data":"Self Repair","floor":23,"key":"SMITH"},{"data":"Defragment","floor":30,"key":"SMITH"},{"data":"Static Discharge","floor":32,"key":"SMITH"},{"data":"Seek","floor":42,"key":"SMITH"},{"floor":46,"key":"REST"},{"data":"Auto Shields","floor":49,"key":"SMITH"}],"neow_cost":"NONE","seed_source_timestamp":143051699320775,"circlet_count":0,"master_deck":["Strike_B+1","Defend_B+1","Defend_B+1","Defend_B+1","Defend_B+1","Zap+1","Dualcast","Conserve Battery","Static Discharge+1","Loop+1","Auto Shields+1","Leap","Storm+1","Self Repair+1","Seek+1","Static Discharge+1","Defragment+1","Echo Form+1","Defragment+1","Defragment+1"],"special_seed":0,"relics":["Cracked Core","DataDisk","Smiling Mask","Bag of Preparation","Busted Crown","Frozen Egg 2","Sozu","Oddly Smooth Stone","Symbiotic Virus","Pocketwatch","MawBank","Red Mask"],"potions_floor_usage":[38,41,50],"damage_taken":[{"damage":0.0,"enemies":"Small Slimes","floor":1.0,"turns":3.0},{"damage":1.0,"enemies":"Cultist","floor":3.0,"turns":3.0},{"damage":2.0,"enemies":"Jaw Worm","floor":4.0,"turns":3.0},{"damage":2.0,"enemies":"Exordium Wildlife","floor":5.0,"turns":3.0},{"damage":27.0,"enemies":"3 Sentries","floor":7.0,"turns":5.0},{"damage":5.0,"enemies":"Blue Slaver","floor":10.0,"turns":3.0},{"damage":0.0,"enemies":"Looter","floor":12.0,"turns":4.0},{"damage":6.0,"enemies":"The Guardian","floor":16.0,"turns":9.0},{"damage":0.0,"enemies":"Chosen","floor":18.0,"turns":4.0},{"damage":2.0,"enemies":"3 Byrds","floor":19.0,"turns":2.0},{"damage":15,"enemies":"3 Cultists","floor":21,"turns":4},{"damage":10,"enemies":"Centurion and Healer","floor":22,"turns":4},{"damage":2,"enemies":"Chosen and Byrds","floor":25,"turns":4},{"damage":10,"enemies":"Snecko","floor":27,"turns":4},{"damage":16,"enemies":"Snake Plant","floor":28,"turns":2},{"damage":4,"enemies":"3 Cultists","floor":29,"turns":5},{"damage":47,"enemies":"Collector","floor":33,"turns":6},{"damage":11,"enemies":"3 Darklings","floor":35,"turns":4},{"damage":3,"enemies":"Orb Walker","floor":36,"turns":2},{"damage":5,"enemies":"Sphere and 2 Shapes","floor":38,"turns":3},{"damage":22,"enemies":"Giant Head","floor":40,"turns":6},{"damage":19,"enemies":"Mysterious Sphere","floor":41,"turns":3},{"damage":14,"enemies":"3 Darklings","floor":44,"turns":3},{"damage":0,"enemies":"Spire Growth","floor":45,"turns":4},{"damage":0,"enemies":"Transient","floor":48,"turns":5},{"damage":23,"enemies":"Time Eater","floor":50,"turns":7}],"seed_played":"8490171130231141678","potions_obtained":[{"floor":3.0,"key":"EssenceOfSteel"},{"floor":5.0,"key":"Swift Potion"},{"floor":12.0,"key":"Energy Potion"},{"floor":16.0,"key":"SteroidPotion"},{"floor":18.0,"key":"PowerPotion"}],"is_trial":false,"path_per_floor":["M","$","M","M","M","R","E","R","T","M","$","M","?","?","R","B",null,"M","M","$","M","M","R","?","M","T","M","M","M","R","?","R","B",null,"M","M","$","M","$","E","?","R","T","M","M","R","?","M","R","B"],"character_chosen":"DEFECT","items_purchased":["Static Discharge","Leap","Self Repair","Seek","Oddly Smooth Stone"],"campfire_rested":1,"item_purchase_floors":[2,11,20,20,37],"current_hp_per_floor":[75,75,74,72,70,70,43,43,43,38,38,38,38,38,38,32,75,75,73,73,65,62,62,62,70,70,70,64,70,70,70,70,33,75,74,71,71,75,75,63,44,44,44,30,40,62,62,72,72,69],"gold":64,"neow_bonus":"RANDOM_COMMON_RELIC","is_prod":false,"is_daily":false,"chose_seed":false,"campfire_upgraded":8,"win_rate":0,"timestamp":1539306238,"path_taken":["M","$","M","M","M","R","E","R","T","M","$","M","?","?","R","BOSS","M","M","$","M","M","R","?","M","T","M","M","M","R","?","R","BOSS","M","M","$","M","$","E","?","R","T","M","M","R","?","M","R","BOSS"],"build_version":"2018-10-11","purchased_purges":3,"victory":true,"max_hp_per_floor":[75,75,75,75,75,75,75,75,75,75,75,75,75,75,75,75,75,75,75,75,75,75,75,75,75,75,75,75,75,75,75,75,75,75,75,75,75,75,75,75,75,75,75,75,75,75,75,75,75,75],"card_choices":[{"not_picked":["Barrage","Turbo"],"picked":"Conserve Battery","floor":1.0},{"not_picked":["Sweeping Beam","Doom and Gloom","Steam Power"],"picked":"SKIP","floor":3.0},{"not_picked":["Stack","Reprogram","Compile Driver"],"picked":"SKIP","floor":4.0},{"not_picked":["Reinforced Body","Leap"],"picked":"Loop","floor":5.0},{"not_picked":["Barrage","Undo"],"picked":"Auto Shields","floor":7.0},{"not_picked":["Hello World","Coolheaded","Sweeping Beam"],"picked":"SKIP","floor":10.0},{"not_picked":["Turbo","Ball Lightning"],"picked":"Storm","floor":12.0},{"not_picked":["Undo+1"],"picked":"SKIP","floor":18.0},{"not_picked":["Heatsinks"],"picked":"SKIP","floor":19.0},{"not_picked":[],"picked":"Static Discharge","floor":21},{"not_picked":["Doom and Gloom"],"picked":"SKIP","floor":22},{"not_picked":[],"picked":"Defragment","floor":25},{"not_picked":["Sweeping Beam"],"picked":"SKIP","floor":27},{"not_picked":["Barrage+1"],"picked":"SKIP","floor":28},{"not_picked":["Beam Cell"],"picked":"SKIP","floor":29},{"not_picked":[],"picked":"Echo Form+1","floor":33},{"not_picked":[],"picked":"Defragment+1","floor":35},{"not_picked":["Turbo"],"picked":"SKIP","floor":36},{"not_picked":[],"picked":"Defragment+1","floor":38},{"not_picked":["Compile Driver"],"picked":"SKIP","floor":40},{"not_picked":["Barrage+1"],"picked":"SKIP","floor":44},{"not_picked":["Compile Driver+1"],"picked":"SKIP","floor":45},{"not_picked":["Redo"],"picked":"SKIP","floor":48}],"player_experience":400405,"relics_obtained":[{"floor":7.0,"key":"Smiling Mask"},{"floor":9.0,"key":"Bag of Preparation"},{"floor":26,"key":"Frozen Egg 2"},{"floor":40,"key":"Symbiotic Virus"},{"floor":41,"key":"Pocketwatch"},{"floor":43,"key":"MawBank"}],"event_choices":[{"event_name":"Golden Shrine","player_choice":"Pray","floor":13.0,"damage_taken":0.0},{"event_name":"Living Wall","player_choice":"Grow","floor":14.0,"damage_taken":0.0},{"event_name":"Vampires","player_choice":"Ignored","floor":24,"damage_taken":0},{"event_name":"Back to Basics","player_choice":"Simplicity","floor":31,"damage_taken":0},{"event_name":"Mysterious Sphere","player_choice":"Fight","floor":41,"damage_taken":0},{"event_name":"Tomb of Lord Red Mask","player_choice":"Paid","floor":47,"damage_taken":0}],"is_beta":false,"boss_relics":[{"not_picked":["Eternal Feather","Empty Cage"],"picked":"Busted Crown"},{"not_picked":["Astrolabe","Lizard Tail"],"picked":"Sozu"}],"items_purged_floors":[11,37,39],"is_endless":false,"potions_floor_spawned":[3,5,12,16,18,21,25,28,33,40,44,48],"ascension_level":0}