{"path_per_floor":["M","M","M","M","?","R","$","?","T","M","E","$","R","M","R","B",null,"M","$","M","T","$","R","M","R","T"],"character_chosen":"DEFECT","items_purchased":["Sunder","Capacitor","Leap"],"gold_per_floor":[11,28,45,60,60,60,24,24,24,38,64,14,14,32,32,127,127,145,145,162,162,112,112,132,132,132,132],"floor_reached":27,"campfire_rested":0,"playtime":983,"current_hp_per_floor":[67,64,63,56,56,56,56,56,56,53,35,35,35,35,35,6,75,62,62,44,58,58,58,42,42,42,0],"items_purged":[],"gold":132,"score":213,"play_id":"fe8a95e0-0fe2-4064-9c7a-dcf8015b9630","local_time":"20180505220849","is_prod":false,"is_daily":false,"chose_seed":false,"is_ascension_mode":false,"campfire_upgraded":5,"timestamp":1525547329,"path_taken":["M","M","M","M","?","R","?","?","T","M","E","$","R","M","R","BOSS","M","$","M","?","$","R","M","R","T","E"],"build_version":"2018-05-03","seed_source_timestamp":2773165569516,"purchased_purges":0,"victory":false,"master_deck":["Strike_B","Strike_B","Strike_B","Strike_B","Defend_B","Defend_B","Defend_B","Defend_B","Zap+1","Dualcast+1","Loop+1","Leap","Sunder","Static Discharge+1","Leap","Capacitor","Ball Lightning","Impulse","Storm","Loop+1","Ball Lightning+1","Leap"],"max_hp_per_floor":[75,75,75,75,75,75,75,75,75,75,75,75,75,75,75,75,75,75,75,75,89,89,89,89,89,89,89],"relics":["Cracked Core","Sundial","Question Card","Dodecahedron","Orrery","Mango","Ice Cream"],"card_choices":[{"not_picked":["Beam Cell","Coolheaded"],"picked":"Loop","floor":2.0},{"not_picked":["FTL","Rainbow"],"picked":"Leap","floor":4.0},{"not_picked":["Beam Cell","Darkness","Turbo"],"picked":"Static Discharge","floor":10.0},{"not_picked":["Blizzard","Beam Cell","Cold Snap"],"picked":"Leap","floor":11.0},{"not_picked":["Impulse","Chill","Go for the Eyes"],"picked":"Ball Lightning","floor":17.0},{"not_picked":["Barrage","Streamline","Turbo"],"picked":"Impulse","floor":17.0},{"not_picked":["Beam Cell","Capacitor","Double Energy"],"picked":"Storm","floor":17.0},{"not_picked":["Coolheaded","Streamline","Reboot"],"picked":"Loop","floor":18},{"not_picked":["Glacier","Axe Kick","Conserve Battery"],"picked":"Ball Lightning","floor":20}],"player_experience":126405,"potions_floor_usage":[27],"damage_taken":[{"damage":8.0,"enemies":"Jaw Worm","floor":1.0,"turns":3.0},{"damage":3.0,"enemies":"Small Slimes","floor":2.0,"turns":3.0},{"damage":1.0,"enemies":"Cultist","floor":3.0,"turns":3.0},{"damage":7.0,"enemies":"Exordium Thugs","floor":4.0,"turns":4.0},{"damage":3.0,"enemies":"3 Louse","floor":10.0,"turns":3.0},{"damage":18.0,"enemies":"Lagavulin","floor":11.0,"turns":6.0},{"damage":0.0,"enemies":"Looter","floor":14.0,"turns":2.0},{"damage":29.0,"enemies":"The Guardian","floor":16.0,"turns":11.0},{"damage":13,"enemies":"Chosen","floor":18,"turns":4},{"damage":18,"enemies":"3 Byrds","floor":20,"turns":2},{"damage":16,"enemies":"Snecko","floor":24,"turns":5},{"damage":51,"enemies":"Slavers","floor":27,"turns":3}],"event_choices":[{"event_name":"Golden Wing","player_choice":"Ignored","floor":5.0,"damage_taken":0.0},{"event_name":"Liars Game","player_choice":"disagreed","floor":8.0,"damage_taken":0.0}],"boss_relics":[],"potions_floor_spawned":[3,10,18,20],"seed_played":"8561551317309305069","killed_by":"Slavers","ascension_level":0,"is_trial":false}