{"gold_per_floor":[109,109,109,122,48,75,75,101,101,101,113,132,143,156,156,254,254,273,50,64,80,90,90,108,127,127,127],"floor_reached":27,"playtime":699,"items_purged":["Strike_B"],"score":229,"play_id":"74ed5b1b-ea47-4cb4-8194-134df792dbe6","local_time":"20181007013849","is_ascension_mode":false,"campfire_choices":[{"floor":7,"key":"REST"},{"floor":15,"key":"REST"},{"floor":23,"key":"REST"}],"neow_cost":"TEN_PERCENT_HP_LOSS","seed_source_timestamp":5447218985369,"circlet_count":0,"master_deck":["Strike_B","Strike_B","Strike_B","Defend_B","Defend_B+1","Defend_B","Defend_B+1","Zap","Dualcast","Conserve Battery","Ball Lightning","Static Discharge","Machine Learning","Loop","Thunder Strike","Leap+1"],"relics":["Cracked Core","Emotion Chip","Bottled Lightning","Peace Pipe","Symbiotic Virus","Busted Crown","Art of War","Sundial"],"potions_floor_usage":[24,25],"damage_taken":[{"damage":5,"enemies":"2 Louse","floor":1,"turns":3},{"damage":0,"enemies":"Jaw Worm","floor":4,"turns":3},{"damage":22,"enemies":"3 Sentries","floor":6,"turns":5},{"damage":20,"enemies":"Gremlin Nob","floor":8,"turns":4},{"damage":0,"enemies":"Cultist","floor":11,"turns":3},{"damage":7,"enemies":"2 Fungi Beasts","floor":12,"turns":3},{"damage":6,"enemies":"Exordium Thugs","floor":13,"turns":3},{"damage":7,"enemies":"Lots of Slimes","floor":14,"turns":3},{"damage":22,"enemies":"Hexaghost","floor":16,"turns":8},{"damage":2,"enemies":"Spheric Guardian","floor":18,"turns":3},{"damage":14,"enemies":"2 Thieves","floor":20,"turns":4},{"damage":16,"enemies":"Snake Plant","floor":21,"turns":3},{"damage":23,"enemies":"Centurion and Healer","floor":22,"turns":5},{"damage":26,"enemies":"Sentry and Sphere","floor":24,"turns":4},{"damage":3,"enemies":"Snecko","floor":25,"turns":4},{"damage":7,"enemies":"Snake Plant","floor":27,"turns":2}],"seed_played":"-5910641580315947067","potions_obtained":[{"floor":4,"key":"Ancient Potion"},{"floor":8,"key":"SkillPotion"},{"floor":16,"key":"Strength Potion"},{"floor":25,"key":"Strength Potion"}],"is_trial":false,"path_per_floor":["M","$","?","M","$","E","R","E","T","?","M","M","M","M","R","B",null,"M","$","M","M","M","R","M","M","T"],"character_chosen":"DEFECT","items_purchased":["Static Discharge","Art of War"],"campfire_rested":3,"item_purchase_floors":[5,19],"current_hp_per_floor":[63,63,49,49,49,27,47,27,27,27,27,20,14,7,27,5,68,66,66,52,36,13,33,7,4,4,0],"gold":127,"neow_bonus":"ONE_RARE_RELIC","is_prod":false,"is_daily":false,"chose_seed":false,"campfire_upgraded":0,"win_rate":0,"timestamp":1538865529,"path_taken":["M","$","?","M","$","E","R","E","T","?","?","M","M","?","R","BOSS","M","$","M","M","M","R","M","M","T","M"],"build_version":"2018-10-04v2","purchased_purges":1,"victory":false,"max_hp_per_floor":[68,68,68,68,68,68,68,68,68,68,68,68,68,68,68,68,68,68,68,68,68,68,68,68,68,68,68],"card_choices":[{"not_picked":["Redo","Rebound"],"picked":"Conserve Battery","floor":1},{"not_picked":["Conserve Battery","Cold Snap"],"picked":"Ball Lightning","floor":4},{"not_picked":["Steam","Chill","Machine Learning"],"picked":"SKIP","floor":6},{"not_picked":["Steam","Chill"],"picked":"Machine Learning","floor":6},{"not_picked":["Lockon","Hologram","Rip and Tear"],"picked":"SKIP","floor":8},{"not_picked":["Steam Power","Aggregate"],"picked":"Loop","floor":11},{"not_picked":["Doom and Gloom","Redo","Hello World"],"picked":"SKIP","floor":12},{"not_picked":["Ball Lightning","Barrage","Conserve Battery"],"picked":"SKIP","floor":13},{"not_picked":["Conserve Battery","Aggregate","Turbo"],"picked":"SKIP","floor":14},{"not_picked":["All For One","Reboot"],"picked":"Thunder Strike","floor":16},{"not_picked":[],"picked":"Leap+1","floor":18},{"not_picked":["Barrage+1"],"picked":"SKIP","floor":20},{"not_picked":["Sunder"],"picked":"SKIP","floor":21},{"not_picked":["FTL"],"picked":"SKIP","floor":22},{"not_picked":["Streamline"],"picked":"SKIP","floor":24},{"not_picked":["Ball Lightning"],"picked":"SKIP","floor":25}],"player_experience":377900,"relics_obtained":[{"floor":6,"key":"Bottled Lightning"},{"floor":8,"key":"Peace Pipe"},{"floor":9,"key":"Symbiotic Virus"},{"floor":26,"key":"Sundial"}],"event_choices":[{"event_name":"Shining Light","player_choice":"Entered Light","floor":3,"damage_taken":0},{"event_name":"Dead Adventurer","player_choice":"Searched \u00271\u0027 times","floor":10,"damage_taken":0}],"is_beta":false,"boss_relics":[{"not_picked":["Philosopher\u0027s Stone","White Beast Statue"],"picked":"Busted Crown"}],"items_purged_floors":[19],"is_endless":false,"potions_floor_spawned":[4,8,16,18,25],"killed_by":"Snake Plant","ascension_level":0}