{"gold_per_floor":[109,109,109,122,24,59,59,70,70,84,159,159,159,170,170,268,268,285,92,92,65,79,79,99,118,118,118,135,165,184,217,217,217],"floor_reached":33,"playtime":1274,"items_purged":[],"score":287,"play_id":"22ae3c57-876c-4431-9901-075a8e569d21","local_time":"20190630141028","is_ascension_mode":false,"campfire_choices":[{"data":"Finesse","floor":7.0,"key":"SMITH"},{"data":"Evolve","floor":12.0,"key":"SMITH"},{"data":"Body Slam","floor":15.0,"key":"SMITH"},{"data":"Limit Break","floor":23.0,"key":"SMITH"},{"data":"Shrug It Off","floor":27.0,"key":"SMITH"},{"floor":32.0,"key":"REST"}],"neow_cost":"NONE","seed_source_timestamp":55240669364200,"circlet_count":0,"master_deck":["Strike_R","Strike_R","Strike_R","Strike_R","Strike_R","Defend_R","Defend_R","Defend_R","Defend_R","Bash+1","Cleave","Dropkick","Finesse+1","Evolve+1","Inflame","Body Slam+1","Limit Break+1","Heavy Blade","Shrug It Off+1","Sword Boomerang+1","Battle Trance"],"special_seed":0,"relics":["Burning Blood","Shuriken","Self Forming Clay","Velvet Choker","Membership Card","Sundial","Bottled Flame","WingedGreaves"],"potions_floor_usage":[],"damage_taken":[{"damage":0.0,"enemies":"2 Louse","floor":1.0,"turns":3.0},{"damage":1.0,"enemies":"Cultist","floor":4.0,"turns":3.0},{"damage":36.0,"enemies":"Lagavulin","floor":6.0,"turns":6.0},{"damage":6.0,"enemies":"Jaw Worm","floor":8.0,"turns":2.0},{"damage":3.0,"enemies":"Blue Slaver","floor":10.0,"turns":3.0},{"damage":13.0,"enemies":"Exordium Thugs","floor":14.0,"turns":4.0},{"damage":26.0,"enemies":"Slime Boss","floor":16.0,"turns":6.0},{"damage":12.0,"enemies":"Shell Parasite","floor":18.0,"turns":5.0},{"damage":15.0,"enemies":"3 Byrds","floor":22.0,"turns":5.0},{"damage":19.0,"enemies":"Snecko","floor":24.0,"turns":5.0},{"damage":20.0,"enemies":"3 Cultists","floor":25.0,"turns":5.0},{"damage":3.0,"enemies":"Centurion and Healer","floor":28.0,"turns":5.0},{"damage":17.0,"enemies":"Slavers","floor":29.0,"turns":5.0},{"damage":12.0,"enemies":"Snecko","floor":30.0,"turns":6.0},{"damage":22.0,"enemies":"Book of Stabbing","floor":31.0,"turns":5.0},{"damage":45,"enemies":"Collector","floor":33,"turns":5}],"seed_played":"1024422920307079938","potions_obtained":[{"floor":1.0,"key":"Ancient Potion"},{"floor":14.0,"key":"EssenceOfSteel"},{"floor":16.0,"key":"Block Potion"}],"is_trial":false,"path_per_floor":["M","?","$","M","$","E","R","M","T","M","?","R","$","M","R","B",null,"M","$","?","$","M","R","M","M","T","R","M","E","M","E","R","B"],"character_chosen":"IRONCLAD","items_purchased":["Finesse","Membership Card","Shrug It Off"],"campfire_rested":1,"item_purchase_floors":[5,19,21],"current_hp_per_floor":[80,80,80,80,80,50,50,50,50,53,42,42,42,35,35,15,80,74,74,74,74,65,65,52,38,38,38,41,30,24,8,32,0],"gold":217,"neow_bonus":"UPGRADE_CARD","is_prod":false,"is_daily":false,"chose_seed":false,"campfire_upgraded":5,"win_rate":0,"timestamp":1561893028,"path_taken":["M","?","$","M","$","E","R","?","T","M","?","R","$","M","R","BOSS","M","$","?","$","M","R","M","M","T","R","M","E","M","E","R","BOSS"],"build_version":"2019-01-23","purchased_purges":0,"victory":false,"max_hp_per_floor":[80,80,80,80,80,80,80,80,80,80,80,80,80,80,80,80,80,80,80,80,80,80,80,80,80,80,80,80,80,80,80,80,80],"card_choices":[{"not_picked":["Dropkick","Entrench"],"picked":"Cleave","floor":1.0},{"not_picked":["Iron Wave","Twin Strike"],"picked":"Dropkick","floor":4.0},{"not_picked":["Flame Barrier","Carnage","Combust"],"picked":"SKIP","floor":6.0},{"not_picked":["Cleave","Perfected Strike"],"picked":"Evolve","floor":8.0},{"not_picked":["Second Wind","Pommel Strike"],"picked":"Inflame","floor":10.0},{"not_picked":["Second Wind","Headbutt"],"picked":"Body Slam","floor":14.0},{"not_picked":["Offering","Fiend Fire"],"picked":"Limit Break","floor":16.0},{"not_picked":["Dropkick","Warcry"],"picked":"Heavy Blade","floor":18.0},{"not_picked":["Bloodletting","Fire Breathing","Clash"],"picked":"SKIP","floor":22.0},{"not_picked":["Warcry","True Grit+1","Metallicize"],"picked":"SKIP","floor":24.0},{"not_picked":["Shrug It Off+1","True Grit"],"picked":"Sword Boomerang+1","floor":25.0},{"not_picked":["Shrug It Off","Wild Strike+1"],"picked":"Battle Trance","floor":28.0},{"not_picked":["Armaments","Bloodletting+1","Cleave"],"picked":"SKIP","floor":29.0},{"not_picked":["Pommel Strike","Flame Barrier","Clash+1"],"picked":"SKIP","floor":30.0},{"not_picked":["Twin Strike","Clash","Armaments"],"picked":"SKIP","floor":31.0}],"player_experience":660158,"relics_obtained":[{"floor":6.0,"key":"Shuriken"},{"floor":9.0,"key":"Self Forming Clay"},{"floor":26.0,"key":"Sundial"},{"floor":29.0,"key":"Bottled Flame"},{"floor":31.0,"key":"WingedGreaves"}],"event_choices":[{"damage_healed":0.0,"max_hp_gain":0.0,"max_hp_loss":0.0,"gold_gain":0.0,"event_name":"The Woman in Blue","player_choice":"Bought 0 Potions","floor":2.0,"gold_loss":0.0,"damage_taken":0.0},{"damage_healed":0.0,"max_hp_gain":0.0,"max_hp_loss":0.0,"gold_gain":75.0,"event_name":"World of Goop","player_choice":"Gather Gold","floor":11.0,"gold_loss":0.0,"damage_taken":11.0},{"damage_healed":0.0,"max_hp_gain":0.0,"max_hp_loss":0.0,"gold_gain":0.0,"event_name":"Transmorgrifier","player_choice":"Ignored","floor":20.0,"gold_loss":0.0,"damage_taken":0.0}],"is_beta":false,"boss_relics":[{"not_picked":["White Beast Statue","Lizard Tail"],"picked":"Velvet Choker"}],"items_purged_floors":[],"is_endless":false,"potions_floor_spawned":[1,14,16,22,24,28],"killed_by":"Collector","ascension_level":0}