{"path_per_floor":["M","M","$","?","M","E","?","M","T","$","M","M","?","?","R","B",null,"M","M","?","$","?","R","E","M","T","M","R","$","M","M","R","B",null,"M","?","$","?","M"],"character_chosen":"DEFECT","items_purchased":["Beam Cell","Leap","Gash","Go for the Eyes","Apotheosis","Cold Snap","Reinforced Body","Defragment","Mind Blast","Defragment"],"gold_per_floor":[116,132,107,107,119,148,148,164,164,5,0,18,18,18,18,147,185,210,234,234,28,28,28,367,382,382,395,395,329,342,361,361,484,484,497,497,291,291,314,314],"floor_reached":40,"campfire_rested":2,"playtime":3254,"current_hp_per_floor":[66,64,64,49,47,33,33,30,30,30,30,17,17,17,37,26,74,69,37,37,37,37,37,24,15,15,14,36,36,35,34,34,21,74,63,63,63,63,44,0],"items_purged":[],"gold":314,"score":431,"play_id":"f4b911a4-2f2a-42f9-ae46-b5f8b779d61c","local_time":"20180501043225","is_prod":false,"is_daily":false,"chose_seed":false,"is_ascension_mode":false,"campfire_upgraded":2,"timestamp":1525138345,"path_taken":["M","M","$","?","M","E","?","M","T","$","M","M","?","?","R","BOSS","M","M","?","$","?","R","E","M","T","M","R","$","M","M","R","BOSS","M","?","$","?","M","E"],"build_version":"2018-04-27v3","seed_source_timestamp":725394648141769,"purchased_purges":0,"victory":false,"master_deck":["Strike_B","Strike_B","Strike_B","Strike_B+1","Defend_B","Defend_B","Defend_B","Defend_B","Zap","Dualcast+1","Chill","Go for the Eyes","Beam Cell+1","Coolheaded","Double Energy","Loop","Gash","Go for the Eyes","Defragment+1","Auto Shields","All For One","Axe Kick","Stack+1","Rebound","Apotheosis+1","Go for the Eyes","Glacier","Prime+1","Cold Snap","Reinforced Body","Sunder","Stack","Biased Cognition","Static Discharge+1","Defragment","Mind Blast","Defragment","Ball Lightning"],"max_hp_per_floor":[75,75,75,75,75,75,75,75,75,75,75,75,75,69,69,69,74,74,74,74,74,74,74,74,74,74,74,74,74,74,74,74,74,74,74,74,74,74,74,74],"relics":["Runic Pyramid","Juzu Bracelet","Gremlin Horn","Golden Idol","Tiny House","Old Coin","The Courier","Eternal Feather"],"card_choices":[{"not_picked":["Hologram","Force Field"],"picked":"Chill","floor":1.0},{"not_picked":["Hologram","Stack"],"picked":"Go for the Eyes","floor":2.0},{"not_picked":["Force Field","Hologram"],"picked":"Coolheaded","floor":5.0},{"not_picked":["Coolheaded","Barrage"],"picked":"Double Energy","floor":6.0},{"not_picked":["Barrage","Scrape"],"picked":"Loop","floor":8.0},{"not_picked":["Amplify","Coolheaded"],"picked":"Defragment","floor":11.0},{"not_picked":["Hologram","Sweeping Beam"],"picked":"Auto Shields","floor":12.0},{"not_picked":["Seek","Fission"],"picked":"All For One","floor":16.0},{"not_picked":["Rebound","Capacitor"],"picked":"Axe Kick","floor":17.0},{"not_picked":["Capacitor","Impulse"],"picked":"Stack","floor":18.0},{"not_picked":["Coolheaded","Flux Capacitor"],"picked":"Rebound","floor":19.0},{"not_picked":["Rebound","Sweeping Beam"],"picked":"Go for the Eyes","floor":24.0},{"not_picked":["Doom and Gloom","Rebound"],"picked":"Glacier","floor":25.0},{"not_picked":["Axe Kick","Capacitor"],"picked":"Prime","floor":27},{"not_picked":["Axe Kick","Coolheaded"],"picked":"Sunder","floor":30},{"not_picked":["Rebound","Buffer"],"picked":"Stack","floor":31},{"not_picked":["Machine Learning","Multi-Cast"],"picked":"Biased Cognition","floor":33},{"not_picked":["Barrage","Doom and Gloom"],"picked":"Static Discharge","floor":35},{"not_picked":["Turbo","Scrape"],"picked":"Ball Lightning","floor":39}],"player_experience":107828,"potions_floor_usage":[27,35,39],"damage_taken":[{"damage":9.0,"enemies":"2 Louse","floor":1.0,"turns":3.0},{"damage":2.0,"enemies":"Cultist","floor":2.0,"turns":4.0},{"damage":2.0,"enemies":"Small Slimes","floor":5.0,"turns":4.0},{"damage":14.0,"enemies":"Lagavulin","floor":6.0,"turns":7.0},{"damage":3.0,"enemies":"2 Fungi Beasts","floor":8.0,"turns":5.0},{"damage":0.0,"enemies":"Looter","floor":11.0,"turns":4.0},{"damage":13.0,"enemies":"Gremlin Gang","floor":12.0,"turns":5.0},{"damage":11.0,"enemies":"The Guardian","floor":16.0,"turns":15.0},{"damage":5.0,"enemies":"3 Byrds","floor":18.0,"turns":7.0},{"damage":32.0,"enemies":"2 Thieves","floor":19.0,"turns":5.0},{"damage":13.0,"enemies":"Book of Stabbing","floor":24.0,"turns":6.0},{"damage":9.0,"enemies":"Sentry and Sphere","floor":25.0,"turns":7.0},{"damage":1,"enemies":"Snecko","floor":27,"turns":6},{"damage":1,"enemies":"Snake Plant","floor":30,"turns":9},{"damage":1,"enemies":"Sentry and Sphere","floor":31,"turns":7},{"damage":13,"enemies":"Automaton","floor":33,"turns":17},{"damage":11,"enemies":"3 Shapes","floor":35,"turns":9},{"damage":19,"enemies":"3 Darklings","floor":39,"turns":5},{"damage":53,"enemies":"2 Orb Walkers","floor":40,"turns":3}],"event_choices":[{"event_name":"Shining Light","player_choice":"Entered Light","floor":4.0,"damage_taken":0.0},{"event_name":"Golden Wing","player_choice":"Ignored","floor":7.0,"damage_taken":0.0},{"event_name":"Accursed Blacksmith","player_choice":"Forge","floor":13.0,"damage_taken":0.0},{"event_name":"Golden Idol","player_choice":"Lose Max HP","floor":14.0,"damage_taken":0.0},{"event_name":"Addict","player_choice":"Ignored","floor":20.0,"damage_taken":0.0},{"event_name":"Beggar","player_choice":"Ignored","floor":22.0,"damage_taken":0.0},{"event_name":"The Woman in Blue","player_choice":"Bought 0 Potions","floor":38,"damage_taken":0}],"boss_relics":[{"not_picked":["Inserter","Philosopher\u0027s Stone"],"picked":"Eternal Feather"}],"potions_floor_spawned":[1,5,16,25,27,33],"seed_played":"-616205011064278139","killed_by":"2 Orb Walkers","ascension_level":0,"is_trial":false}