{"path_per_floor":["M","$","M","M","$","R","?","E","T","$","E","M","?","M","R","B",null,"M","?","?","M","$","R","$","R","T","M","M","E","?","M","R","B",null,"M","$","?","$","T","R","E","M","T","?","M","R","M","M","R","B"],"character_chosen":"IRONCLAD","items_purchased":["Cleave","Inflame","Orichalcum","Apotheosis","Vajra","Ginger","Anchor"],"gold_per_floor":[115,65,81,97,28,28,203,230,230,11,42,58,58,71,71,170,170,186,186,436,446,366,366,213,213,265,281,292,325,351,367,367,467,467,486,132,132,8,78,78,112,132,132,132,143,143,143,155,155,155],"floor_reached":51,"campfire_rested":1,"playtime":1569,"item_purchase_floors":[],"current_hp_per_floor":[75,75,78,78,78,78,78,65,65,65,63,68,68,74,74,62,85,82,82,82,64,64,64,64,64,64,61,44,33,43,23,53,31,107,96,96,96,96,96,96,99,105,105,105,111,111,111,114,114,69],"items_purged":["Doubt","Regret"],"gold":155,"score":780,"play_id":"594f5de6-75d1-45c0-b357-52ea2086cc72","local_time":"20180616214425","is_prod":false,"is_daily":false,"chose_seed":false,"is_ascension_mode":false,"campfire_upgraded":7,"win_rate":0,"timestamp":1529174665,"campfire_choices":[{"data":"Demon Form","floor":6.0,"key":"SMITH"},{"data":"Inflame","floor":15.0,"key":"SMITH"},{"data":"Armaments","floor":23.0,"key":"SMITH"},{"data":"Apotheosis","floor":25.0,"key":"SMITH"},{"floor":32.0,"key":"REST"},{"data":"Double Tap","floor":40.0,"key":"SMITH"},{"data":"Evolve","floor":46.0,"key":"SMITH"},{"data":"Armaments","floor":49.0,"key":"SMITH"}],"path_taken":["M","$","M","M","$","R","?","E","T","$","E","M","?","M","R","BOSS","M","?","?","M","$","R","$","R","T","M","M","E","?","M","R","BOSS","M","$","?","$","?","R","E","M","T","?","M","R","M","M","R","BOSS"],"build_version":"2018-06-14v2","seed_source_timestamp":101159581031014,"purchased_purges":2,"victory":true,"master_deck":["Strike_R","Strike_R","Strike_R","Strike_R","Strike_R","Defend_R","Defend_R","Defend_R","Defend_R","Bash","Feed","Flame Barrier","Cleave","Shrug It Off","Demon Form+1","Inflame+1","Immolate","Armaments+1","Feed","Apotheosis+1","Shrug It Off+1","Perfected Strike","Feed","Ghostly Armor","Double Tap+1","Impervious","Evolve+1"],"max_hp_per_floor":[75,75,78,78,78,78,78,81,81,81,81,81,81,81,81,85,85,91,91,91,91,91,91,91,91,91,91,95,95,103,103,103,107,107,107,107,107,107,107,107,111,111,111,111,111,111,111,114,114,118],"special_seed":0,"relics":["Burning Blood","Mercury Hourglass","Juzu Bracelet","Orichalcum","The Courier","Velvet Choker","Oddly Smooth Stone","Dream Catcher","Red Mask","Busted Crown","Vajra","Ginger","Anchor","Kunai","Happy Flower","Self Forming Clay"],"card_choices":[{"not_picked":["Juggernaut","Impervious"],"picked":"Feed","floor":0.0},{"not_picked":["Perfected Strike","Heavy Blade"],"picked":"Flame Barrier","floor":1.0},{"not_picked":["Armaments","Havoc"],"picked":"Shrug It Off","floor":3.0},{"not_picked":["Feel No Pain","Sword Boomerang"],"picked":"Demon Form","floor":4.0},{"not_picked":["Blood for Blood","Seeing Red"],"picked":"Immolate","floor":8.0},{"not_picked":["Sword Boomerang","Disarm","Headbutt"],"picked":"SKIP","floor":11.0},{"not_picked":["Flex","Havoc","Entrench"],"picked":"SKIP","floor":12.0},{"not_picked":["Anger","Dual Wield"],"picked":"Armaments","floor":14.0},{"not_picked":["Brutality","Exhume"],"picked":"Feed","floor":16.0},{"not_picked":["Sever Soul","Fire Breathing","Clothesline"],"picked":"SKIP","floor":18.0},{"not_picked":["Rage+1","Cleave"],"picked":"Armaments","floor":21.0},{"not_picked":["Reaper","Flex"],"picked":"Shrug It Off+1","floor":27.0},{"not_picked":["Iron Wave","Sever Soul"],"picked":"Perfected Strike","floor":28.0},{"not_picked":["Clothesline","Sever Soul"],"picked":"Feed","floor":29.0},{"not_picked":["Pommel Strike+1","Entrench","Rupture+1"],"picked":"SKIP","floor":31.0},{"not_picked":["Seeing Red","Disarm"],"picked":"Ghostly Armor","floor":32.0},{"not_picked":["Reaper","Barricade"],"picked":"Double Tap","floor":33.0},{"not_picked":["Clash"],"picked":"SKIP","floor":35.0},{"not_picked":[],"picked":"Impervious","floor":41.0},{"not_picked":["Rampage+1"],"picked":"SKIP","floor":42.0},{"not_picked":["Thunderclap+1"],"picked":"SKIP","floor":45.0},{"not_picked":["Warcry+1"],"picked":"SKIP","floor":48.0}],"player_experience":139801,"potions_floor_usage":[50],"damage_taken":[{"damage":0.0,"enemies":"2 Louse","floor":1.0,"turns":3.0},{"damage":0.0,"enemies":"Small Slimes","floor":3.0,"turns":3.0},{"damage":6.0,"enemies":"Cultist","floor":4.0,"turns":3.0},{"damage":22.0,"enemies":"3 Sentries","floor":8.0,"turns":6.0},{"damage":8.0,"enemies":"Gremlin Nob","floor":11.0,"turns":3.0},{"damage":1.0,"enemies":"Exordium Wildlife","floor":12.0,"turns":4.0},{"damage":0.0,"enemies":"3 Louse","floor":14.0,"turns":1.0},{"damage":22.0,"enemies":"The Guardian","floor":16.0,"turns":10.0},{"damage":15.0,"enemies":"2 Thieves","floor":18.0,"turns":2.0},{"damage":24.0,"enemies":"Shell Parasite","floor":21.0,"turns":5.0},{"damage":9.0,"enemies":"Snecko","floor":27.0,"turns":5.0},{"damage":27.0,"enemies":"Slaver and Parasite","floor":28.0,"turns":5.0},{"damage":17.0,"enemies":"Book of Stabbing","floor":29.0,"turns":6.0},{"damage":4.0,"floor":30.0,"turns":4.0},{"damage":26.0,"enemies":"Snake Plant","floor":31.0,"turns":5.0},{"damage":32.0,"enemies":"Automaton","floor":33.0,"turns":8.0},{"damage":17.0,"enemies":"3 Darklings","floor":35.0,"turns":7.0},{"damage":7.0,"enemies":"2 Orb Walkers","floor":41.0,"turns":5.0},{"damage":0.0,"enemies":"Orb Walker","floor":42.0,"turns":3.0},{"damage":0.0,"enemies":"3 Darklings","floor":45.0,"turns":3.0},{"damage":5.0,"enemies":"Sphere and 2 Shapes","floor":47.0,"turns":3.0},{"damage":5.0,"enemies":"4 Shapes","floor":48.0,"turns":3.0},{"damage":55,"enemies":"Awakened One","floor":50,"turns":13}],"relics_obtained":[{"floor":8.0,"key":"Mercury Hourglass"},{"floor":9.0,"key":"Juzu Bracelet"},{"floor":11.0,"key":"The Courier"},{"floor":26.0,"key":"Oddly Smooth Stone"},{"floor":29.0,"key":"Dream Catcher"},{"floor":30.0,"key":"Red Mask"},{"floor":39.0,"key":"Kunai"},{"floor":41.0,"key":"Happy Flower"},{"floor":43.0,"key":"Self Forming Clay"}],"event_choices":[{"event_name":"Liars Game","player_choice":"agreed","floor":7.0,"damage_taken":0.0},{"event_name":"The Woman in Blue","player_choice":"Bought 0 Potions","floor":13.0,"damage_taken":0.0},{"event_name":"Drug Dealer","player_choice":"Ignored","floor":19.0,"damage_taken":0.0},{"event_name":"Golden Shrine","player_choice":"Desecrate","floor":20.0,"damage_taken":0.0},{"event_name":"Masked Bandits","player_choice":"Fought over 325 gold","floor":30.0,"damage_taken":0.0},{"event_name":"The Lab","player_choice":"Got Potions","floor":37.0,"damage_taken":0.0},{"event_name":"Transmorgrifier","player_choice":"Transform","floor":44.0,"damage_taken":0.0}],"boss_relics":[{"not_picked":["Philosopher\u0027s Stone","Runic Dome"],"picked":"Velvet Choker"},{"not_picked":["Sozu","Orrery"],"picked":"Busted Crown"}],"items_purged_floors":[],"is_endless":false,"potions_floor_spawned":[3,4,14,27,29,31,35,48],"seed_played":"-9134762098836344218","ascension_level":0,"potions_obtained":[{"floor":3.0,"key":"SpeedPotion"},{"floor":4.0,"key":"Fire Potion"},{"floor":14.0,"key":"Poison Potion"},{"floor":27.0,"key":"SmokeBomb"},{"floor":29.0,"key":"SpeedPotion"},{"floor":31.0,"key":"Swift Potion"},{"floor":35.0,"key":"Swift Potion"},{"floor":37.0,"key":"Energy Potion"},{"floor":48.0,"key":"Swift Potion"}],"is_trial":false}