{"path_per_floor":["M","M","?","?","M","R","$","R","T","E","M","M","R","?","R","B",null,"M","?","$","?","M","R","M","M","T","M","?","R","$","M","R","B",null,"M","M","?","?","?","R","M","R","T","?","$","M","?","M","R","B"],"character_chosen":"THE_SILENT","items_purchased":["Expertise","Noxious Fumes","Noxious Fumes","Sadistic Nature"],"gold_per_floor":[118,133,133,133,147,147,72,72,72,103,123,141,141,141,141,245,245,261,261,50,50,70,70,86,102,178,190,190,190,120,134,134,236,236,250,261,261,261,261,261,281,281,281,281,106,116,116,129,129,129],"floor_reached":51,"campfire_rested":4,"playtime":4649,"current_hp_per_floor":[63,63,63,77,77,77,77,77,77,28,28,26,49,34,57,14,77,68,68,68,68,57,57,41,41,41,41,41,41,41,27,50,47,77,64,60,50,50,50,50,47,47,47,47,47,47,47,30,53,38],"items_purged":["Defend_G","Strike_G"],"gold":129,"play_id":"be06f260-0205-4972-a2fd-b62cd361688f","is_prod":false,"is_daily":false,"is_ascension_mode":false,"campfire_upgraded":6,"path_taken":["M","M","?","?","M","R","?","R","T","E","M","M","R","?","R","BOSS","M","?","$","?","M","R","M","M","T","?","?","R","$","M","R","BOSS","M","M","?","?","?","R","M","R","T","?","$","M","?","M","R","BOSS"],"build_version":"2018-01-25-BETA1","purchased_purges":2,"victory":true,"master_deck":["Defend_G","Defend_G","Defend_G","Strike_G","Strike_G+1","Survivor","Neutralize+1","Die Die Die+1","Finisher","Prepared","Deflect+1","Backflip","Acrobatics","Dagger Throw","Outmaneuver+1","Footwork+1","Expertise","Noxious Fumes+1","Slice+1","Bouncing Flask","Escape Plan","Catalyst+1","Noxious Fumes+1","After Image","Escape Plan+1","Madness","Sadistic Nature","Catalyst+1","Bane"],"max_hp_per_floor":[63,63,63,77,77,77,77,77,77,77,77,77,77,77,77,77,77,77,77,77,77,77,77,77,77,77,77,77,77,77,77,77,77,77,77,77,77,77,77,77,77,77,77,77,77,77,77,77,77,77],"relics":["Ring of the Snake","Mango","Thread and Needle","Centennial Puzzle","Question Card","Letter Opener","Lizard Tail","Calipers"],"card_choices":[{"not_picked":["Dagger Spray","Outmaneuver"],"picked":"Prepared"},{"not_picked":["Endless Agony","Slice"],"picked":"Deflect"},{"not_picked":["Sucker Punch","Deadly Poison"],"picked":"Acrobatics"},{"not_picked":["Flying Knee","Die Die Die"],"picked":"Dagger Throw"},{"not_picked":["Masterful Stab","Catalyst"],"picked":"Outmaneuver"},{"not_picked":["Wraith Form","Envenom"],"picked":"Night Terror"},{"not_picked":["Sucker Punch","Blade Dance","Deadly Poison"],"picked":"Footwork"},{"not_picked":["Backstab","Quick Slash","Dodge and Roll"],"picked":"Slice"},{"not_picked":["Endless Agony","Prepared","Quick Slash"],"picked":"Bouncing Flask"},{"not_picked":["Prepared","Acrobatics","Quick Slash"],"picked":"Escape Plan"},{"not_picked":["PiercingWail","Prepared","Slice"],"picked":"Catalyst"},{"not_picked":["Bullet Time","Glass Knife","Adrenaline"],"picked":"After Image"},{"not_picked":["Riddle With Holes","Sucker Punch","Backflip"],"picked":"Escape Plan"},{"not_picked":["Adrenaline","Dodge and Roll","Dagger Throw"],"picked":"Catalyst"}],"player_experience":9141,"potions_floor_usage":[22,33,35,35,41,48,50,50],"damage_taken":[{"damage":0,"enemies":"Cultist","floor":1,"turns":2},{"damage":0,"enemies":"Small Slimes","floor":2,"turns":3},{"damage":0,"enemies":"2 Louse","floor":5,"turns":2},{"damage":49,"enemies":"Lagavulin","floor":10,"turns":16},{"damage":0,"enemies":"Large Slime","floor":11,"turns":4},{"damage":2,"enemies":"Exordium Thugs","floor":12,"turns":6},{"damage":43,"enemies":"Slime Boss","floor":16,"turns":12},{"damage":9,"enemies":"Shell Parasite","floor":18,"turns":8},{"damage":11,"enemies":"2 Thieves","floor":22,"turns":4},{"damage":16,"enemies":"Centurion and Healer","floor":24,"turns":6},{"damage":0,"enemies":"Snake Plant","floor":25,"turns":5},{"damage":0,"enemies":"Snecko","floor":27,"turns":4},{"damage":14,"enemies":"Centurion and Healer","floor":31,"turns":5},{"damage":3,"enemies":"Collector","floor":33,"turns":6},{"damage":13,"enemies":"Flame Bruiser 1 Orb","floor":35,"turns":6},{"damage":4,"enemies":"Orb Walker","floor":36,"turns":5},{"damage":3,"enemies":"3 Darklings","floor":41,"turns":3},{"damage":0,"enemies":"Maw","floor":46,"turns":8},{"damage":17,"enemies":"4 Shapes","floor":48,"turns":5},{"damage":65,"enemies":"Time Eater","floor":50,"turns":11}],"event_choices":[{"event_name":"Living Wall","player_choice":"Change","floor":3,"damage_taken":0},{"event_name":"Big Fish","player_choice":"Box","floor":4,"damage_taken":0},{"event_name":"Shining Light","player_choice":"Entered Light","floor":14,"damage_taken":0},{"event_name":"Back to Basics","player_choice":"Elegance","floor":19,"damage_taken":0},{"event_name":"Vampires","player_choice":"Ignored","floor":21,"damage_taken":0},{"event_name":"Drug Dealer","player_choice":"Ignored","floor":28,"damage_taken":0},{"event_name":"Winding Halls","player_choice":"Embrace Madness","floor":37,"damage_taken":0},{"event_name":"Mysterious Sphere","player_choice":"Ignore","floor":38,"damage_taken":0},{"event_name":"Tomb of Lord Red Mask","player_choice":"Ignored","floor":44,"damage_taken":0},{"event_name":"Transmorgrifier","player_choice":"Transform","floor":47,"damage_taken":0}],"boss_relics":[{"not_picked":["Philosopher\u0027s Stone","Runic Dome"],"picked":"Question Card"},{"not_picked":["Tiny House","Black Star"],"picked":"Lizard Tail"}],"potions_floor_spawned":[16,25,27,31,33,36,41,48],"seed_played":"6818855161019537643","ascension_level":0,"is_trial":false}