{"gold_per_floor":[118,128,146,146,77,89,89,118,118,118,79,93,93,122,122,222,222,237,0,0,46,66,92,92,107,176,196,27,27,39,56,56,161,161,180,200,85,0,0,25,45,45,45,58,58,58,58,77,77,77],"floor_reached":51,"playtime":1687,"items_purged":["Strike_B"],"score":732,"play_id":"add69db0-4154-4e2d-aa8d-992be1e5a42a","local_time":"20181014020146","is_ascension_mode":false,"campfire_choices":[{"data":"Defragment","floor":7,"key":"SMITH"},{"data":"Zap","floor":10,"key":"SMITH"},{"data":"Defragment","floor":15,"key":"SMITH"},{"floor":29,"key":"REST"},{"floor":32,"key":"REST"},{"data":"Loop","floor":45,"key":"SMITH"},{"data":"Loop","floor":47,"key":"SMITH"},{"floor":49,"key":"REST"}],"neow_cost":"NONE","seed_source_timestamp":111316379200775,"circlet_count":0,"master_deck":["Strike_B","Strike_B","Defend_B","Defend_B","Defend_B+1","Defend_B","Zap+1","Dualcast","Ball Lightning","Auto Shields","Leap","Defragment+1","Ball Lightning","Defragment+1","Loop+1","Seek","BootSequence","Loop+1","Coolheaded+1","Chill+1","Seek","Fusion+1","Seek","Parasite","Conserve Battery+1","Writhe"],"relics":["Cracked Core","Boot","Vajra","Singing Bowl","WingedGreaves","White Beast Statue","Membership Card","Strawberry","Girya","Bottled Tornado","Runic Capacitor","Regal Pillow","Cursed Key","Bronze Scales","Red Mask","Pocketwatch","Meat on the Bone","Letter Opener","War Paint"],"potions_floor_usage":[14,23,25,33,50,50,50],"damage_taken":[{"damage":4,"enemies":"2 Louse","floor":1,"turns":3},{"damage":1,"enemies":"Cultist","floor":2,"turns":4},{"damage":1,"enemies":"Jaw Worm","floor":3,"turns":3},{"damage":0,"enemies":"3 Louse","floor":6,"turns":4},{"damage":2,"enemies":"3 Sentries","floor":8,"turns":6},{"damage":3,"enemies":"Red Slaver","floor":12,"turns":3},{"damage":20,"enemies":"Gremlin Nob","floor":14,"turns":4},{"damage":39,"enemies":"Hexaghost","floor":16,"turns":8},{"damage":0,"enemies":"Spheric Guardian","floor":18,"turns":3},{"damage":0,"enemies":"Chosen","floor":22,"turns":4},{"damage":30,"enemies":"Book of Stabbing","floor":23,"turns":5},{"damage":22,"enemies":"Shelled Parasite and Fungi","floor":25,"turns":5},{"damage":27,"enemies":"Centurion and Healer","floor":27,"turns":5},{"damage":16,"enemies":"Snake Plant","floor":30,"turns":4},{"damage":23,"enemies":"Shelled Parasite and Fungi","floor":31,"turns":5},{"damage":20,"enemies":"Collector","floor":33,"turns":8},{"damage":0,"enemies":"3 Shapes","floor":35,"turns":5},{"damage":1,"enemies":"Orb Walker","floor":36,"turns":4},{"damage":0,"enemies":"Mind Bloom Boss Battle","floor":39,"turns":6},{"damage":51,"enemies":"Nemesis","floor":40,"turns":7},{"damage":0,"enemies":"Sphere and 2 Shapes","floor":41,"turns":6},{"damage":0,"enemies":"3 Darklings","floor":44,"turns":5},{"damage":4,"enemies":"Transient","floor":48,"turns":5},{"damage":31,"enemies":"Awakened One","floor":50,"turns":12}],"seed_played":"-803682148582221485","potions_obtained":[{"floor":1,"key":"FocusPotion"},{"floor":13,"key":"Weak Potion"},{"floor":13,"key":"LiquidBronze"},{"floor":16,"key":"Fire Potion"},{"floor":18,"key":"Weak Potion"},{"floor":23,"key":"PowerPotion"},{"floor":25,"key":"Poison Potion"},{"floor":27,"key":"Energy Potion"},{"floor":33,"key":"FocusPotion"}],"is_trial":false,"path_per_floor":["M","M","M","?","$","M","R","E","T","R","$","M","?","E","R","B",null,"M","$","?","T","M","E","?","M","T","M","$","R","M","M","R","B",null,"M","M","$","?","?","E","M","?","T","M","R","T","R","M","R","B"],"character_chosen":"DEFECT","items_purchased":["Defragment","Defragment","Membership Card","Loop","Runic Capacitor","Regal Pillow","Bronze Scales"],"campfire_rested":3,"item_purchase_floors":[5,11,19,19,28,28,37],"current_hp_per_floor":[71,70,69,69,69,69,69,67,67,67,67,64,64,46,46,7,77,77,77,77,84,86,58,58,38,38,13,13,55,39,16,58,38,92,94,95,95,95,95,46,58,58,58,58,58,58,58,56,100,69],"gold":77,"neow_bonus":"RANDOM_COMMON_RELIC","is_prod":false,"is_daily":false,"chose_seed":false,"campfire_upgraded":5,"win_rate":0,"timestamp":1539471706,"path_taken":["M","M","M","?","$","M","R","E","T","R","$","M","?","E","R","BOSS","M","$","?","?","M","E","?","M","T","M","$","R","M","M","R","BOSS","M","M","$","?","?","E","M","?","T","?","R","?","R","M","R","BOSS"],"build_version":"2018-10-11","purchased_purges":1,"victory":true,"max_hp_per_floor":[75,75,75,75,75,75,75,75,75,75,75,75,75,77,77,77,77,77,77,77,84,86,88,88,90,90,92,92,92,92,92,92,92,92,94,96,96,96,96,98,98,98,98,98,98,98,98,100,100,100],"card_choices":[{"not_picked":["Consume","Sweeping Beam","Rebound"],"picked":"SKIP","floor":1},{"not_picked":["Sweeping Beam","FTL","Rebound"],"picked":"SKIP","floor":2},{"not_picked":["Force Field","Beam Cell"],"picked":"Ball Lightning","floor":3},{"not_picked":["Chaos","Steam Power","Coolheaded"],"picked":"SKIP","floor":6},{"not_picked":["Redo","Creative AI"],"picked":"Ball Lightning","floor":8},{"not_picked":["Redo","Recycle"],"picked":"Loop","floor":12},{"not_picked":["Coolheaded","Turbo","Buffer"],"picked":"Singing Bowl","floor":14},{"not_picked":["Rainbow","Biased Cognition"],"picked":"Seek","floor":16},{"not_picked":["Conserve Battery","Barrage"],"picked":"BootSequence","floor":18},{"not_picked":["Stack","Beam Cell","Steam+1"],"picked":"Singing Bowl","floor":22},{"not_picked":["Darkness+1","Hologram","Scrape"],"picked":"Singing Bowl","floor":23},{"not_picked":["Compile Driver","Turbo+1","Ball Lightning"],"picked":"Singing Bowl","floor":25},{"not_picked":["Go for the Eyes","Streamline+1","FTL+1"],"picked":"Singing Bowl","floor":27},{"not_picked":["Turbo","Creative AI"],"picked":"Coolheaded","floor":30},{"not_picked":["Barrage","Consume+1"],"picked":"Chill+1","floor":31},{"not_picked":["Hyperbeam","Echo Form"],"picked":"Seek","floor":33},{"not_picked":["Coolheaded+1","Compile Driver+1","BootSequence+1"],"picked":"Singing Bowl","floor":35},{"not_picked":["Go for the Eyes+1","Beam Cell","Stack"],"picked":"Singing Bowl","floor":36},{"not_picked":["Compile Driver+1","Gash+1"],"picked":"Fusion+1","floor":39},{"not_picked":["Streamline+1","Darkness+1","Gash+1"],"picked":"Singing Bowl","floor":40},{"not_picked":["Streamline+1","Melter"],"picked":"Seek","floor":41},{"not_picked":["Beam Cell+1","Gash"],"picked":"Conserve Battery+1","floor":44},{"not_picked":["Rebound","Go for the Eyes","Streamline"],"picked":"Singing Bowl","floor":48}],"player_experience":407110,"relics_obtained":[{"floor":8,"key":"Vajra"},{"floor":9,"key":"Singing Bowl"},{"floor":14,"key":"WingedGreaves"},{"floor":21,"key":"Strawberry"},{"floor":23,"key":"Girya"},{"floor":26,"key":"Bottled Tornado"},{"floor":39,"key":"Pocketwatch"},{"floor":40,"key":"Meat on the Bone"},{"floor":43,"key":"Letter Opener"},{"floor":46,"key":"War Paint"}],"event_choices":[{"event_name":"Match and Keep!","player_choice":"2 cards matched","floor":4,"damage_taken":0},{"event_name":"The Lab","player_choice":"Got Potions","floor":13,"damage_taken":0},{"event_name":"Transmorgrifier","player_choice":"Skipped","floor":20,"damage_taken":0},{"event_name":"Match and Keep!","player_choice":"0 cards matched","floor":24,"damage_taken":0},{"event_name":"Tomb of Lord Red Mask","player_choice":"Paid","floor":38,"damage_taken":0},{"event_name":"MindBloom","player_choice":"Fight","floor":39,"damage_taken":0},{"event_name":"Falling","player_choice":"Removed Attack","floor":42,"damage_taken":0}],"is_beta":false,"boss_relics":[{"not_picked":["Snecko Eye","Astrolabe"],"picked":"White Beast Statue"},{"not_picked":["Coffee Dripper","Sozu"],"picked":"Cursed Key"}],"items_purged_floors":[37],"is_endless":false,"potions_floor_spawned":[1,16,18,22,23,25,27,30,31,33,35,36,39,40,41,44,48],"ascension_level":0}