{"path_per_floor":["M","M","M","?","M","R","?","R","T","M","R","M","M","$","R","B",null,"M","M","?","M","$","R","?","M","T","M","?","M","M","M","R","B",null,"M","$","M","M","$","R","M","?","T","M","R","$","M","?","R"],"character_chosen":"THE_SILENT","items_purchased":["Bouncing Flask","Oddly Smooth Stone","Dagger Throw","Caltrops","Prepared","Infinite Blades","Explosive Potion","Infinite Blades"],"gold_per_floor":[115,132,142,142,161,161,161,161,185,209,209,234,259,5,5,131,131,146,160,160,181,14,14,14,39,39,57,57,69,86,103,103,207,207,226,5,17,32,32,32,49,49,75,90,90,15,25,25,25],"floor_reached":50,"campfire_rested":3,"playtime":8139,"current_hp_per_floor":[63,57,57,57,57,57,50,50,50,50,50,46,42,42,42,25,63,59,58,58,57,57,57,57,53,53,33,33,28,31,18,36,29,63,49,49,18,14,14,32,23,23,28,24,24,24,29,44,62],"items_purged":["Well Laid Plans","Defend_G"],"gold":25,"play_id":"e4aab678-35c6-4e7c-8b24-d17f72f04487","is_prod":false,"is_daily":false,"campfire_rituals":0,"campfire_upgraded":6,"is_hardmode":false,"path_taken":["M","?","M","?","M","R","?","R","T","?","R","M","M","$","R","BOSS","M","M","?","M","$","R","?","M","T","M","?","M","M","M","R","BOSS","M","$","M","M","$","R","M","?","T","M","R","$","M","?","R","BOSS"],"build_version":"2018-01-18-PROD4","purchased_purges":2,"victory":false,"master_deck":["Defend_G","Defend_G","Defend_G","Survivor","Neutralize","Prepared","Blur","Flying Knee","Acrobatics","Footwork","Noxious Fumes","Bouncing Flask","Dagger Throw","After Image","Prepared","Noxious Fumes","Neutralize","Caltrops","Prepared","Escape Plan","Escape Plan","A Thousand Cuts","Venomology","Caltrops","Storm of Steel","Cloak And Dagger","Infinite Blades","Prepared","Underhanded Strike","Infinite Blades","Infinite Blades","Writhe"],"max_hp_per_floor":[63,63,63,63,63,63,63,63,63,63,63,63,63,63,63,63,63,63,63,63,63,63,63,63,63,63,63,63,63,63,63,63,63,63,63,63,63,63,63,63,63,63,63,63,63,63,63,63,63],"relics":["Ring of the Snake","Bloody Idol","Orichalcum","Oddly Smooth Stone","Runic Pyramid","Unceasing Top","Astrolabe","Bag of Preparation"],"campfire_meditates":0,"card_choices":[{"not_picked":["Slice","Corpse Explosion"],"picked":"Prepared"},{"not_picked":["Riddle With Holes","Outmaneuver"],"picked":"Blur"},{"not_picked":["Distraction","Dagger Spray"],"picked":"Flying Knee"},{"not_picked":["Bane","Outmaneuver"],"picked":"Acrobatics"},{"not_picked":["Dodge and Roll","Poisoned Stab"],"picked":"Footwork"},{"not_picked":["Cloak And Dagger","Leg Sweep"],"picked":"Well Laid Plans"},{"not_picked":["Flying Knee","Accuracy"],"picked":"Noxious Fumes"},{"not_picked":["Tactician","Night Terror"],"picked":"After Image"},{"not_picked":["Poisoned Stab","Deadly Poison"],"picked":"Prepared"},{"not_picked":["Acrobatics","Eviscerate"],"picked":"Noxious Fumes"},{"not_picked":["Sucker Punch","Finisher"],"picked":"Prepared"},{"not_picked":["Flechettes","Acrobatics"],"picked":"Escape Plan"},{"not_picked":["Adrenaline","Doppelganger"],"picked":"A Thousand Cuts"},{"not_picked":["Poisoned Stab","Choke"],"picked":"Cloak And Dagger"},{"not_picked":["PiercingWail","Footwork"],"picked":"Prepared"},{"not_picked":["Sucker Punch","Flechettes"],"picked":"Underhanded Strike"},{"not_picked":["Terror","Dagger Spray"],"picked":"Infinite Blades"}],"player_experience":89794,"potions_floor_usage":[13,16,19,21,25,25,30,30,37,38,41,47,50,50,50,50],"damage_taken":[{"damage":0,"enemies":"Blue Slaver","floor":1,"turns":7},{"damage":6,"enemies":"Cultist","floor":2,"turns":7},{"damage":0,"enemies":"Jaw Worm","floor":3,"turns":6},{"damage":0,"enemies":"2 Fungi Beasts","floor":5,"turns":5},{"damage":0,"enemies":"Exordium Wildlife","floor":10,"turns":4},{"damage":4,"enemies":"Exordium Thugs","floor":12,"turns":8},{"damage":4,"enemies":"Lots of Slimes","floor":13,"turns":4},{"damage":17,"enemies":"Slime Boss","floor":16,"turns":11},{"damage":4,"enemies":"Shell Parasite","floor":18,"turns":7},{"damage":1,"enemies":"Chosen","floor":19,"turns":5},{"damage":1,"enemies":"Snecko","floor":21,"turns":8},{"damage":4,"enemies":"Centurion and Healer","floor":25,"turns":6},{"damage":20,"enemies":"Sentry and Sphere","floor":27,"turns":6},{"damage":10,"enemies":"Snecko","floor":29,"turns":6},{"damage":2,"enemies":"Centurion and Healer","floor":30,"turns":7},{"damage":18,"enemies":"3 Cultists","floor":31,"turns":6},{"damage":12,"enemies":"Champ","floor":33,"turns":13},{"damage":19,"enemies":"3 Shapes","floor":35,"turns":6},{"damage":36,"enemies":"3 Darklings","floor":37,"turns":5},{"damage":9,"enemies":"4 Shapes","floor":38,"turns":6},{"damage":14,"enemies":"Maw","floor":41,"turns":9},{"damage":9,"enemies":"Sphere and 2 Shapes","floor":44,"turns":7},{"damage":0,"enemies":"4 Shapes","floor":47,"turns":6},{"damage":79,"enemies":"Donu and Deca","floor":50,"turns":11}],"event_choices":[{"event_name":"Golden Idol","player_choice":"Take Wound","floor":4,"damage_taken":0},{"event_name":"Golden Wing","player_choice":"Card Removal","floor":7,"damage_taken":0},{"event_name":"Match and Keep!","player_choice":"1 cards matched","floor":20,"damage_taken":0},{"event_name":"Transmorgrifier","player_choice":"Transform","floor":24,"damage_taken":0},{"event_name":"Forgotten Altar","player_choice":"Gave Idol","floor":28,"damage_taken":0},{"event_name":"Winding Halls","player_choice":"Writhe","floor":48,"damage_taken":0}],"boss_relics":[{"not_picked":["Snecko Eye","Eternal Feather"],"picked":"Runic Pyramid"},{"not_picked":["Philosopher\u0027s Stone","Lizard Tail"],"picked":"Astrolabe"}],"potions_floor_spawned":[2,5,12,13,16,18,19,21,29,35,47],"seed_played":"7464674884361436113","killed_by":"Donu and Deca","is_trial":false}