{"gold_per_floor":[111,111,286,286,299,54,54,70,147,162,162,178,21,52,52,151,151,165,200,213,2,2,2,18,44,124,144,19,19,46,59,59,59],"floor_reached":33,"playtime":718,"items_purged":["Doubt","Strike_R","Strike_R"],"score":335,"play_id":"276a4c57-8f30-4911-a215-b260925bbd1b","local_time":"20190523065305","is_ascension_mode":false,"campfire_choices":[{"data":"Strike_R","floor":7,"key":"SMITH"},{"data":"Twin Strike","floor":11,"key":"SMITH"},{"data":"Trip","floor":15,"key":"SMITH"},{"data":"Inflame","floor":23,"key":"SMITH"},{"data":"Double Tap","floor":32,"key":"SMITH"}],"neow_cost":"NONE","seed_source_timestamp":9512580843000,"circlet_count":0,"master_deck":["Strike_R+1","Strike_R+1","Strike_R+1","Defend_R+1","Defend_R+1","Defend_R+1","Defend_R+1","Bash+1","Twin Strike+1","Twin Strike+1","Trip+1","Inflame","Double Tap+1","Shrug It Off+1","Cleave+1","Inflame+1","Whirlwind","Inflame","Pommel Strike+1"],"relics":["Burning Blood","Red Skull","Meat on the Bone","Question Card","Omamori","Busted Crown","Red Mask","Ancient Tea Set","Matryoshka","Lantern"],"potions_floor_usage":[14,31],"damage_taken":[{"damage":5,"enemies":"Small Slimes","floor":1,"turns":3},{"damage":6,"enemies":"Jaw Worm","floor":5,"turns":4},{"damage":0,"enemies":"2 Louse","floor":8,"turns":2},{"damage":13,"enemies":"Red Slaver","floor":10,"turns":3},{"damage":16,"enemies":"Exordium Wildlife","floor":12,"turns":4},{"damage":14,"enemies":"Gremlin Nob","floor":14,"turns":3},{"damage":0,"enemies":"Slime Boss","floor":16,"turns":5},{"damage":17,"enemies":"Shell Parasite","floor":18,"turns":4},{"damage":35,"enemies":"Masked Bandits","floor":19,"turns":4},{"damage":10,"enemies":"3 Byrds","floor":20,"turns":5},{"damage":0,"enemies":"Sentry and Sphere","floor":24,"turns":3},{"damage":10,"enemies":"Gremlin Leader","floor":25,"turns":5},{"damage":13,"enemies":"Centurion and Healer","floor":27,"turns":3},{"damage":25,"enemies":"Slavers","floor":30,"turns":4},{"damage":8,"enemies":"Snecko","floor":31,"turns":4},{"damage":54,"enemies":"Champ","floor":33,"turns":6}],"seed_played":"-1902719356789350771","potions_obtained":[{"floor":8,"key":"Poison Potion"},{"floor":10,"key":"GamblersBrew"},{"floor":14,"key":"EssenceOfSteel"},{"floor":18,"key":"SkillPotion"},{"floor":27,"key":"AttackPotion"}],"is_trial":false,"path_per_floor":["M","?","?","?","M","$","R","M","T","M","R","M","$","E","R","B",null,"M","?","M","$","?","R","M","E","T","M","$","?","E","M","R","B"],"character_chosen":"IRONCLAD","items_purchased":["Meat on the Bone","Trip","Inflame","Whirlwind"],"campfire_rested":0,"item_purchase_floors":[6,13,21,21],"current_hp_per_floor":[80,80,80,80,80,80,80,80,80,73,73,63,63,55,55,61,80,69,52,48,48,40,40,58,54,54,47,47,47,40,50,50,0],"gold":59,"neow_bonus":"RANDOM_COMMON_RELIC","is_prod":false,"is_daily":false,"chose_seed":false,"campfire_upgraded":5,"win_rate":0,"timestamp":1558583585,"path_taken":["M","?","?","?","M","$","R","?","T","M","R","M","$","E","R","BOSS","M","?","M","$","?","R","?","E","T","M","$","?","E","M","R","BOSS"],"build_version":"2019-01-23","purchased_purges":3,"victory":false,"max_hp_per_floor":[80,80,80,80,80,80,80,80,80,80,80,80,80,80,80,80,80,80,80,80,80,80,80,80,80,80,80,80,80,80,80,80,80],"card_choices":[{"not_picked":["Thunderclap","Pummel"],"picked":"Twin Strike","floor":1},{"not_picked":["Cleave","Metallicize","Heavy Blade"],"picked":"SKIP","floor":5},{"not_picked":["Rage","Entrench","Havoc"],"picked":"SKIP","floor":8},{"not_picked":["Wild Strike","Intimidate","Armaments"],"picked":"Twin Strike","floor":10},{"not_picked":["Iron Wave","Fire Breathing","Cleave","Shrug It Off"],"picked":"SKIP","floor":12},{"not_picked":["Flex","True Grit","Cleave"],"picked":"Inflame","floor":14},{"not_picked":["Fiend Fire","Barricade","Dark Embrace"],"picked":"Double Tap","floor":16},{"not_picked":["Reckless Charge+1","Flex"],"picked":"SKIP","floor":18},{"not_picked":["Power Through+1"],"picked":"Shrug It Off+1","floor":19},{"not_picked":["Twin Strike"],"picked":"Cleave+1","floor":20},{"not_picked":["Metallicize","Hemokinesis+1"],"picked":"SKIP","floor":24},{"not_picked":["Blood for Blood","Flex"],"picked":"SKIP","floor":25},{"not_picked":["Second Wind+1","Pummel"],"picked":"SKIP","floor":27},{"not_picked":["Hemokinesis"],"picked":"Inflame","floor":30},{"not_picked":["Carnage+1"],"picked":"Pommel Strike+1","floor":31}],"player_experience":606481,"relics_obtained":[{"floor":9,"key":"Question Card"},{"floor":14,"key":"Omamori"},{"floor":19,"key":"Red Mask"},{"floor":25,"key":"Ancient Tea Set"},{"floor":26,"key":"Matryoshka"},{"floor":30,"key":"Lantern"}],"event_choices":[{"damage_healed":0,"gold_gain":0,"player_choice":"Grow","damage_taken":0,"max_hp_gain":0,"max_hp_loss":0,"event_name":"Living Wall","floor":2,"gold_loss":0,"cards_upgraded":["Twin Strike"]},{"damage_healed":0,"gold_gain":175,"player_choice":"AGREE","damage_taken":0,"max_hp_gain":0,"max_hp_loss":0,"event_name":"Liars Game","floor":3,"gold_loss":0,"cards_obtained":["Doubt"]},{"damage_healed":0,"gold_gain":0,"player_choice":"Forge","damage_taken":0,"max_hp_gain":0,"max_hp_loss":0,"event_name":"Accursed Blacksmith","floor":4,"gold_loss":0,"cards_upgraded":["Bash"]},{"damage_healed":0,"gold_gain":0,"player_choice":"Fought Bandits","damage_taken":0,"max_hp_gain":0,"max_hp_loss":0,"event_name":"Masked Bandits","floor":19,"gold_loss":0},{"damage_healed":0,"gold_gain":0,"player_choice":"","damage_taken":8,"max_hp_gain":0,"max_hp_loss":0,"event_name":"Knowing Skull","floor":22,"potions_obtained":[],"gold_loss":0,"cards_obtained":[]},{"damage_healed":0,"gold_gain":0,"player_choice":"Simplicity","damage_taken":0,"max_hp_gain":0,"max_hp_loss":0,"event_name":"Back to Basics","floor":29,"gold_loss":0,"cards_upgraded":["Strike_R","Strike_R","Defend_R","Defend_R","Defend_R","Defend_R"]}],"is_beta":false,"boss_relics":[{"not_picked":["Runic Dome","Sozu"],"picked":"Busted Crown"}],"items_purged_floors":[13,21,28],"is_endless":false,"potions_floor_spawned":[8,10,14,18,19,25,27],"killed_by":"Champ","ascension_level":0}