{"gold_per_floor":[112,131,84,84,98,428,447,475,501,517,533,288,288,298,298,398,398,398,398,65,65,65,65,65,65,65,65,65,65,65,65,65,65,65,65,65,65,39,39,39,39,39,39,39,39,39,39,39,39,39],"floor_reached":51,"playtime":2248,"items_purged":[],"score":763,"play_id":"186f651a-7b5b-46e0-a3f1-d7141ce46066","local_time":"20181120033659","is_ascension_mode":false,"campfire_choices":[{"data":"Hologram","floor":13,"key":"SMITH"},{"data":"Hologram","floor":15,"key":"SMITH"},{"data":"Zap","floor":23,"key":"SMITH"},{"data":"Go for the Eyes","floor":28,"key":"SMITH"},{"data":"Seek","floor":32,"key":"SMITH"},{"data":"Machine Learning","floor":44,"key":"SMITH"},{"data":"Beam Cell","floor":49,"key":"SMITH"}],"neow_cost":"NONE","seed_source_timestamp":10868615407983,"circlet_count":0,"master_deck":["Strike_B","Strike_B","Defend_B","Defend_B","Defend_B","Defend_B","Zap+1","Dualcast","Leap","Hologram+1","Self Repair","Go for the Eyes+1","Gash","Hologram+1","Seek+1","Conserve Battery","Beam Cell+1","Coolheaded+1","Gash+1","All For One","Go for the Eyes+1","Gash","Gash+1","Beam Cell+1","Machine Learning+1"],"relics":["Cracked Core","Old Coin","Centennial Puzzle","Bronze Scales","Mercury Hourglass","Ectoplasm","Incense Burner","Gambling Chip","Vajra","Coffee Dripper","Symbiotic Virus","Singing Bowl"],"potions_floor_usage":[16,25,29,30,50,50],"damage_taken":[{"damage":0,"enemies":"2 Louse","floor":1,"turns":3},{"damage":1,"enemies":"Cultist","floor":2,"turns":3},{"damage":2,"enemies":"Jaw Worm","floor":5,"turns":4},{"damage":43,"enemies":"3 Sentries","floor":6,"turns":10},{"damage":8,"enemies":"Gremlin Gang","floor":7,"turns":5},{"damage":15,"enemies":"Lagavulin","floor":8,"turns":8},{"damage":9,"enemies":"Exordium Thugs","floor":10,"turns":4},{"damage":2,"enemies":"3 Louse","floor":11,"turns":3},{"damage":2,"enemies":"Gremlin Gang","floor":14,"turns":3},{"damage":25,"enemies":"Slime Boss","floor":16,"turns":11},{"damage":3,"enemies":"3 Byrds","floor":18,"turns":3},{"damage":3,"enemies":"Shell Parasite","floor":21,"turns":5},{"damage":0,"enemies":"Centurion and Healer","floor":24,"turns":5},{"damage":0,"enemies":"Shelled Parasite and Fungi","floor":25,"turns":6},{"damage":4,"enemies":"Cultist and Chosen","floor":27,"turns":5},{"damage":8,"enemies":"Gremlin Leader","floor":29,"turns":5},{"damage":14,"enemies":"Centurion and Healer","floor":30,"turns":4},{"damage":3,"enemies":"Chosen and Byrds","floor":31,"turns":5},{"damage":27,"enemies":"Champ","floor":33,"turns":14},{"damage":5,"enemies":"Orb Walker","floor":35,"turns":2},{"damage":0,"enemies":"3 Shapes","floor":36,"turns":5},{"damage":12,"enemies":"Nemesis","floor":40,"turns":7},{"damage":10,"enemies":"Spire Growth","floor":41,"turns":3},{"damage":34,"enemies":"Writhing Mass","floor":42,"turns":3},{"damage":0,"enemies":"3 Darklings","floor":46,"turns":4},{"damage":13,"enemies":"Donu and Deca","floor":50,"turns":5}],"seed_played":"-8433635484051153703","potions_obtained":[{"floor":2,"key":"LiquidBronze"},{"floor":8,"key":"Weak Potion"},{"floor":10,"key":"Block Potion"},{"floor":16,"key":"Energy Potion"},{"floor":27,"key":"LiquidBronze"},{"floor":29,"key":"Fire Potion"},{"floor":33,"key":"GamblersBrew"}],"is_trial":false,"path_per_floor":["M","M","$","?","M","E","M","E","T","M","M","$","R","M","R","B",null,"M","?","$","M","$","R","M","M","T","M","R","E","M","M","R","B",null,"M","M","?","$","?","E","M","M","T","R","$","M","?","?","R","B",null],"character_chosen":"DEFECT","items_purchased":["Hologram","Mercury Hourglass","Beam Cell","Incense Burner","Gash"],"campfire_rested":0,"item_purchase_floors":[3,12,20,20,38],"current_hp_per_floor":[75,74,74,74,72,36,35,27,27,25,30,30,30,28,28,10,75,75,75,75,75,75,75,75,75,75,75,75,74,67,71,71,51,75,70,75,75,75,75,70,60,26,26,26,26,35,67,67,67,61],"gold":39,"neow_bonus":"REMOVE_CARD","is_prod":false,"is_daily":false,"chose_seed":false,"campfire_upgraded":7,"win_rate":0,"timestamp":1542677819,"path_taken":["M","M","$","?","?","E","M","E","T","M","M","$","R","M","R","BOSS","M","?","$","M","$","R","M","M","T","M","R","E","M","M","R","BOSS","M","?","?","$","?","E","?","M","T","R","$","M","?","?","R","BOSS"],"build_version":"2018-11-15","purchased_purges":0,"victory":true,"max_hp_per_floor":[75,75,75,75,75,75,75,75,75,75,75,75,75,75,75,75,75,75,75,75,75,75,75,75,75,75,75,75,75,75,75,75,75,75,75,75,75,75,75,75,75,75,75,75,75,77,67,67,67,67],"card_choices":[{"not_picked":["Stack","Redo","Beam Cell"],"picked":"SKIP","floor":1},{"not_picked":["Hyperbeam","Steam"],"picked":"Leap","floor":2},{"not_picked":["Leap","Turbo"],"picked":"Self Repair","floor":5},{"not_picked":["Sweeping Beam","Conserve Battery"],"picked":"Go for the Eyes","floor":6},{"not_picked":["Heatsinks","Barrage"],"picked":"Gash","floor":7},{"not_picked":["Darkness","Heatsinks"],"picked":"Hologram","floor":8},{"not_picked":["Barrage","Chill","Hello World"],"picked":"SKIP","floor":10},{"not_picked":["Rebound","Barrage","Capacitor"],"picked":"SKIP","floor":11},{"not_picked":["Hologram","Undo","Melter"],"picked":"SKIP","floor":14},{"not_picked":["Amplify","Fission"],"picked":"Seek","floor":16},{"not_picked":["Genetic Algorithm","Static Discharge"],"picked":"Conserve Battery","floor":18},{"not_picked":["Stack","Streamline"],"picked":"Coolheaded+1","floor":21},{"not_picked":["Heatsinks+1","Beam Cell","Storm"],"picked":"SKIP","floor":24},{"not_picked":["Conserve Battery","Beam Cell","Chill"],"picked":"SKIP","floor":25},{"not_picked":["Chill+1","White Noise","Leap"],"picked":"SKIP","floor":27},{"not_picked":["Fusion","Sweeping Beam+1"],"picked":"Gash+1","floor":29},{"not_picked":["Undo+1","Stack","Capacitor+1"],"picked":"SKIP","floor":30},{"not_picked":["Reprogram+1","Redo","Sweeping Beam"],"picked":"SKIP","floor":31},{"not_picked":["Fission","Amplify"],"picked":"All For One","floor":33},{"not_picked":["Tempest","Compile Driver+1"],"picked":"Go for the Eyes+1","floor":35},{"not_picked":["Loop+1","Rip and Tear+1","Aggregate"],"picked":"SKIP","floor":36},{"not_picked":["Barrage+1","Stack+1"],"picked":"Gash+1","floor":40},{"not_picked":["Chill","Turbo+1"],"picked":"Beam Cell+1","floor":41},{"not_picked":["Sweeping Beam+1","Turbo"],"picked":"Machine Learning","floor":42},{"not_picked":["Redo+1","Beam Cell+1","Go for the Eyes"],"picked":"Singing Bowl","floor":46}],"player_experience":482134,"relics_obtained":[{"floor":6,"key":"Old Coin"},{"floor":8,"key":"Centennial Puzzle"},{"floor":9,"key":"Bronze Scales"},{"floor":26,"key":"Gambling Chip"},{"floor":29,"key":"Vajra"},{"floor":40,"key":"Symbiotic Virus"},{"floor":43,"key":"Singing Bowl"}],"event_choices":[{"damage_healed":0,"gold_gain":0,"player_choice":"Ignored","damage_taken":0,"max_hp_gain":0,"max_hp_loss":0,"event_name":"Transmorgrifier","floor":4,"gold_loss":0},{"damage_healed":0,"gold_gain":0,"player_choice":"Ignored","damage_taken":0,"max_hp_gain":0,"max_hp_loss":0,"event_name":"Transmorgrifier","floor":19,"gold_loss":0},{"damage_healed":0,"gold_gain":0,"player_choice":"Ignored","damage_taken":0,"max_hp_gain":0,"max_hp_loss":0,"event_name":"Tomb of Lord Red Mask","floor":37,"gold_loss":0},{"cards_removed":["Strike_B"],"damage_healed":0,"gold_gain":0,"player_choice":"Purged","damage_taken":0,"max_hp_gain":0,"max_hp_loss":0,"event_name":"Purifier","floor":39,"gold_loss":0},{"damage_healed":67,"gold_gain":0,"player_choice":"Heal","damage_taken":0,"max_hp_gain":0,"max_hp_loss":10,"event_name":"The Moai Head","floor":47,"gold_loss":0},{"damage_healed":0,"gold_gain":0,"player_choice":"Ignored","damage_taken":0,"max_hp_gain":0,"max_hp_loss":0,"event_name":"Mysterious Sphere","floor":48,"gold_loss":0}],"is_beta":false,"boss_relics":[{"not_picked":["Inserter","FrozenCore"],"picked":"Ectoplasm"},{"not_picked":["Orrery","Nuclear Battery"],"picked":"Coffee Dripper"}],"items_purged_floors":[],"is_endless":false,"potions_floor_spawned":[2,8,10,16,24,27,29,33,35,46],"ascension_level":0}