{"gold_per_floor":[112,187,41,57,75,107,107,140,140,39,39,214,226,245,245,245],"floor_reached":16,"playtime":916,"items_purged":["Defend_G"],"score":135,"play_id":"68b9af31-d10a-4b47-a74f-d6ccd9d85066","local_time":"20180825034045","is_ascension_mode":false,"campfire_choices":[{"data":"Neutralize","floor":7,"key":"SMITH"},{"data":"Die Die Die","floor":11,"key":"SMITH"},{"data":"Footwork","floor":15,"key":"SMITH"}],"neow_cost":"NONE","seed_source_timestamp":13096295649517,"circlet_count":0,"master_deck":["Defend_G","Defend_G","Defend_G","Defend_G","Strike_G","Strike_G","Strike_G","Strike_G","Strike_G","Survivor","Neutralize+1","Die Die Die+1","Dagger Spray","Backflip","Tactician","Cloak And Dagger+1","Deadly Poison+1","Doubt","Footwork+1"],"relics":["Ring of the Snake","Oddly Smooth Stone","Bag of Marbles","Toxic Egg 2","Potion Belt"],"potions_floor_usage":[8,16],"damage_taken":[{"damage":0,"enemies":"Jaw Worm","floor":1,"turns":4},{"damage":0,"enemies":"2 Louse","floor":4,"turns":1},{"damage":0,"enemies":"Cultist","floor":5,"turns":3},{"damage":28,"enemies":"Gremlin Nob","floor":6,"turns":5},{"damage":0,"enemies":"3 Sentries","floor":8,"turns":3},{"damage":3,"enemies":"Gremlin Gang","floor":13,"turns":4},{"damage":0,"enemies":"2 Fungi Beasts","floor":14,"turns":2},{"damage":28,"enemies":"Slime Boss","floor":16,"turns":7}],"seed_played":"-4860362359082923688","potions_obtained":[{"floor":1,"key":"Strength Potion"},{"floor":4,"key":"Explosive Potion"}],"is_trial":false,"path_per_floor":["M","?","$","M","M","E","R","E","T","$","R","?","M","M","R"],"character_chosen":"THE_SILENT","items_purchased":["Oddly Smooth Stone","Deadly Poison+1"],"campfire_rested":0,"item_purchase_floors":[3,10],"current_hp_per_floor":[70,59,59,59,59,31,31,31,31,31,31,31,28,28,28,0],"gold":245,"neow_bonus":"ONE_RANDOM_RARE_CARD","is_prod":false,"is_daily":false,"chose_seed":false,"campfire_upgraded":3,"win_rate":0,"timestamp":1535161245,"path_taken":["M","?","$","?","M","E","R","E","T","$","R","?","M","M","R","BOSS"],"build_version":"2018-08-16","purchased_purges":1,"victory":false,"max_hp_per_floor":[70,70,70,70,70,70,70,70,70,70,70,70,70,70,70,70],"card_choices":[{"not_picked":["Flying Knee","Prepared"],"picked":"Dagger Spray","floor":1},{"not_picked":["PiercingWail","All Out Attack","Crippling Poison"],"picked":"SKIP","floor":4},{"not_picked":["Prepared","Outmaneuver"],"picked":"Backflip","floor":5},{"not_picked":["Reflex","Expertise"],"picked":"Tactician","floor":6},{"not_picked":["Finisher","Quick Slash"],"picked":"Cloak And Dagger","floor":8},{"not_picked":["Bane","Sucker Punch"],"picked":"Footwork","floor":13},{"not_picked":["Concentrate+1","Quick Slash","Outmaneuver+1"],"picked":"SKIP","floor":14}],"player_experience":580122,"relics_obtained":[{"floor":6,"key":"Bag of Marbles"},{"floor":8,"key":"Toxic Egg 2"},{"floor":9,"key":"Potion Belt"}],"event_choices":[{"event_name":"World of Goop","player_choice":"Gather Gold","floor":2,"damage_taken":0},{"event_name":"Liars Game","player_choice":"agreed","floor":12,"damage_taken":0}],"is_beta":true,"boss_relics":[],"items_purged_floors":[10],"is_endless":false,"potions_floor_spawned":[1,4],"killed_by":"Slime Boss","ascension_level":0}