{"path_per_floor":["M","?","$","M","M","E","M","M","T","M","$","M","M","M","R","B",null,"M","?","?","$","M","R","M","?","T","M","M","R","?","M","R"],"character_chosen":"THE_SILENT","items_purchased":["Infinite Blades","Bag of Preparation","Noxious Fumes","Backflip"],"gold_per_floor":[16,91,16,30,50,77,94,106,106,121,3,14,30,41,41,138,138,153,153,153,26,39,39,54,54,54,64,78,78,78,94,94,94],"floor_reached":33,"campfire_rested":0,"playtime":1590,"item_purchase_floors":[],"current_hp_per_floor":[70,59,59,59,59,25,25,21,21,21,21,21,21,21,21,2,70,70,70,70,70,66,66,65,65,65,65,60,60,60,50,50,0],"items_purged":[],"gold":94,"score":255,"play_id":"f3832b40-fa0d-4166-98aa-b64361c0f589","local_time":"20180608142110","is_prod":false,"is_daily":false,"chose_seed":false,"is_ascension_mode":false,"campfire_upgraded":4,"win_rate":0,"timestamp":1528456870,"campfire_choices":[{"data":"Calculated Gamble","floor":15.0,"key":"SMITH"},{"data":"Infinite Blades","floor":23.0,"key":"SMITH"},{"data":"Noxious Fumes","floor":29.0,"key":"SMITH"},{"data":"Storm of Steel","floor":32.0,"key":"SMITH"}],"path_taken":["M","?","$","M","M","E","M","M","T","M","$","M","M","M","R","BOSS","M","?","?","$","M","R","M","?","T","M","M","R","?","M","R","BOSS"],"build_version":"2018-06-07","seed_source_timestamp":0,"purchased_purges":0,"victory":false,"master_deck":["Defend_G","Defend_G","Defend_G","Defend_G","Defend_G","Strike_G","Strike_G","Strike_G","Strike_G","Strike_G","Survivor","Neutralize","Deflect","Infinite Blades+1","Cloak And Dagger","Cloak And Dagger","Tactician","Calculated Gamble+1","Dodge and Roll","Storm of Steel+1","Noxious Fumes+1","Backflip","Deflect","Malaise","Calculated Gamble+1","Cloak And Dagger+1"],"max_hp_per_floor":[70,70,70,70,70,70,70,70,70,70,70,70,70,70,70,70,70,70,70,70,70,70,70,70,70,70,70,70,70,70,70,70,70],"relics":["Ring of the Snake","Gambling Chip","Tingsha","Bag of Preparation","White Beast Statue","Nloth\u0027s Gift","Ornamental Fan"],"card_choices":[{"not_picked":["Dagger Throw","Bane"],"picked":"Deflect","floor":1.0},{"not_picked":["Expertise","Underhanded Strike","Prepared"],"picked":"SKIP","floor":4.0},{"not_picked":["Acrobatics","All Out Attack"],"picked":"Cloak And Dagger","floor":5.0},{"not_picked":["Endless Agony","Terror","PiercingWail"],"picked":"SKIP","floor":6.0},{"not_picked":["Predator","Dagger Throw"],"picked":"Cloak And Dagger","floor":7.0},{"not_picked":["Bane","All Out Attack"],"picked":"Tactician","floor":8.0},{"not_picked":["Dodge and Roll","Dagger Spray"],"picked":"Calculated Gamble","floor":10.0},{"not_picked":["Acrobatics","Corpse Explosion","Flechettes"],"picked":"SKIP","floor":12.0},{"not_picked":["Slice","Dash"],"picked":"Dodge and Roll","floor":13.0},{"not_picked":["Choke","Prepared","Underhanded Strike"],"picked":"SKIP","floor":14.0},{"not_picked":["Venomology","Die Die Die"],"picked":"Storm of Steel","floor":16.0},{"not_picked":["Slice","Sucker Punch+1","Predator"],"picked":"SKIP","floor":18.0},{"not_picked":["Outmaneuver","Backstab","Underhanded Strike"],"picked":"SKIP","floor":22.0},{"not_picked":["Dagger Spray","Escape Plan"],"picked":"Deflect","floor":24.0},{"not_picked":["Dodge and Roll","Bane"],"picked":"Malaise","floor":27.0},{"not_picked":["Outmaneuver","Underhanded Strike","Quick Slash"],"picked":"SKIP","floor":28.0},{"not_picked":["Grand Finale","Acrobatics"],"picked":"Cloak And Dagger+1","floor":31.0}],"player_experience":94848,"potions_floor_usage":[33,33],"damage_taken":[{"damage":0.0,"enemies":"Small Slimes","floor":1.0,"turns":4.0},{"damage":0.0,"enemies":"Jaw Worm","floor":4.0,"turns":4.0},{"damage":0.0,"enemies":"2 Louse","floor":5.0,"turns":3.0},{"damage":34.0,"enemies":"Lagavulin","floor":6.0,"turns":13.0},{"damage":0.0,"enemies":"Looter","floor":7.0,"turns":4.0},{"damage":4.0,"enemies":"3 Louse","floor":8.0,"turns":3.0},{"damage":0.0,"enemies":"2 Fungi Beasts","floor":10.0,"turns":3.0},{"damage":0.0,"enemies":"Lots of Slimes","floor":12.0,"turns":2.0},{"damage":0.0,"enemies":"Looter","floor":13.0,"turns":1.0},{"damage":0.0,"enemies":"2 Fungi Beasts","floor":14.0,"turns":1.0},{"damage":19.0,"enemies":"The Guardian","floor":16.0,"turns":15.0},{"damage":0.0,"enemies":"2 Thieves","floor":18.0,"turns":5.0},{"damage":4.0,"enemies":"Shell Parasite","floor":22.0,"turns":4.0},{"damage":1.0,"enemies":"Chosen and Byrds","floor":24.0,"turns":3.0},{"damage":0.0,"enemies":"3 Cultists","floor":27.0,"turns":3.0},{"damage":5.0,"enemies":"Snecko","floor":28.0,"turns":6.0},{"damage":10.0,"enemies":"Centurion and Healer","floor":31.0,"turns":6.0},{"damage":63,"enemies":"Collector","floor":33,"turns":7}],"relics_obtained":[{"floor":6.0,"key":"Tingsha"},{"floor":9.0,"key":"The Courier"},{"floor":26.0,"key":"Ornamental Fan"}],"event_choices":[{"event_name":"World of Goop","player_choice":"Gather Gold","floor":2.0,"damage_taken":0.0},{"event_name":"Beggar","player_choice":"Ignored","floor":19.0,"damage_taken":0.0},{"event_name":"N\u0027loth","player_choice":"Traded a The Courier","floor":20.0,"damage_taken":0.0},{"event_name":"Ghosts","player_choice":"Ignored","floor":25.0,"damage_taken":0.0},{"event_name":"Duplicator","player_choice":"One dupe","floor":30.0,"damage_taken":0.0}],"boss_relics":[{"not_picked":["Black Star","Runic Pyramid"],"picked":"White Beast Statue"}],"items_purged_floors":[],"potions_floor_spawned":[5,10,12,13,18,22,24,27,28,31],"seed_played":"3854002580751797874","killed_by":"Collector","ascension_level":0,"potions_obtained":[{"floor":5.0,"key":"Dexterity Potion"},{"floor":10.0,"key":"AttackPotion"},{"floor":12.0,"key":"GhostInAJar"},{"floor":13.0,"key":"SteroidPotion"},{"floor":18.0,"key":"EssenceOfSteel"},{"floor":22.0,"key":"SteroidPotion"},{"floor":24.0,"key":"Poison Potion"},{"floor":27.0,"key":"EssenceOfSteel"},{"floor":28.0,"key":"Fire Potion"},{"floor":31.0,"key":"SteroidPotion"}],"is_trial":false}