{"gold_per_floor":[11,11,34,52,71,71,71,114,137,173,187,203,203,242,242,370,370,394,62,62,83,83,127,127,154,154,54,153,193,218,261,261,389,389,407,423,115,115,138,138,13,33,60,60,6,6,27,27,27,27,27,27,27,62,62],"floor_reached":56,"playtime":1342,"items_purged":["Strike_R","Bite","Defend_R"],"score":1348,"play_id":"a39fc652-4324-4da9-9749-39747184da0a","local_time":"20190726192850","is_ascension_mode":false,"campfire_choices":[{"data":"Trip","floor":6.0,"key":"SMITH"},{"data":"Spot Weakness","floor":13,"key":"SMITH"},{"data":"Sword Boomerang","floor":15,"key":"SMITH"},{"data":"Battle Trance","floor":24,"key":"SMITH"},{"data":"Shrug It Off","floor":32,"key":"SMITH"},{"data":"Limit Break","floor":40,"key":"SMITH"},{"data":"Writhe","floor":44,"key":"PURGE"},{"data":"Whirlwind","floor":46,"key":"SMITH"},{"floor":49,"key":"RECALL"},{"data":"Bash","floor":52,"key":"SMITH"}],"neow_cost":"NO_GOLD","seed_source_timestamp":265446728830099,"circlet_count":0,"master_deck":["Defend_R","Defend_R","Defend_R+1","Bash+1","Bandage Up+1","Trip+1","Whirlwind+1","Sword Boomerang+1","Battle Trance+1","Spot Weakness+1","Shrug It Off+1","Bite","Bite","Bite","Bite","Limit Break+1","Inflame+1"],"special_seed":0,"relics":["Burning Blood","Golden Idol","Bronze Scales","Vajra","Centennial Puzzle","Red Skull","Mark of Pain","Sling","Lantern","Ancient Tea Set","Self Forming Clay","FossilizedHelix","Peace Pipe","Cursed Key","Torii","Bag of Preparation","Mummified Hand","Magic Flower"],"potions_floor_usage":[16,33,50,55],"damage_taken":[{"damage":10.0,"enemies":"2 Louse","floor":1.0,"turns":3.0},{"damage":0.0,"enemies":"Small Slimes","floor":3.0,"turns":2.0},{"damage":1.0,"enemies":"Jaw Worm","floor":4.0,"turns":3.0},{"damage":9.0,"enemies":"2 Fungi Beasts","floor":5.0,"turns":3.0},{"damage":36.0,"enemies":"Lagavulin","floor":8.0,"turns":6.0},{"damage":16.0,"enemies":"Gremlin Nob","floor":10.0,"turns":3.0},{"damage":10.0,"enemies":"Looter","floor":11.0,"turns":3.0},{"damage":11.0,"enemies":"Red Slaver","floor":12.0,"turns":4.0},{"damage":23,"enemies":"3 Sentries","floor":14,"turns":5},{"damage":0,"enemies":"Slime Boss","floor":16,"turns":4},{"damage":0,"enemies":"3 Byrds","floor":18,"turns":3},{"damage":5,"enemies":"Shell Parasite","floor":21,"turns":3},{"damage":0,"enemies":"Gremlin Leader","floor":23,"turns":4},{"damage":14,"enemies":"Slavers","floor":29,"turns":3},{"damage":6,"enemies":"3 Cultists","floor":30,"turns":3},{"damage":6,"enemies":"Gremlin Leader","floor":31,"turns":3},{"damage":72,"enemies":"Champ","floor":33,"turns":9},{"damage":19,"enemies":"3 Darklings","floor":35,"turns":3},{"damage":15,"enemies":"3 Shapes","floor":36,"turns":2},{"damage":22,"enemies":"Writhing Mass","floor":39,"turns":5},{"damage":27,"enemies":"Spire Growth","floor":42,"turns":4},{"damage":0,"enemies":"Maw","floor":47,"turns":3},{"damage":14,"enemies":"Donu and Deca","floor":50,"turns":3},{"damage":0,"enemies":"Shield and Spear","floor":54,"turns":2},{"damage":54,"enemies":"The Heart","floor":55,"turns":6}],"seed_played":"-2228793597397481936","potions_obtained":[{"floor":1.0,"key":"Energy Potion"},{"floor":3.0,"key":"Block Potion"},{"floor":8.0,"key":"EssenceOfSteel"},{"floor":10.0,"key":"BloodPotion"},{"floor":18,"key":"FearPotion"},{"floor":36,"key":"GamblersBrew"}],"is_trial":false,"path_per_floor":["M","?","M","M","M","R","?","E","T","E","M","M","R","E","R","B",null,"M","$","?","M","?","E","R","T","T","$","?","E","M","E","R","B",null,"M","M","$","?","M","R","$","M","T","R","?","R","M","$","R","B",null,"R","$","E","B",null],"character_chosen":"IRONCLAD","items_purchased":["Sling","Shrug It Off","Torii"],"campfire_rested":0,"item_purchase_floors":[19,19,37],"current_hp_per_floor":[76,56,66,75,76,76,60,36,36,32,34,35,35,24,24,36,80,80,80,80,80,56,56,56,56,56,56,56,52,56,56,56,14,56,51,42,42,56,51,51,51,39,39,39,39,39,56,56,56,48,56,56,56,56,32],"gold":62,"neow_bonus":"RANDOM_COLORLESS_2","is_prod":false,"is_daily":false,"chose_seed":false,"campfire_upgraded":8,"win_rate":0,"timestamp":1564158530,"path_taken":["M","?","M","M","M","R","?","E","T","E","M","M","R","E","R","BOSS","M","$","?","M","?","E","R","?","T","$","?","E","M","E","R","BOSS","M","M","$","?","?","R","$","M","T","R","?","R","?","?","R","BOSS","R","$","E","BOSS"],"build_version":"2019-07-17","purchased_purges":3,"victory":true,"max_hp_per_floor":[80,80,80,80,80,80,80,80,80,80,80,80,80,80,80,80,80,80,80,80,80,56,56,56,56,56,56,56,56,56,56,56,56,56,56,56,56,56,56,56,56,56,56,56,56,56,56,56,56,56,56,56,56,56,56],"card_choices":[{"not_picked":["Burning Pact","Clash"],"picked":"Whirlwind","floor":1.0},{"not_picked":["Seeing Red","Pummel"],"picked":"Sword Boomerang","floor":3.0},{"not_picked":["Warcry","Cleave","Disarm"],"picked":"SKIP","floor":4.0},{"not_picked":["Armaments","Clash"],"picked":"Battle Trance","floor":5.0},{"not_picked":["Sword Boomerang","Armaments","Headbutt"],"picked":"SKIP","floor":8.0},{"not_picked":["Warcry","Clothesline","Wild Strike"],"picked":"SKIP","floor":10.0},{"not_picked":["Uppercut","Twin Strike"],"picked":"Spot Weakness","floor":11.0},{"not_picked":["Exhume","Perfected Strike","Sword Boomerang"],"picked":"SKIP","floor":12.0},{"not_picked":["Flame Barrier","Perfected Strike","Combust"],"picked":"SKIP","floor":14},{"not_picked":["Warcry","Intimidate+1","Bloodletting"],"picked":"SKIP","floor":18},{"not_picked":["Body Slam+1","Combust"],"picked":"Pummel","floor":21},{"not_picked":["Sever Soul","Dual Wield","Rage"],"picked":"SKIP","floor":23},{"not_picked":["Rupture","Corruption","Anger"],"picked":"SKIP","floor":29},{"not_picked":["Reckless Charge","Rupture","Sword Boomerang"],"picked":"SKIP","floor":30},{"not_picked":["Perfected Strike","Fiend Fire","Warcry"],"picked":"SKIP","floor":31},{"not_picked":["Immolate","Feed"],"picked":"Limit Break","floor":33},{"not_picked":["Pommel Strike","Twin Strike+1","Armaments"],"picked":"SKIP","floor":35},{"not_picked":["Wild Strike+1","Iron Wave","Perfected Strike"],"picked":"SKIP","floor":36},{"not_picked":["Cleave+1","Hemokinesis"],"picked":"Inflame+1","floor":39},{"not_picked":["Searing Blow+1","Body Slam","Perfected Strike"],"picked":"SKIP","floor":42},{"not_picked":["Metallicize+1","Armaments+1","Flame Barrier"],"picked":"SKIP","floor":47},{"not_picked":["Immolate","Warcry","Pummel+1"],"picked":"SKIP","floor":54}],"player_experience":771175,"relics_obtained":[{"floor":8.0,"key":"Bronze Scales"},{"floor":9.0,"key":"Vajra"},{"floor":10.0,"key":"Centennial Puzzle"},{"floor":14,"key":"Red Skull"},{"floor":23,"key":"Ancient Tea Set"},{"floor":26,"key":"Self Forming Clay"},{"floor":29,"key":"FossilizedHelix"},{"floor":31,"key":"Peace Pipe"},{"floor":43,"key":"Bag of Preparation"},{"floor":54,"key":"Magic Flower"}],"event_choices":[{"damage_healed":0.0,"max_hp_gain":0.0,"max_hp_loss":0.0,"gold_gain":0.0,"event_name":"Golden Idol","player_choice":"Take Damage","floor":2.0,"gold_loss":0.0,"damage_taken":20.0,"relics_obtained":["Golden Idol"]},{"damage_healed":0.0,"max_hp_gain":0.0,"max_hp_loss":0.0,"gold_gain":0.0,"event_name":"Shining Light","player_choice":"Entered Light","floor":7.0,"gold_loss":0.0,"damage_taken":16.0,"cards_upgraded":["Bandage Up","Defend_R"]},{"damage_healed":0,"gold_gain":0,"player_choice":"Opened","damage_taken":0,"relics_obtained":["Lantern"],"max_hp_gain":0,"max_hp_loss":0,"event_name":"The Mausoleum","floor":20,"gold_loss":0},{"damage_healed":0,"gold_gain":0,"player_choice":"Became a vampire","damage_taken":0,"max_hp_gain":0,"max_hp_loss":24,"event_name":"Vampires","floor":22,"gold_loss":0,"cards_obtained":["Bite","Bite","Bite","Bite","Bite"]},{"damage_healed":0,"gold_gain":99,"player_choice":"Stole From Cult","damage_taken":0,"max_hp_gain":0,"max_hp_loss":0,"event_name":"Nest","floor":28,"gold_loss":0},{"cards_removed":["Pummel"],"damage_healed":14,"gold_gain":0,"player_choice":"Offered Uncommon","damage_taken":0,"max_hp_gain":0,"max_hp_loss":0,"event_name":"Bonfire Elementals","floor":38,"gold_loss":0},{"damage_healed":0,"gold_gain":0,"player_choice":"Paid Gold","damage_taken":0,"relics_obtained":["Mummified Hand"],"max_hp_gain":0,"max_hp_loss":0,"event_name":"WeMeetAgain","floor":45,"gold_loss":54}],"is_beta":false,"boss_relics":[{"not_picked":["White Beast Statue","Sozu"],"picked":"Mark of Pain"},{"not_picked":["Velvet Choker","Fusion Hammer"],"picked":"Cursed Key"}],"items_purged_floors":[19,27,41],"is_endless":false,"potions_floor_spawned":[1,3,8,10,12,18,30,31,36],"ascension_level":0}