{"gold_per_floor":[365,37,55,55,1,32,32,48,48,62,73,73,92,112,112,212,212,230,240,256,22,22,51,65,65,65,15,15,31,31,51,51,152,202,217,228,240,14,14,24,24,40,65,65,365,378,393,25,25,25],"floor_reached":51,"playtime":2119,"items_purged":["Pain","Injury","Strike_B","Clumsy"],"score":750,"play_id":"6a849007-d60b-45ce-a9db-c5f12ad57c0a","local_time":"20181025192923","is_ascension_mode":false,"campfire_choices":[{"data":"Hologram","floor":7.0,"key":"SMITH"},{"data":"Zap","floor":12.0,"key":"SMITH"},{"floor":15.0,"key":"REST"},{"floor":25,"key":"REST"},{"floor":30,"key":"REST"},{"data":"Echo Form","floor":32,"key":"SMITH"},{"data":"Machine Learning","floor":41,"key":"SMITH"},{"data":"Skim","floor":44,"key":"SMITH"},{"data":"Go for the Eyes","floor":49,"key":"SMITH"}],"neow_cost":"CURSE","seed_source_timestamp":96757133536673,"circlet_count":0,"master_deck":["Strike_B","Strike_B","Strike_B","Defend_B","Defend_B","Defend_B+1","Defend_B","Zap+1","Dualcast","Gash","Hologram+1","Rebound","Reprogram","Go for the Eyes+1","Gash","Reinforced Body","Echo Form+1","Skim+1","Auto Shields","Beam Cell+1","Conserve Battery+1","Machine Learning+1","Gash+1","FTL+1","Stack+1","Gash+1","Gash+1","All For One","Steam+1"],"special_seed":0,"relics":["Cracked Core","Orichalcum","Vajra","Singing Bowl","Cursed Key","ClockworkSouvenir","MutagenicStrength","Smiling Mask","Toxic Egg 2","Tiny House","Bag of Preparation","Pen Nib","Toy Ornithopter"],"potions_floor_usage":[20,33,33,50,50,50],"damage_taken":[{"damage":15.0,"enemies":"Small Slimes","floor":1.0,"turns":4.0},{"damage":1.0,"enemies":"Jaw Worm","floor":3.0,"turns":3.0},{"damage":22.0,"enemies":"3 Sentries","floor":6.0,"turns":7.0},{"damage":0.0,"enemies":"2 Louse","floor":8.0,"turns":3.0},{"damage":4.0,"enemies":"2 Fungi Beasts","floor":10.0,"turns":3.0},{"damage":0.0,"enemies":"3 Louse","floor":11.0,"turns":3.0},{"damage":2.0,"enemies":"Exordium Thugs","floor":13.0,"turns":5.0},{"damage":7.0,"enemies":"Blue Slaver","floor":14.0,"turns":2.0},{"damage":19.0,"enemies":"Hexaghost","floor":16.0,"turns":9.0},{"damage":7.0,"enemies":"Chosen","floor":18.0,"turns":6.0},{"damage":18,"enemies":"2 Thieves","floor":19,"turns":5},{"damage":4,"enemies":"Cultist and Chosen","floor":20,"turns":6},{"damage":29,"enemies":"Gremlin Leader","floor":23,"turns":7},{"damage":15,"enemies":"Snake Plant","floor":24,"turns":4},{"damage":8,"enemies":"Shelled Parasite and Fungi","floor":29,"turns":5},{"damage":5,"enemies":"3 Cultists","floor":31,"turns":5},{"damage":46,"enemies":"Champ","floor":33,"turns":9},{"damage":7,"enemies":"3 Darklings","floor":35,"turns":6},{"damage":31,"enemies":"3 Shapes","floor":36,"turns":5},{"damage":3,"enemies":"Maw","floor":37,"turns":6},{"damage":8,"enemies":"4 Shapes","floor":40,"turns":5},{"damage":3,"enemies":"Transient","floor":42,"turns":5},{"damage":0,"enemies":"Jaw Worm Horde","floor":46,"turns":4},{"damage":14,"enemies":"Sphere and 2 Shapes","floor":47,"turns":4},{"damage":21,"enemies":"Awakened One","floor":50,"turns":7}],"seed_played":"-6314160140143838164","potions_obtained":[{"floor":6.0,"key":"Block Potion"},{"floor":11.0,"key":"EssenceOfSteel"},{"floor":13.0,"key":"FearPotion"},{"floor":20,"key":"Block Potion"},{"floor":33,"key":"EssenceOfSteel"},{"floor":34,"key":"EssenceOfSteel"},{"floor":37,"key":"Block Potion"}],"is_trial":false,"path_per_floor":["M","$","M","?","$","E","R","M","T","M","M","R","M","M","R","B",null,"M","M","M","$","?","E","M","R","T","$","?","M","R","M","R","B",null,"M","M","M","$","?","M","R","M","T","R","?","M","M","$","R","B"],"character_chosen":"DEFECT","items_purchased":["Gash","Hologram","Orichalcum","Rebound","Skim","ClockworkSouvenir","Bag of Preparation","Stack+1","All For One","Toy Ornithopter","Steam+1"],"campfire_rested":3,"item_purchase_floors":[2,2,2,5,21,21,38,38,48,48,48],"current_hp_per_floor":[60,60,59,59,59,37,37,37,37,33,35,35,33,26,49,30,77,72,56,54,54,54,25,10,34,34,34,34,26,50,47,47,1,92,85,56,53,53,53,47,47,44,44,44,44,44,32,32,32,26],"gold":25,"neow_bonus":"TWO_FIFTY_GOLD","is_prod":false,"is_daily":false,"chose_seed":false,"campfire_upgraded":6,"win_rate":0,"timestamp":1540484963,"path_taken":["M","$","M","?","$","E","R","M","T","M","M","R","M","M","R","BOSS","M","M","M","$","?","E","M","R","T","?","?","?","R","M","R","BOSS","M","M","M","$","?","M","R","M","T","R","?","M","M","$","R","BOSS"],"build_version":"2018-10-18","purchased_purges":4,"victory":true,"max_hp_per_floor":[75,75,75,75,75,75,75,75,75,75,77,77,77,77,77,77,77,79,81,83,83,83,83,83,83,83,83,83,83,83,85,85,85,92,92,94,94,94,89,91,91,91,91,91,91,91,93,93,93,93],"card_choices":[{"not_picked":["Coolheaded","Hologram","Genetic Algorithm"],"picked":"SKIP","floor":1.0},{"not_picked":["Recycle","Doom and Gloom","Fusion"],"picked":"SKIP","floor":3.0},{"not_picked":["Doom and Gloom","Ball Lightning"],"picked":"Reprogram","floor":6.0},{"not_picked":["Streamline","Chaos","Darkness"],"picked":"SKIP","floor":8.0},{"not_picked":["Turbo","Compile Driver"],"picked":"Go for the Eyes","floor":10.0},{"not_picked":["Force Field","Doom and Gloom","Fusion"],"picked":"Singing Bowl","floor":11.0},{"not_picked":["Rip and Tear","Skim"],"picked":"Gash","floor":13.0},{"not_picked":["Stack","Hologram"],"picked":"Reinforced Body","floor":14.0},{"not_picked":["Hyperbeam","Thunder Strike"],"picked":"Echo Form","floor":16.0},{"not_picked":["Ball Lightning","Rebound+1","Stack+1"],"picked":"Singing Bowl","floor":18.0},{"not_picked":["Reinforced Body","Sunder","Rebound"],"picked":"Singing Bowl","floor":19},{"not_picked":["Buffer","Streamline","Steam+1"],"picked":"Singing Bowl","floor":20},{"not_picked":["Fission","Go for the Eyes"],"picked":"Auto Shields","floor":23},{"not_picked":["Steam+1","Turbo+1"],"picked":"Beam Cell+1","floor":24},{"not_picked":["Beam Cell","Redo+1"],"picked":"Conserve Battery+1","floor":29},{"not_picked":["Steam+1","Defragment","Lockon"],"picked":"Singing Bowl","floor":31},{"not_picked":["Fission+1","Hyperbeam"],"picked":"Machine Learning","floor":33},{"not_picked":["Redo+1","Rip and Tear+1","Barrage"],"picked":"Singing Bowl","floor":34},{"not_picked":["Barrage","Cold Snap+1"],"picked":"Gash+1","floor":35},{"not_picked":["Hello World","Compile Driver+1","Aggregate+1"],"picked":"Singing Bowl","floor":36},{"not_picked":["Ball Lightning","Capacitor"],"picked":"FTL+1","floor":37},{"not_picked":["Cold Snap","Stack+1","Turbo+1"],"picked":"Singing Bowl","floor":40},{"not_picked":["Blizzard","Heatsinks+1"],"picked":"Gash+1","floor":42},{"not_picked":["Compile Driver+1","Go for the Eyes+1"],"picked":"Gash+1","floor":46},{"not_picked":["Leap+1","Recycle+1","Reprogram+1"],"picked":"Singing Bowl","floor":47}],"player_experience":435076,"relics_obtained":[{"floor":6.0,"key":"Vajra"},{"floor":9.0,"key":"Singing Bowl"},{"floor":23,"key":"Smiling Mask"},{"floor":26,"key":"Toxic Egg 2"},{"floor":43,"key":"Pen Nib"}],"event_choices":[{"damage_healed":0.0,"max_hp_gain":0.0,"max_hp_loss":0.0,"gold_gain":0.0,"event_name":"The Cleric","player_choice":"Leave","floor":4.0,"gold_loss":0.0,"damage_taken":0.0},{"damage_healed":0,"gold_gain":0,"player_choice":"Inject Mutagens","damage_taken":0,"relics_obtained":["MutagenicStrength"],"max_hp_gain":0,"max_hp_loss":0,"event_name":"Drug Dealer","floor":22,"gold_loss":0},{"damage_healed":0,"gold_gain":0,"player_choice":"Max HP","damage_taken":0,"max_hp_gain":0,"max_hp_loss":5,"event_name":"Winding Halls","floor":39,"gold_loss":0},{"damage_healed":0,"gold_gain":300,"player_choice":"Gold","damage_taken":0,"max_hp_gain":0,"max_hp_loss":0,"event_name":"Wheel of Change","floor":45,"gold_loss":0}],"is_beta":false,"boss_relics":[{"not_picked":["Inserter","Runic Pyramid"],"picked":"Cursed Key"},{"not_picked":["Astrolabe","Sozu"],"picked":"Tiny House"}],"items_purged_floors":[2,27,38,48],"is_endless":false,"potions_floor_spawned":[6,11,13,16,18,20,24,33,36,37,40],"ascension_level":0}