{"gold_per_floor":[118,118,132,144,42,69,69,83,83,99,99,99,130,150,150,246,246,257,105,122,140,140,153,153,171,171,188,188,214,214,214,214,214],"floor_reached":33,"playtime":1445,"items_purged":[],"score":354,"play_id":"df7a04e9-890a-4278-945a-e05923e0d387","local_time":"20190216231346","is_ascension_mode":false,"campfire_choices":[{"data":"Zap","floor":7.0,"key":"SMITH"},{"data":"Go for the Eyes","floor":11.0,"key":"SMITH"},{"data":"Self Repair","floor":15.0,"key":"SMITH"},{"data":"Storm","floor":24.0,"key":"SMITH"},{"data":"Defragment","floor":28,"key":"SMITH"},{"data":"Hologram","floor":30,"key":"SMITH"},{"data":"Dualcast","floor":32,"key":"SMITH"}],"neow_cost":"NONE","seed_source_timestamp":82846410058524,"circlet_count":0,"master_deck":["Strike_B","Strike_B","Strike_B","Strike_B","Defend_B+1","Defend_B","Defend_B","Defend_B+1","Zap+1","Dualcast+1","Self Repair+1","Reinforced Body","Ball Lightning","Auto Shields+1","Leap","Go for the Eyes+1","Conserve Battery","Defragment+1","Force Field+1","Storm+1","Hologram+1"],"special_seed":0,"relics":["Cracked Core","Singing Bowl","Mango","WingedGreaves","Mummified Hand","Cursed Key","Blood Vial","Nunchaku"],"potions_floor_usage":[],"damage_taken":[{"damage":5.0,"enemies":"2 Louse","floor":1.0,"turns":2.0},{"damage":1.0,"enemies":"Cultist","floor":3.0,"turns":3.0},{"damage":3.0,"enemies":"Jaw Worm","floor":4.0,"turns":4.0},{"damage":21.0,"enemies":"3 Sentries","floor":6.0,"turns":7.0},{"damage":2.0,"enemies":"3 Louse","floor":8.0,"turns":3.0},{"damage":0.0,"enemies":"Large Slime","floor":10.0,"turns":6.0},{"damage":0.0,"enemies":"Lagavulin","floor":13.0,"turns":8.0},{"damage":0.0,"enemies":"2 Fungi Beasts","floor":14.0,"turns":4.0},{"damage":39.0,"enemies":"Slime Boss","floor":16.0,"turns":10.0},{"damage":6.0,"enemies":"Spheric Guardian","floor":18.0,"turns":5.0},{"damage":0.0,"enemies":"Chosen","floor":20.0,"turns":5.0},{"damage":8.0,"enemies":"Centurion and Healer","floor":21.0,"turns":13.0},{"damage":19.0,"enemies":"Chosen and Byrds","floor":23.0,"turns":8.0},{"damage":22.0,"enemies":"Sentry and Sphere","floor":25.0,"turns":6.0},{"damage":12,"enemies":"Snake Plant","floor":27,"turns":6},{"damage":26,"enemies":"Book of Stabbing","floor":29,"turns":6},{"damage":95,"enemies":"Automaton","floor":33,"turns":14}],"seed_played":"9073605721084669908","potions_obtained":[{"floor":1.0,"key":"Dexterity Potion"},{"floor":8.0,"key":"Fire Potion"},{"floor":10.0,"key":"FocusPotion"},{"floor":16.0,"key":"Explosive Potion"},{"floor":18.0,"key":"Poison Potion"},{"floor":23.0,"key":"Ancient Potion"}],"is_trial":false,"path_per_floor":["M","?","M","M","$","E","R","M","T","M","R","?","E","M","R","B",null,"M","$","M","M","$","M","R","M","T","M","R","E","R","?","R","B"],"character_chosen":"DEFECT","items_purchased":["Ball Lightning","Auto Shields","Blood Vial"],"campfire_rested":0,"item_purchase_floors":[5,5,19],"current_hp_per_floor":[77,61,67,71,71,57,57,62,76,83,83,76,85,94,94,67,102,102,102,104,104,104,95,95,85,85,87,87,75,75,75,75,0],"gold":214,"neow_bonus":"TEN_PERCENT_HP_BONUS","is_prod":false,"is_daily":false,"chose_seed":false,"campfire_upgraded":7,"win_rate":0,"timestamp":1550351626,"path_taken":["M","?","M","M","$","E","R","M","T","M","R","?","E","M","R","BOSS","M","$","M","M","$","M","R","M","T","M","R","E","R","?","R","BOSS"],"build_version":"2019-01-23","purchased_purges":0,"victory":false,"max_hp_per_floor":[82,82,82,82,82,82,82,82,96,96,96,96,98,100,100,102,102,102,102,104,104,104,104,104,104,104,106,106,108,108,108,108,108],"card_choices":[{"not_picked":["Ball Lightning","Hologram"],"picked":"Self Repair","floor":1.0},{"not_picked":["Turbo","Cold Snap","Redo"],"picked":"SKIP","floor":3.0},{"not_picked":["Glacier","Thunder Strike"],"picked":"Reinforced Body","floor":4.0},{"not_picked":["Consume","Sunder"],"picked":"Leap","floor":6.0},{"not_picked":["Conserve Battery","Redo"],"picked":"Go for the Eyes","floor":8.0},{"not_picked":["Rainbow","Sweeping Beam"],"picked":"Conserve Battery","floor":10.0},{"not_picked":["White Noise","Barrage","Rip and Tear"],"picked":"Singing Bowl","floor":13.0},{"not_picked":["Recycle","Barrage","Stack"],"picked":"Singing Bowl","floor":14.0},{"not_picked":["All For One","Multi-Cast","Biased Cognition"],"picked":"Singing Bowl","floor":16.0},{"not_picked":["Beam Cell","Barrage+1"],"picked":"Defragment","floor":18.0},{"not_picked":["Redo","Go for the Eyes","Aggregate"],"picked":"Singing Bowl","floor":20.0},{"not_picked":["BootSequence+1","Cold Snap"],"picked":"Force Field+1","floor":21.0},{"not_picked":["Blizzard+1","Heatsinks"],"picked":"Storm","floor":23.0},{"not_picked":["Turbo","Skim"],"picked":"Hologram","floor":25.0},{"not_picked":["Redo","Stack+1","Hologram"],"picked":"Singing Bowl","floor":27},{"not_picked":["Streamline","Go for the Eyes","Scrape"],"picked":"Singing Bowl","floor":29}],"player_experience":582429,"relics_obtained":[{"floor":6.0,"key":"Singing Bowl"},{"floor":9.0,"key":"Mango"},{"floor":13.0,"key":"Mummified Hand"},{"floor":29,"key":"Nunchaku"}],"event_choices":[{"damage_healed":0.0,"max_hp_gain":0.0,"max_hp_loss":0.0,"gold_gain":0.0,"event_name":"Shining Light","player_choice":"Entered Light","floor":2.0,"gold_loss":0.0,"damage_taken":16.0,"cards_upgraded":["Defend_B","Defend_B"]},{"damage_healed":0.0,"max_hp_gain":0.0,"max_hp_loss":0.0,"gold_gain":0.0,"event_name":"Scrap Ooze","player_choice":"Success","floor":12.0,"gold_loss":0.0,"damage_taken":7.0,"relics_obtained":["WingedGreaves"]},{"damage_healed":0,"gold_gain":0,"player_choice":"Forge","damage_taken":0,"max_hp_gain":0,"max_hp_loss":0,"event_name":"Accursed Blacksmith","floor":31,"gold_loss":0,"cards_upgraded":["Auto Shields"]}],"is_beta":false,"boss_relics":[{"not_picked":["Eternal Feather","Velvet Choker"],"picked":"Cursed Key"}],"items_purged_floors":[],"is_endless":false,"potions_floor_spawned":[1,8,10,14,16,18,23,25,29],"killed_by":"Automaton","ascension_level":0}