{"gold_per_floor":[111,111,130,58,137,137,112,112,112,122,122,136,154,154,154,154],"floor_reached":16,"playtime":240,"items_purged":[],"score":90,"play_id":"76b042a4-0a04-4996-b86a-c0f32a9c70b3","local_time":"20180815021632","is_ascension_mode":false,"campfire_choices":[{"data":"Whirlwind","floor":6,"key":"SMITH"},{"data":"Shrug It Off","floor":8,"key":"SMITH"},{"data":"Thunderclap","floor":11,"key":"SMITH"},{"data":"Defend_R","floor":15,"key":"SMITH"}],"neow_cost":"NONE","seed_source_timestamp":34411184613262,"circlet_count":0,"master_deck":["Strike_R","Strike_R","Strike_R","Strike_R","Strike_R","Defend_R","Defend_R","Defend_R","Defend_R+1","Bash+1","Thunderclap+1","Whirlwind+1","Shrug It Off+1"],"relics":["Snecko Eye","Thread and Needle"],"potions_floor_usage":[],"damage_taken":[{"damage":2,"enemies":"Small Slimes","floor":1,"turns":3},{"damage":6,"enemies":"Jaw Worm","floor":3,"turns":3},{"damage":0,"enemies":"2 Louse","floor":10,"turns":2},{"damage":0,"enemies":"Gremlin Gang","floor":12,"turns":2},{"damage":0,"enemies":"Exordium Thugs","floor":13,"turns":3},{"damage":75,"enemies":"Hexaghost","floor":16,"turns":7}],"seed_played":"-4543388124715275114","potions_obtained":[{"floor":1,"key":"Regen Potion"},{"floor":10,"key":"Explosive Potion"},{"floor":12,"key":"Weak Potion"}],"is_trial":false,"path_per_floor":["M","?","M","$","?","R","$","R","T","M","R","M","M","?","R"],"character_chosen":"IRONCLAD","items_purchased":["Whirlwind","Shrug It Off"],"campfire_rested":0,"item_purchase_floors":[4,7],"current_hp_per_floor":[78,78,72,72,72,72,72,72,72,72,72,72,72,72,72,0],"gold":154,"neow_bonus":"BOSS_RELIC","is_prod":false,"is_daily":false,"chose_seed":false,"campfire_upgraded":4,"win_rate":0,"timestamp":1534288592,"path_taken":["M","?","?","$","?","R","$","R","T","M","R","M","M","?","R","BOSS"],"build_version":"2018-08-09","purchased_purges":0,"victory":false,"max_hp_per_floor":[80,80,80,80,80,80,80,80,80,80,80,80,80,80,80,80],"card_choices":[{"not_picked":["Disarm","True Grit","Body Slam"],"picked":"SKIP","floor":1},{"not_picked":["Rage","Combust"],"picked":"Thunderclap","floor":3},{"not_picked":["Evolve","Havoc","Cleave"],"picked":"SKIP","floor":10},{"not_picked":["Heavy Blade","Cleave","Flex"],"picked":"SKIP","floor":12},{"not_picked":["Warcry","Thunderclap","Anger"],"picked":"SKIP","floor":13}],"player_experience":306416,"relics_obtained":[{"floor":9,"key":"Thread and Needle"}],"event_choices":[{"event_name":"Living Wall","player_choice":"Grow","floor":2,"damage_taken":0},{"event_name":"Golden Wing","player_choice":"Gained Gold","floor":5,"damage_taken":0},{"event_name":"The Lab","player_choice":"Got Potions","floor":14,"damage_taken":0}],"is_beta":false,"boss_relics":[],"items_purged_floors":[],"is_endless":false,"potions_floor_spawned":[1,10,12],"killed_by":"Hexaghost","ascension_level":0}