{"gold_per_floor":[115,115,125,142,153,178,178,189,189,199,217,233,233,267,267,370,370,387,387,397,411,411,411,430,430,430,445,445,1,19,30,30,134,134,150,3,15,15,29,29,29,0,0,0,19,19,54,86,98,110],"floor_reached":51,"playtime":17855,"items_purged":["Pain"],"score":720,"play_id":"3c60137b-cca7-4d06-8070-0d34bb69dce7","local_time":"20190628153143","is_ascension_mode":false,"campfire_choices":[{"floor":7,"key":"REST"},{"floor":13,"key":"REST"},{"floor":15,"key":"REST"},{"floor":23,"key":"REST"},{"floor":25,"key":"REST"},{"floor":32,"key":"REST"},{"floor":40,"key":"DIG"},{"floor":46,"key":"DIG"},{"floor":49,"key":"DIG"}],"neow_cost":"NONE","seed_source_timestamp":1541072521648,"circlet_count":0,"master_deck":["Defend_G","Defend_G","Defend_G","Defend_G","Defend_G","Strike_G","Strike_G","Strike_G","Strike_G+1","Survivor","Neutralize","PiercingWail","Noxious Fumes","Quick Slash","Bouncing Flask","Crippling Poison","Deadly Poison","Slice","Heel Hook","Slice","Infinite Blades","Venomology","Dodge and Roll","Writhe","Backstab","Noxious Fumes","Blur+1","Deadly Poison+1","Noxious Fumes","Flying Knee","Dark Shackles","Prepared+1","Predator+1","A Thousand Cuts","Footwork+1","PiercingWail+1","Backflip","Adrenaline","Quick Slash+1","Prepared","Caltrops","Dagger Throw","Deadly Poison","Deflect+1","Iron Wave","Deflect+1","Writhe","Footwork+1","Bouncing Flask+1","Leg Sweep+1"],"relics":["Ring of the Snake","Mummified Hand","Peace Pipe","Bird Faced Urn","Black Star","Shovel","Bag of Marbles","WarpedTongs","Toy Ornithopter","Orrery","Pen Nib","Red Mask","Strawberry","Potion Belt","MawBank","Tough Bandages","Orichalcum"],"potions_floor_usage":[6,14,14,21,27,30,30,31,33,33,33,37,39,47,48,50,50,50],"damage_taken":[{"damage":9,"enemies":"Small Slimes","floor":1,"turns":5},{"damage":1,"enemies":"Jaw Worm","floor":3,"turns":5},{"damage":0,"enemies":"Cultist","floor":4,"turns":4},{"damage":3,"enemies":"Exordium Wildlife","floor":5,"turns":6},{"damage":30,"enemies":"Lagavulin","floor":6,"turns":5},{"damage":10,"enemies":"Exordium Thugs","floor":8,"turns":6},{"damage":8,"enemies":"Blue Slaver","floor":10,"turns":3},{"damage":17,"enemies":"3 Louse","floor":11,"turns":2},{"damage":2,"enemies":"Large Slime","floor":12,"turns":5},{"damage":9,"enemies":"3 Sentries","floor":14,"turns":6},{"damage":18,"enemies":"Hexaghost","floor":16,"turns":8},{"damage":26,"enemies":"2 Thieves","floor":18,"turns":4},{"damage":14,"enemies":"Shell Parasite","floor":20,"turns":7},{"damage":22,"enemies":"Snecko","floor":21,"turns":5},{"damage":22,"enemies":"Chosen and Byrds","floor":24,"turns":7},{"damage":31,"enemies":"Snake Plant","floor":27,"turns":3},{"damage":9,"enemies":"Cultist and Chosen","floor":30,"turns":4},{"damage":14,"enemies":"Centurion and Healer","floor":31,"turns":4},{"damage":44,"enemies":"Automaton","floor":33,"turns":9},{"damage":9,"enemies":"Orb Walker","floor":35,"turns":4},{"damage":21,"enemies":"3 Shapes","floor":37,"turns":3},{"damage":23,"enemies":"Writhing Mass","floor":39,"turns":6},{"damage":11,"enemies":"Maw","floor":45,"turns":8},{"damage":38,"enemies":"Nemesis","floor":47,"turns":7},{"damage":14,"enemies":"Jaw Worm Horde","floor":48,"turns":4},{"damage":75,"enemies":"Donu and Deca","floor":50,"turns":9}],"seed_played":"-7811421566194480188","potions_obtained":[{"floor":4,"key":"AttackPotion"},{"floor":10,"key":"SkillPotion"},{"floor":12,"key":"AttackPotion"},{"floor":16,"key":"SkillPotion"},{"floor":20,"key":"Strength Potion"},{"floor":27,"key":"Weak Potion"},{"floor":31,"key":"Fire Potion"},{"floor":37,"key":"Dexterity Potion"},{"floor":47,"key":"Regen Potion"}],"is_trial":false,"path_per_floor":["M","?","M","M","M","E","R","M","T","M","M","M","R","E","R","B",null,"M","?","M","M","?","R","M","R","T","M","?","$","M","M","R","B",null,"M","$","M","?","M","R","$","?","T","?","M","R","E","M","R","B",null],"character_chosen":"THE_SILENT","items_purchased":["Noxious Fumes","Flying Knee","Toy Ornithopter","Dark Shackles","Caltrops","Dagger Throw","Deadly Poison"],"campfire_rested":6,"item_purchase_floors":[29,29,29,29,36,36,36],"current_hp_per_floor":[68,53,52,52,49,19,42,32,32,24,7,5,28,19,42,28,77,53,53,43,25,11,35,19,43,43,16,16,16,19,14,38,17,82,76,76,61,61,57,57,57,57,64,86,83,83,66,67,67,34],"gold":122,"neow_bonus":"TEN_PERCENT_HP_BONUS","is_prod":false,"is_daily":false,"chose_seed":false,"campfire_upgraded":0,"win_rate":0.0,"timestamp":1561753903,"path_taken":["M","?","M","M","M","E","R","M","T","M","M","M","R","E","R","BOSS","M","?","M","M","?","R","M","R","T","M","?","$","?","M","R","BOSS","M","$","M","?","M","R","?","?","T","?","M","R","E","M","R","BOSS"],"build_version":"2019-01-23","purchased_purges":1,"victory":true,"max_hp_per_floor":[77,77,77,77,77,77,77,77,77,77,77,77,77,77,77,77,77,77,77,77,77,82,82,82,82,82,82,82,82,82,82,82,82,82,82,82,82,82,82,82,82,82,89,89,89,89,89,89,89,89],"card_choices":[{"not_picked":["Underhanded Strike","Finisher"],"picked":"PiercingWail","floor":1},{"not_picked":["Dagger Throw","Dodge and Roll"],"picked":"Noxious Fumes","floor":3},{"not_picked":["Well Laid Plans","Dodge and Roll"],"picked":"Quick Slash","floor":4},{"not_picked":["Dagger Throw","Poisoned Stab"],"picked":"Bouncing Flask","floor":5},{"not_picked":["Finisher","Riddle With Holes"],"picked":"Crippling Poison","floor":6},{"not_picked":["Distraction","All Out Attack"],"picked":"Deadly Poison","floor":8},{"not_picked":["Skewer","Eviscerate"],"picked":"Slice","floor":10},{"not_picked":["All Out Attack","Underhanded Strike"],"picked":"Heel Hook","floor":11},{"not_picked":["Acrobatics","Blade Dance"],"picked":"Slice","floor":12},{"not_picked":["Blade Dance","All Out Attack"],"picked":"Infinite Blades","floor":14},{"not_picked":["A Thousand Cuts","Doppelganger"],"picked":"Venomology","floor":16},{"not_picked":["Masterful Stab","Backflip"],"picked":"Dodge and Roll","floor":18},{"not_picked":["Predator","PiercingWail"],"picked":"Backstab","floor":20},{"not_picked":["Acrobatics","Footwork+1"],"picked":"Noxious Fumes","floor":21},{"not_picked":["Dagger Spray+1","Underhanded Strike"],"picked":"Blur+1","floor":24},{"not_picked":["Poisoned Stab","Sucker Punch"],"picked":"Deadly Poison+1","floor":27},{"not_picked":["Quick Slash","Dodge and Roll"],"picked":"Prepared+1","floor":30},{"not_picked":["Deadly Poison","Tactician"],"picked":"Predator+1","floor":31},{"not_picked":["Night Terror","Doppelganger"],"picked":"A Thousand Cuts","floor":33},{"not_picked":["Backflip+1","Underhanded Strike"],"picked":"Footwork+1","floor":34},{"not_picked":["Finisher","Backstab"],"picked":"PiercingWail+1","floor":34},{"not_picked":["Dagger Throw","Poisoned Stab"],"picked":"Backflip","floor":34},{"not_picked":["Blade Dance","Masterful Stab"],"picked":"Adrenaline","floor":34},{"not_picked":["Acrobatics","All Out Attack"],"picked":"Quick Slash+1","floor":34},{"not_picked":["Acrobatics+1","Heel Hook"],"picked":"Prepared","floor":35},{"not_picked":["Flechettes","Prepared"],"picked":"Deflect+1","floor":37},{"not_picked":["Skewer","Choke+1"],"picked":"Deflect+1","floor":39},{"not_picked":["Dodge and Roll","Poisoned Stab"],"picked":"Footwork+1","floor":45},{"not_picked":["Dodge and Roll+1","Calculated Gamble"],"picked":"Bouncing Flask+1","floor":47},{"not_picked":["PiercingWail+1","Backflip"],"picked":"Leg Sweep+1","floor":48}],"player_experience":15523,"relics_obtained":[{"floor":6,"key":"Mummified Hand"},{"floor":9,"key":"Peace Pipe"},{"floor":14,"key":"Bird Faced Urn"},{"floor":26,"key":"Bag of Marbles"},{"floor":40,"key":"Pen Nib"},{"floor":43,"key":"Strawberry"},{"floor":46,"key":"Potion Belt"},{"floor":47,"key":"MawBank"},{"floor":47,"key":"Tough Bandages"},{"floor":49,"key":"Orichalcum"}],"event_choices":[{"damage_healed":0,"gold_gain":0,"player_choice":"Entered Light","damage_taken":15,"max_hp_gain":0,"max_hp_loss":0,"event_name":"Shining Light","floor":2,"gold_loss":0,"cards_upgraded":["Strike_G","Strike_G"]},{"damage_healed":0,"gold_gain":0,"player_choice":"Opened","damage_taken":0,"relics_obtained":["Shovel"],"max_hp_gain":0,"max_hp_loss":0,"event_name":"The Mausoleum","floor":19,"gold_loss":0,"cards_obtained":["Writhe"]},{"damage_healed":0,"gold_gain":0,"player_choice":"Shed Blood","damage_taken":19,"max_hp_gain":5,"max_hp_loss":0,"event_name":"Forgotten Altar","floor":22,"gold_loss":0},{"damage_healed":0,"gold_gain":0,"player_choice":"Rummage","damage_taken":0,"relics_obtained":["WarpedTongs"],"max_hp_gain":0,"max_hp_loss":0,"event_name":"Accursed Blacksmith","floor":28,"gold_loss":0,"cards_obtained":["Pain"]},{"cards_removed":["Strike_G"],"damage_healed":0,"gold_gain":0,"player_choice":"Took Card","damage_taken":0,"max_hp_gain":0,"max_hp_loss":0,"event_name":"NoteForYourself","floor":38,"gold_loss":0,"cards_obtained":["Iron Wave"]},{"damage_healed":0,"gold_gain":0,"player_choice":"Paid","damage_taken":0,"relics_obtained":["Red Mask"],"max_hp_gain":0,"max_hp_loss":0,"event_name":"Tomb of Lord Red Mask","floor":42,"gold_loss":29},{"damage_healed":22,"gold_gain":0,"player_choice":"Writhe","damage_taken":0,"max_hp_gain":0,"max_hp_loss":0,"event_name":"Winding Halls","floor":44,"gold_loss":0,"cards_obtained":["Writhe"]}],"is_beta":false,"boss_relics":[{"not_picked":["Calling Bell","Ring of the Serpent"],"picked":"Black Star"},{"not_picked":["Tiny House","Runic Pyramid"],"picked":"Orrery"}],"items_purged_floors":[29],"is_endless":false,"potions_floor_spawned":[4,10,12,16,20,27,31,37,47],"ascension_level":0}