{"gold_per_floor":[115,133,308,25,38,71,71,103,103,121,131,163,163,176,176,275,275,287,301,301,52,67,93,93,93,141,167,182,198,198,198,198,198],"floor_reached":33,"playtime":10511,"items_purged":["Doubt","Defend_G"],"score":338,"play_id":"d7ade358-45b5-4d9a-b295-49f118762202","local_time":"20190722143800","is_ascension_mode":true,"campfire_choices":[{"floor":7.0,"key":"REST"},{"floor":13.0,"key":"REST"},{"floor":15.0,"key":"REST"},{"floor":24,"key":"REST"},{"floor":30,"key":"REST"},{"floor":32,"key":"REST"}],"neow_cost":"PERCENT_DAMAGE","seed_source_timestamp":0,"circlet_count":0,"master_deck":["Strike_G","Strike_G","Strike_G","Defend_G","Defend_G","Defend_G","Defend_G","Survivor","Neutralize","Dagger Spray","Slice","Flying Knee","Leg Sweep","Backflip","Sucker Punch","Dodge and Roll","Distraction","Flying Knee","Escape Plan","Outmaneuver","Bullet Time","Dagger Spray+1","Terror+1","RitualDagger","Skewer","Dagger Spray+1","Quick Slash"],"special_seed":0,"relics":["Ring of the Snake","ClockworkSouvenir","Gremlin Horn","Pen Nib","Mummified Hand","Bag of Preparation","Velvet Choker","Nilry\u0027s Codex","Anchor","Bag of Marbles","Strawberry","Dream Catcher","PreservedInsect"],"potions_floor_usage":[22,23,28,28,33],"damage_taken":[{"damage":6.0,"enemies":"Jaw Worm","floor":1.0,"turns":6.0},{"damage":0.0,"enemies":"Small Slimes","floor":2.0,"turns":2.0},{"damage":0.0,"enemies":"2 Louse","floor":5.0,"turns":3.0},{"damage":18.0,"enemies":"Gremlin Nob","floor":6.0,"turns":6.0},{"damage":17.0,"enemies":"Lagavulin","floor":8.0,"turns":9.0},{"damage":3.0,"enemies":"Large Slime","floor":10.0,"turns":7.0},{"damage":0.0,"enemies":"3 Louse","floor":11.0,"turns":2.0},{"damage":10.0,"enemies":"3 Sentries","floor":12.0,"turns":8.0},{"damage":0.0,"enemies":"2 Fungi Beasts","floor":14.0,"turns":3.0},{"damage":54.0,"enemies":"Hexaghost","floor":16.0,"turns":19.0},{"damage":7.0,"enemies":"Shell Parasite","floor":18.0,"turns":8.0},{"damage":14.0,"enemies":"Spheric Guardian","floor":19.0,"turns":5.0},{"damage":0,"enemies":"Chosen and Byrds","floor":22,"turns":6},{"damage":18,"enemies":"Gremlin Leader","floor":23,"turns":7},{"damage":9,"enemies":"Slavers","floor":27,"turns":6},{"damage":12,"enemies":"3 Cultists","floor":28,"turns":6},{"damage":9,"enemies":"Snecko","floor":29,"turns":3},{"damage":76,"enemies":"Champ","floor":33,"turns":9}],"seed_played":"-9029407144707247569","potions_obtained":[{"floor":2.0,"key":"GhostInAJar"},{"floor":5.0,"key":"Block Potion"},{"floor":10.0,"key":"AttackPotion"},{"floor":14.0,"key":"SteroidPotion"},{"floor":16.0,"key":"Fire Potion"},{"floor":19.0,"key":"Block Potion"},{"floor":22,"key":"Explosive Potion"},{"floor":27,"key":"Fruit Juice"},{"floor":29,"key":"Ancient Potion"}],"is_trial":false,"path_per_floor":["M","M","?","$","M","E","R","E","T","M","M","E","R","M","R","B",null,"M","M","?","$","M","E","R","?","T","E","M","M","R","T","R","B"],"character_chosen":"THE_SILENT","items_purchased":["ClockworkSouvenir","Anchor"],"campfire_rested":6,"item_purchase_floors":[4,21],"current_hp_per_floor":[43,43,43,43,43,25,46,29,29,26,26,16,37,37,58,4,70,63,49,33,33,33,15,36,30,37,28,21,12,36,36,60,0],"gold":198,"neow_bonus":"TRANSFORM_TWO_CARDS","is_prod":false,"is_daily":false,"chose_seed":false,"campfire_upgraded":0,"win_rate":0,"timestamp":1563824280,"path_taken":["M","M","?","$","M","E","R","E","T","M","M","E","R","M","R","BOSS","M","M","?","$","M","E","R","?","T","E","M","M","R","?","R","BOSS"],"build_version":"2019-07-17","purchased_purges":2,"victory":false,"max_hp_per_floor":[70,70,70,70,70,70,70,70,70,70,70,70,70,70,70,70,70,70,70,70,70,70,70,70,70,77,77,82,82,82,82,82,82],"card_choices":[{"not_picked":["PiercingWail","Deflect"],"picked":"Flying Knee","floor":1.0},{"not_picked":["Concentrate","Cloak And Dagger"],"picked":"Leg Sweep","floor":2.0},{"not_picked":["Poisoned Stab","Masterful Stab"],"picked":"Backflip","floor":5.0},{"not_picked":["Dagger Spray","Bane"],"picked":"Sucker Punch","floor":6.0},{"not_picked":["Quick Slash","Tools of the Trade"],"picked":"Dodge and Roll","floor":8.0},{"not_picked":["Underhanded Strike","Dagger Spray"],"picked":"Distraction","floor":10.0},{"not_picked":["Finisher","Underhanded Strike"],"picked":"Flying Knee","floor":11.0},{"not_picked":["Prepared","PiercingWail"],"picked":"Escape Plan","floor":12.0},{"not_picked":["Flechettes","Cloak And Dagger"],"picked":"Outmaneuver","floor":14.0},{"not_picked":["Grand Finale","Doppelganger"],"picked":"Bullet Time","floor":16.0},{"not_picked":["Distraction","Prepared"],"picked":"Dagger Spray+1","floor":18.0},{"not_picked":["Sucker Punch","PiercingWail","Reflex+1"],"picked":"SKIP","floor":19.0},{"not_picked":["Choke","Outmaneuver"],"picked":"Terror+1","floor":22},{"not_picked":["Bane+1","Malaise","Prepared+1"],"picked":"SKIP","floor":23},{"not_picked":["PiercingWail","Backflip+1"],"picked":"Skewer","floor":27},{"not_picked":["Deadly Poison","Riddle With Holes"],"picked":"Dagger Spray+1","floor":28},{"not_picked":["Flechettes+1","Flying Knee","Prepared"],"picked":"SKIP","floor":29},{"not_picked":["Acrobatics","Flechettes"],"picked":"Quick Slash","floor":32}],"player_experience":493441,"relics_obtained":[{"floor":6.0,"key":"Gremlin Horn"},{"floor":8.0,"key":"Pen Nib"},{"floor":9.0,"key":"Mummified Hand"},{"floor":12.0,"key":"Bag of Preparation"},{"floor":20,"key":"Nilry\u0027s Codex"},{"floor":23,"key":"Bag of Marbles"},{"floor":26,"key":"Strawberry"},{"floor":27,"key":"Dream Catcher"},{"floor":31,"key":"PreservedInsect"}],"event_choices":[{"damage_healed":0.0,"max_hp_gain":0.0,"max_hp_loss":0.0,"gold_gain":175.0,"event_name":"Liars Game","player_choice":"AGREE","floor":3.0,"gold_loss":0.0,"damage_taken":0.0,"cards_obtained":["Doubt"]},{"damage_healed":0,"gold_gain":0,"player_choice":"Obtained Book","damage_taken":16,"max_hp_gain":0,"max_hp_loss":0,"event_name":"Cursed Tome","floor":20,"gold_loss":0},{"damage_healed":0,"gold_gain":0,"player_choice":"Joined the Cult","damage_taken":6,"max_hp_gain":0,"max_hp_loss":0,"event_name":"Nest","floor":25,"gold_loss":0,"cards_obtained":["RitualDagger"]}],"is_beta":false,"boss_relics":[{"not_picked":["Astrolabe","HoveringKite"],"picked":"Velvet Choker"}],"items_purged_floors":[4,21],"is_endless":false,"potions_floor_spawned":[2,5,10,11,14,16,19,22,27,29],"killed_by":"Champ","ascension_level":2}