{"gold_per_floor":[99,99,99,99,99,99,99,84,84,84,9,9,9,0,0,0,0,0,0,0,0,0,0,0,0,0,0,0],"floor_reached":28,"playtime":717,"items_purged":[],"score":294,"play_id":"76037b5c-8f15-49ef-8eb3-dd557bcecfb4","local_time":"20180823053159","is_ascension_mode":false,"campfire_choices":[{"data":"Demon Form","floor":10,"key":"SMITH"},{"data":"Sword Boomerang","floor":15,"key":"SMITH"},{"data":"Demon Form","floor":23,"key":"SMITH"}],"neow_cost":"NONE","seed_source_timestamp":87918593316080,"circlet_count":0,"master_deck":["Defend_R","Defend_R","Defend_R","Defend_R","Bash","Armaments+1","Twin Strike","Rage","Demon Form+1","Sword Boomerang+1","Twin Strike","Demon Form+1","Sword Boomerang+1","Battle Trance","Cleave","Shame","Bite","Bite","Bite","Bite","Bite"],"special_seed":0,"relics":["Ectoplasm","Smiling Mask","Odd Mushroom","Art of War","Cursed Key","Orichalcum","Ice Cream"],"potions_floor_usage":[7,14,24,24,24],"damage_taken":[{"damage":6.0,"enemies":"Jaw Worm","floor":1.0,"turns":2.0},{"damage":2.0,"enemies":"Small Slimes","floor":2.0,"turns":3.0},{"damage":0.0,"enemies":"Cultist","floor":5.0,"turns":2.0},{"damage":0.0,"enemies":"Gremlin Nob","floor":6.0,"turns":3.0},{"damage":2,"floor":7,"turns":5},{"damage":0,"enemies":"Looter","floor":8,"turns":2},{"damage":15,"enemies":"3 Louse","floor":12,"turns":3},{"damage":8,"enemies":"Red Slaver","floor":13,"turns":2},{"damage":5,"enemies":"Exordium Thugs","floor":14,"turns":5},{"damage":19,"enemies":"The Guardian","floor":16,"turns":5},{"damage":10,"enemies":"Shell Parasite","floor":18,"turns":4},{"damage":5,"enemies":"Chosen","floor":19,"turns":4},{"damage":3,"enemies":"Centurion and Healer","floor":20,"turns":5},{"damage":10,"enemies":"Chosen and Byrds","floor":21,"turns":4},{"damage":13,"enemies":"Cultist and Chosen","floor":22,"turns":5},{"damage":43,"enemies":"Slavers","floor":24,"turns":4},{"damage":19,"enemies":"Centurion and Healer","floor":28,"turns":3}],"seed_played":"-5716920713723774490","potions_obtained":[{"floor":1.0,"key":"FearPotion"},{"floor":5.0,"key":"SkillPotion"},{"floor":6.0,"key":"Fire Potion"},{"floor":14,"key":"Dexterity Potion"},{"floor":16,"key":"Dexterity Potion"},{"floor":20,"key":"SpeedPotion"}],"is_trial":false,"path_per_floor":["M","M","$","?","M","E","?","M","T","R","$","M","M","M","R","B",null,"M","M","M","M","M","R","E","$","T","?"],"character_chosen":"IRONCLAD","items_purchased":["Regen Potion"],"campfire_rested":0,"item_purchase_floors":[11],"current_hp_per_floor":[74,72,72,72,72,72,70,70,70,70,70,55,47,42,42,23,80,70,65,62,52,39,39,5,5,5,5,0],"gold":0,"neow_bonus":"BOSS_RELIC","is_prod":false,"is_daily":false,"chose_seed":false,"campfire_upgraded":3,"win_rate":0,"timestamp":1534991519,"path_taken":["M","M","$","?","M","E","?","?","T","R","$","M","M","M","R","BOSS","M","M","M","M","M","R","E","$","T","?","M"],"build_version":"2018-08-16","purchased_purges":0,"victory":false,"max_hp_per_floor":[80,80,80,80,80,80,80,80,80,80,80,80,80,80,80,80,80,80,80,80,80,80,80,80,80,80,56,56],"card_choices":[{"not_picked":["Bloodletting","Heavy Blade"],"picked":"Armaments","floor":1.0},{"not_picked":["Thunderclap","Clash"],"picked":"Twin Strike","floor":2.0},{"not_picked":["Feel No Pain","Flex"],"picked":"Rage","floor":5.0},{"not_picked":["Uppercut","Dual Wield"],"picked":"Demon Form","floor":6.0},{"not_picked":["Sentinel","Wild Strike","Searing Blow"],"picked":"SKIP","floor":8},{"not_picked":["Anger","Armaments"],"picked":"Sword Boomerang","floor":12},{"not_picked":["Pommel Strike","Warcry","True Grit"],"picked":"SKIP","floor":13},{"not_picked":["Evolve","Warcry"],"picked":"Twin Strike","floor":14},{"not_picked":["Berserk","Juggernaut"],"picked":"Demon Form","floor":16},{"not_picked":["Armaments","Clothesline"],"picked":"Sword Boomerang+1","floor":18},{"not_picked":["Entrench","Clash"],"picked":"Battle Trance","floor":19},{"not_picked":["Reckless Charge","Pummel+1","Perfected Strike"],"picked":"SKIP","floor":20},{"not_picked":["Seeing Red","Combust"],"picked":"Cleave","floor":21},{"not_picked":["Shockwave","Flex","Havoc"],"picked":"SKIP","floor":22},{"not_picked":["Blood for Blood+1","Combust+1","Perfected Strike"],"picked":"SKIP","floor":24}],"player_experience":336165,"relics_obtained":[{"floor":6.0,"key":"Smiling Mask"},{"floor":7,"key":"Odd Mushroom"},{"floor":9,"key":"Art of War"},{"floor":24,"key":"Orichalcum"},{"floor":26,"key":"Ice Cream"}],"event_choices":[{"event_name":"Living Wall","player_choice":"Grow","floor":4.0,"damage_taken":0.0},{"event_name":"Mushrooms","player_choice":"Fought Mushrooms","floor":7,"damage_taken":0},{"event_name":"Vampires","player_choice":"Became a vampire","floor":27,"damage_taken":0}],"is_beta":false,"boss_relics":[{"not_picked":["Runic Dome","White Beast Statue"],"picked":"Cursed Key"}],"items_purged_floors":[],"is_endless":false,"potions_floor_spawned":[1,5,6,14,16,20,21,22],"killed_by":"Centurion and Healer","ascension_level":0}