{"gold_per_floor":[111,111,111,111,111,111,142,167,219,219,243,203,217,251,251,379,379,379,379,379,379,379,379,379,379,379,379,19,19,19,19,19,19,19,19,19,19,19,19,19,19,19,19,19,19,19,19,19,19,19],"floor_reached":51,"playtime":1561,"items_purged":[],"score":682,"play_id":"0f79d2e7-772a-4ed4-bed3-e0247eeffdfc","local_time":"20190428064310","is_ascension_mode":false,"campfire_choices":[{"data":"Bash","floor":6.0,"key":"SMITH"},{"data":"1","floor":10.0,"key":"LIFT"},{"data":"2","floor":15.0,"key":"LIFT"},{"data":"3","floor":23.0,"key":"LIFT"},{"data":"Double Tap","floor":25.0,"key":"SMITH"},{"data":"Inflame","floor":27.0,"key":"SMITH"},{"data":"Limit Break","floor":32.0,"key":"SMITH"},{"floor":40.0,"key":"REST"},{"data":"Demon Form","floor":44.0,"key":"SMITH"},{"floor":49,"key":"REST"}],"neow_cost":"NONE","seed_source_timestamp":949091531492844,"circlet_count":0,"master_deck":["Defend_R","Defend_R","Defend_R","Bash+1","Armaments+1","Shrug It Off","Inflame+1","Double Tap+1","Sword Boomerang","Whirlwind","Limit Break+1","Spot Weakness","Sword Boomerang","Bite","Bite","Bite","Bite","Bite","Demon Form+1","Writhe","Ghostly Armor+1"],"special_seed":0,"relics":["Burning Blood","Golden Idol","Girya","PreservedInsect","Question Card","Ectoplasm","Red Mask","Oddly Smooth Stone","ClockworkSouvenir","Runic Cube","Ginger","Anchor"],"potions_floor_usage":[50,50],"damage_taken":[{"damage":6.0,"enemies":"Jaw Worm","floor":1.0,"turns":4.0},{"damage":48.0,"enemies":"Gremlin Nob","floor":7.0,"turns":5.0},{"damage":3.0,"enemies":"Small Slimes","floor":8.0,"turns":3.0},{"damage":0.0,"enemies":"2 Louse","floor":11.0,"turns":3.0},{"damage":4.0,"enemies":"Blue Slaver","floor":13.0,"turns":4.0},{"damage":16.0,"enemies":"3 Sentries","floor":14.0,"turns":7.0},{"damage":3.0,"enemies":"Slime Boss","floor":16.0,"turns":9.0},{"damage":12.0,"enemies":"3 Byrds","floor":18.0,"turns":6.0},{"damage":5.0,"enemies":"Shell Parasite","floor":19.0,"turns":5.0},{"damage":23.0,"enemies":"Shelled Parasite and Fungi","floor":20.0,"turns":3.0},{"damage":10.0,"enemies":"Snecko","floor":21.0,"turns":4.0},{"damage":5.0,"enemies":"Cultist and Chosen","floor":22.0,"turns":4.0},{"damage":14.0,"enemies":"Masked Bandits","floor":24.0,"turns":3.0},{"damage":6.0,"enemies":"Snake Plant","floor":29.0,"turns":3.0},{"damage":3.0,"enemies":"Shelled Parasite and Fungi","floor":30.0,"turns":6.0},{"damage":21.0,"enemies":"Champ","floor":33.0,"turns":6.0},{"damage":35.0,"enemies":"3 Darklings","floor":35.0,"turns":5.0},{"damage":28.0,"enemies":"Mind Bloom Boss Battle","floor":36.0,"turns":6.0},{"damage":16.0,"enemies":"3 Shapes","floor":37.0,"turns":3.0},{"damage":24.0,"enemies":"3 Darklings","floor":38.0,"turns":3.0},{"damage":21,"enemies":"Writhing Mass","floor":46,"turns":3},{"damage":2,"enemies":"Spire Growth","floor":47,"turns":4},{"damage":65,"enemies":"Awakened One","floor":50,"turns":7}],"seed_played":"7419540088091790003","potions_obtained":[{"floor":1.0,"key":"Ancient Potion"},{"floor":11.0,"key":"Energy Potion"},{"floor":14.0,"key":"FearPotion"},{"floor":16.0,"key":"BloodPotion"},{"floor":18.0,"key":"Regen Potion"},{"floor":20.0,"key":"Energy Potion"},{"floor":24.0,"key":"PowerPotion"},{"floor":47,"key":"Energy Potion"}],"is_trial":false,"path_per_floor":["M","$","?","?","?","R","E","M","T","R","M","$","M","E","R","B",null,"M","M","M","M","M","R","?","R","T","R","$","M","M","?","R","B",null,"M","?","M","M","?","R","$","?","T","R","?","M","M","$","R","B",null],"character_chosen":"IRONCLAD","items_purchased":["Inflame","Limit Break","ClockworkSouvenir"],"campfire_rested":2,"item_purchase_floors":[12,28,28],"current_hp_per_floor":[88,88,66,66,66,66,24,27,27,27,33,33,35,25,25,28,88,82,83,66,62,63,63,55,55,55,55,55,55,58,58,58,60,61,39,31,28,14,29,47,47,47,47,47,47,38,51,51,61,21],"gold":19,"neow_bonus":"TEN_PERCENT_HP_BONUS","is_prod":false,"is_daily":false,"chose_seed":false,"campfire_upgraded":5,"win_rate":0,"timestamp":1556422990,"path_taken":["M","$","?","?","?","R","E","M","T","R","M","?","M","E","R","BOSS","M","M","M","M","M","R","?","R","T","R","$","M","M","?","R","BOSS","M","?","M","M","?","R","?","?","T","R","?","M","M","$","R","BOSS"],"build_version":"2019-01-23","purchased_purges":0,"victory":true,"max_hp_per_floor":[88,88,88,88,88,88,88,88,88,88,88,88,88,88,88,88,88,88,88,88,88,88,88,88,88,88,88,88,88,88,61,61,61,61,61,61,61,61,61,61,61,61,61,61,61,61,61,61,61,61],"card_choices":[{"not_picked":["Metallicize","Power Through"],"picked":"Armaments","floor":1.0},{"not_picked":["Combust","Ghostly Armor","Dual Wield"],"picked":"SKIP","floor":7.0},{"not_picked":["Combust","Wild Strike","True Grit"],"picked":"SKIP","floor":8.0},{"not_picked":["Thunderclap","Rage"],"picked":"Shrug It Off","floor":11.0},{"not_picked":["Perfected Strike","Armaments","Clash"],"picked":"SKIP","floor":13.0},{"not_picked":["Clash","Warcry","Brutality"],"picked":"SKIP","floor":14.0},{"not_picked":["Exhume","Impervious","Barricade"],"picked":"Double Tap","floor":16.0},{"not_picked":["Bloodletting","Second Wind","Searing Blow","Rage"],"picked":"SKIP","floor":18.0},{"not_picked":["Bloodletting","Second Wind","Searing Blow","Rage"],"picked":"SKIP","floor":18.0},{"not_picked":["Corruption","Body Slam","Power Through"],"picked":"Sword Boomerang","floor":19.0},{"not_picked":["Heavy Blade","Clothesline","Pommel Strike+1","Flex+1"],"picked":"SKIP","floor":20.0},{"not_picked":["Shrug It Off","Headbutt","Perfected Strike"],"picked":"Whirlwind","floor":21.0},{"not_picked":["Havoc","Thunderclap+1","Headbutt+1","Perfected Strike+1"],"picked":"SKIP","floor":22.0},{"not_picked":["Burning Pact","Rupture","Bloodletting+1"],"picked":"Spot Weakness","floor":29.0},{"not_picked":["Spot Weakness","Armaments","Perfected Strike"],"picked":"Sword Boomerang","floor":30.0},{"not_picked":["Double Tap","Dark Embrace","Berserk"],"picked":"Demon Form","floor":33.0},{"not_picked":["Hemokinesis+1","Sword Boomerang+1","Spot Weakness","Thunderclap+1"],"picked":"SKIP","floor":35.0},{"not_picked":["Entrench+1","Armaments","Whirlwind+1","Fire Breathing+1"],"picked":"SKIP","floor":37.0},{"not_picked":["Blood for Blood+1","Heavy Blade+1","Body Slam+1","Sword Boomerang+1"],"picked":"SKIP","floor":38.0},{"not_picked":["Combust","Blood for Blood+1","Power Through+1"],"picked":"Ghostly Armor+1","floor":46},{"not_picked":["Heavy Blade","Headbutt+1","True Grit","Metallicize+1"],"picked":"SKIP","floor":47}],"player_experience":593443,"relics_obtained":[{"floor":7.0,"key":"Girya"},{"floor":9.0,"key":"PreservedInsect"},{"floor":14.0,"key":"Question Card"},{"floor":24.0,"key":"Red Mask"},{"floor":26.0,"key":"Oddly Smooth Stone"},{"floor":36.0,"key":"Ginger"},{"floor":43.0,"key":"Anchor"}],"event_choices":[{"damage_healed":0.0,"max_hp_gain":0.0,"max_hp_loss":0.0,"gold_gain":0.0,"event_name":"Golden Idol","player_choice":"Take Damage","floor":3.0,"gold_loss":0.0,"damage_taken":22.0,"relics_obtained":["Golden Idol"]},{"damage_healed":0.0,"max_hp_gain":0.0,"max_hp_loss":0.0,"gold_gain":0.0,"event_name":"Living Wall","player_choice":"Grow","floor":4.0,"gold_loss":0.0,"damage_taken":0.0,"cards_upgraded":["Armaments"]},{"damage_healed":0.0,"max_hp_gain":0.0,"max_hp_loss":0.0,"gold_gain":0.0,"event_name":"The Cleric","player_choice":"Leave","floor":5.0,"gold_loss":0.0,"damage_taken":0.0},{"damage_healed":0.0,"max_hp_gain":0.0,"max_hp_loss":0.0,"gold_gain":0.0,"event_name":"Masked Bandits","player_choice":"Fought Bandits","floor":24.0,"gold_loss":0.0,"damage_taken":0.0},{"damage_healed":0.0,"max_hp_gain":0.0,"max_hp_loss":27.0,"gold_gain":0.0,"event_name":"Vampires","player_choice":"Became a vampire","floor":31.0,"gold_loss":0.0,"damage_taken":0.0,"cards_obtained":["Bite","Bite","Bite","Bite","Bite"]},{"damage_healed":0.0,"max_hp_gain":0.0,"max_hp_loss":0.0,"gold_gain":0.0,"event_name":"MindBloom","player_choice":"Fight","floor":36.0,"gold_loss":0.0,"damage_taken":0.0},{"damage_healed":15.0,"max_hp_gain":0.0,"max_hp_loss":0.0,"gold_gain":0.0,"event_name":"Winding Halls","player_choice":"Writhe","floor":39.0,"gold_loss":0.0,"damage_taken":0.0,"cards_obtained":["Writhe"]},{"cards_removed":["Defend_R"],"damage_healed":0.0,"max_hp_gain":0.0,"max_hp_loss":0.0,"gold_gain":0.0,"event_name":"Falling","player_choice":"Removed Skill","floor":42.0,"gold_loss":0.0,"damage_taken":0.0},{"damage_healed":0.0,"max_hp_gain":0.0,"max_hp_loss":0.0,"gold_gain":0.0,"event_name":"Mysterious Sphere","player_choice":"Ignored","floor":45.0,"gold_loss":0.0,"damage_taken":0.0}],"is_beta":false,"boss_relics":[{"not_picked":["Pandora\u0027s Box","Lizard Tail"],"picked":"Ectoplasm"},{"not_picked":["Black Star","Black Blood"],"picked":"Runic Cube"}],"items_purged_floors":[],"is_endless":false,"potions_floor_spawned":[1,11,14,16,18,20,24,47],"ascension_level":0}