{"gold_per_floor":[14,25,40,59,24,24,56,56,56,86,86,101,111,140,140,140],"floor_reached":16,"playtime":2258,"items_purged":[],"score":184,"play_id":"a8eef062-0dc2-40f4-8387-396028de0be4","local_time":"20190727205340","is_ascension_mode":true,"campfire_choices":[{"data":"Body Slam","floor":6,"key":"SMITH"},{"floor":8,"key":"REST"},{"floor":11,"key":"REST"},{"data":"Armaments","floor":15,"key":"SMITH"}],"neow_cost":"NO_GOLD","seed_source_timestamp":33384867340685,"circlet_count":0,"master_deck":["Strike_R","Strike_R","Strike_R","Strike_R","Strike_R","Defend_R","Defend_R","Defend_R","Defend_R","Bash","Thunderclap","Body Slam+1","Shrug It Off","Pummel","Evolve","Power Through","Body Slam","Armaments+1","Infernal Blade"],"special_seed":0,"relics":["Burning Blood","Blood Vial","Frozen Egg 2","Kunai","Strawberry"],"potions_floor_usage":[10],"damage_taken":[{"damage":5.0,"enemies":"Small Slimes","floor":1.0,"turns":3.0},{"damage":6.0,"enemies":"2 Louse","floor":2.0,"turns":2.0},{"damage":0.0,"enemies":"Cultist","floor":3.0,"turns":3.0},{"damage":23.0,"enemies":"Exordium Thugs","floor":4.0,"turns":7.0},{"damage":52,"enemies":"Lagavulin","floor":7,"turns":10},{"damage":37,"enemies":"3 Sentries","floor":10,"turns":8},{"damage":15,"enemies":"Gremlin Gang","floor":12,"turns":7},{"damage":15,"enemies":"3 Louse","floor":13,"turns":4},{"damage":17,"enemies":"Lagavulin","floor":14,"turns":10},{"damage":60,"enemies":"Hexaghost","floor":16,"turns":10}],"seed_played":"-5643792270598540502","potions_obtained":[{"floor":1.0,"key":"Fire Potion"},{"floor":4.0,"key":"Regen Potion"},{"floor":13,"key":"Ancient Potion"}],"is_trial":false,"path_per_floor":["M","M","M","M","$","R","E","R","T","E","R","M","M","E","R","B"],"character_chosen":"IRONCLAD","items_purchased":["Evolve"],"campfire_rested":2,"item_purchase_floors":[5],"current_hp_per_floor":[89,89,95,78,78,78,32,60,60,46,74,67,60,58,58,0],"gold":140,"neow_bonus":"TWENTY_PERCENT_HP_BONUS","is_prod":false,"is_daily":false,"chose_seed":false,"campfire_upgraded":2,"win_rate":0,"timestamp":1564278820,"path_taken":["M","M","M","M","$","R","E","R","T","E","R","M","M","E","R","BOSS"],"build_version":"2019-07-17","purchased_purges":0,"victory":false,"max_hp_per_floor":[96,96,96,96,96,96,96,96,96,96,96,96,96,103,103,103],"card_choices":[{"not_picked":["Shockwave","Headbutt"],"picked":"Thunderclap","floor":1.0},{"not_picked":["Warcry","Seeing Red"],"picked":"Body Slam","floor":2.0},{"not_picked":["Fire Breathing","Thunderclap"],"picked":"Shrug It Off","floor":3.0},{"not_picked":["Hemokinesis","Sword Boomerang"],"picked":"Pummel","floor":4.0},{"not_picked":["Heavy Blade","Shockwave"],"picked":"Power Through","floor":7},{"not_picked":["Twin Strike","Shrug It Off"],"picked":"Body Slam","floor":10},{"not_picked":["Ghostly Armor","Flex"],"picked":"Armaments","floor":12},{"not_picked":["Offering","Sword Boomerang","Clash"],"picked":"SKIP","floor":13},{"not_picked":["Spot Weakness","Shockwave"],"picked":"Infernal Blade","floor":14}],"player_experience":727249,"relics_obtained":[{"floor":7,"key":"Blood Vial"},{"floor":9,"key":"Frozen Egg 2"},{"floor":10,"key":"Kunai"},{"floor":14,"key":"Strawberry"}],"event_choices":[],"is_beta":false,"boss_relics":[],"items_purged_floors":[],"is_endless":false,"potions_floor_spawned":[1,4,13],"killed_by":"Hexaghost","ascension_level":6}