{"path_per_floor":["M","M","M","M","M","R","M","$","T","M","R","M","M","$","R","B",null,"M","?","$","M","?","R","M","M","T","R","M","M","M","$","R","B",null,"M","M","?","$","T","R","M","M","T","R","M","M","$","M","R","B"],"character_chosen":"DEFECT","items_purchased":["Vajra","Go for the Eyes","Stack","Melter","Reinforced Body","FTL","Skim","Panache"],"gold_per_floor":[111,130,148,162,181,181,198,52,77,92,92,106,124,23,23,121,121,131,131,29,48,48,48,63,77,77,77,91,104,118,42,42,141,141,154,164,164,129,152,152,170,182,206,206,220,239,41,52,52,52],"floor_reached":51,"campfire_rested":2,"playtime":2895,"item_purchase_floors":[8,14,14,20,20,31,38,47],"current_hp_per_floor":[75,75,75,67,63,63,49,49,49,37,37,25,25,25,47,17,75,72,58,58,45,45,45,53,56,56,56,49,51,56,56,56,45,56,55,26,26,26,26,42,53,56,56,56,43,55,55,53,53,37],"items_purged":[],"gold":52,"score":676,"play_id":"49bb6380-ee35-4775-b5bc-a3c59c8fe481","local_time":"20180610024255","is_prod":false,"is_daily":false,"chose_seed":false,"is_ascension_mode":false,"campfire_upgraded":7,"win_rate":0,"timestamp":1528587775,"campfire_choices":[{"data":"Hologram","floor":6,"key":"SMITH"},{"data":"Beam Cell","floor":11,"key":"SMITH"},{"floor":15,"key":"REST"},{"data":"Streamline","floor":23,"key":"SMITH"},{"data":"Coolheaded","floor":27,"key":"SMITH"},{"data":"White Noise","floor":32,"key":"SMITH"},{"floor":40,"key":"REST"},{"data":"Streamline","floor":44,"key":"SMITH"},{"data":"Panache","floor":49,"key":"SMITH"}],"path_taken":["M","M","M","M","M","R","M","$","T","M","R","M","M","?","R","BOSS","M","?","$","M","?","R","M","M","T","R","M","M","?","$","R","BOSS","M","M","?","$","?","R","M","M","T","R","M","?","?","M","R","BOSS"],"build_version":"2018-06-07v3","seed_source_timestamp":692833614009018,"purchased_purges":0,"victory":true,"master_deck":["Defend_B+1","Defend_B","Defend_B","Defend_B","Zap","Dualcast","Conserve Battery","Beam Cell+1","Auto Shields","Hologram+1","Gash","Leap","Double Energy+1","Streamline+1","Go for the Eyes","Stack","Coolheaded","Melter","Reinforced Body","Steam+1","Bite","Bite","Bite","Bite","Bite","Go for the Eyes+1","Coolheaded+1","Compile Driver","White Noise+1","Leap","FTL","All For One","Streamline+1","Go for the Eyes","Swift Strike","Skim","Gash+1","Cold Snap+1","Gash","Streamline","Panache+1","Beam Cell"],"max_hp_per_floor":[75,75,75,75,75,75,75,75,75,75,75,75,75,75,75,75,75,75,80,80,80,56,56,56,56,56,56,56,56,56,56,56,56,56,56,56,56,56,56,56,56,56,56,56,56,56,56,56,56,56],"relics":["Sozu","Vajra","Art of War","Nuclear Battery","Ornamental Fan","Runic Pyramid","War Paint","Happy Flower"],"card_choices":[{"not_picked":["Streamline","Steam"],"picked":"Conserve Battery","floor":1},{"not_picked":["Chaos","Cold Snap"],"picked":"Beam Cell","floor":2},{"not_picked":["Tempest","Scrape"],"picked":"Auto Shields","floor":3},{"not_picked":["Tempest","Consume"],"picked":"Hologram","floor":4},{"not_picked":["Go for the Eyes","Force Field"],"picked":"Gash","floor":5},{"not_picked":["Chill","White Noise"],"picked":"Leap","floor":7},{"not_picked":["Barrage","Cold Snap","Amplify"],"picked":"SKIP","floor":10},{"not_picked":["Ball Lightning","Melter"],"picked":"Double Energy","floor":12},{"not_picked":["Compile Driver","Stack"],"picked":"Streamline","floor":13},{"not_picked":["Sweeping Beam","Aggregate"],"picked":"Coolheaded","floor":18},{"not_picked":["Blizzard","Scrape"],"picked":"Steam+1","floor":21},{"not_picked":["Scrape+1","Rebound"],"picked":"Go for the Eyes+1","floor":24},{"not_picked":["Chaos","Leap"],"picked":"Coolheaded","floor":25},{"not_picked":["Electrodynamics","Storm"],"picked":"Compile Driver","floor":28},{"not_picked":["Redo","Ball Lightning+1"],"picked":"White Noise","floor":29},{"not_picked":["Ball Lightning","Stack"],"picked":"Leap","floor":30},{"not_picked":["Reboot","Amplify"],"picked":"All For One","floor":33},{"not_picked":["Undo+1","Steam"],"picked":"Streamline","floor":35},{"not_picked":["Genetic Algorithm","Multi-Cast"],"picked":"Go for the Eyes","floor":36},{"not_picked":["Madness","Blind"],"picked":"Swift Strike","floor":37},{"not_picked":["Loop","White Noise+1"],"picked":"Gash+1","floor":41},{"not_picked":["Hello World+1","Rebound+1"],"picked":"Cold Snap+1","floor":42},{"not_picked":["Consume","Fusion"],"picked":"Gash","floor":45},{"not_picked":["Hello World+1","Stack"],"picked":"Streamline","floor":46},{"not_picked":["Storm+1","Cold Snap"],"picked":"Beam Cell","floor":48}],"player_experience":106099,"potions_floor_usage":[],"damage_taken":[{"damage":0,"enemies":"Cultist","floor":1,"turns":4},{"damage":0,"enemies":"2 Louse","floor":2,"turns":2},{"damage":0,"enemies":"Jaw Worm","floor":3,"turns":2},{"damage":8,"enemies":"Red Slaver","floor":4,"turns":4},{"damage":4,"enemies":"2 Fungi Beasts","floor":5,"turns":4},{"damage":14,"enemies":"Lots of Slimes","floor":7,"turns":6},{"damage":12,"enemies":"Gremlin Gang","floor":10,"turns":6},{"damage":12,"enemies":"Blue Slaver","floor":12,"turns":2},{"damage":0,"enemies":"Looter","floor":13,"turns":3},{"damage":30,"enemies":"The Guardian","floor":16,"turns":12},{"damage":3,"enemies":"Shell Parasite","floor":18,"turns":6},{"damage":13,"enemies":"Chosen","floor":21,"turns":7},{"damage":0,"enemies":"Sentry and Sphere","floor":24,"turns":4},{"damage":6,"enemies":"Centurion and Healer","floor":25,"turns":7},{"damage":9,"enemies":"Snecko","floor":28,"turns":7},{"damage":4,"enemies":"Sentry and Sphere","floor":29,"turns":4},{"damage":15,"enemies":"Slaver and Parasite","floor":30,"turns":6},{"damage":21,"enemies":"Automaton","floor":33,"turns":11},{"damage":3,"enemies":"Orb Walker","floor":35,"turns":4},{"damage":38,"enemies":"3 Darklings","floor":36,"turns":7},{"damage":7,"enemies":"Maw","floor":41,"turns":11},{"damage":4,"enemies":"Sphere and 2 Shapes","floor":42,"turns":6},{"damage":22,"enemies":"4 Shapes","floor":45,"turns":10},{"damage":0,"enemies":"Maw","floor":46,"turns":9},{"damage":2,"enemies":"Sphere and 2 Shapes","floor":48,"turns":3},{"damage":29,"enemies":"Awakened One","floor":50,"turns":14}],"relics_obtained":[{"floor":9,"key":"Art of War"},{"floor":26,"key":"Ornamental Fan"},{"floor":39,"key":"War Paint"},{"floor":43,"key":"Happy Flower"}],"event_choices":[{"event_name":"Forgotten Altar","player_choice":"Shed Blood","floor":19,"damage_taken":0},{"event_name":"Vampires","player_choice":"Became a vampire","floor":22,"damage_taken":0},{"event_name":"SensoryStone","player_choice":"Memory 1","floor":37,"damage_taken":0}],"boss_relics":[{"not_picked":["Orrery","White Beast Statue"],"picked":"Nuclear Battery"},{"not_picked":["Lizard Tail","Velvet Choker"],"picked":"Runic Pyramid"}],"items_purged_floors":[],"potions_floor_spawned":[3,5,7,10,12,13,21,25,30,42,45,46,48],"seed_played":"5183869743709110213","ascension_level":0,"potions_obtained":[],"is_trial":false}