{"gold_per_floor":[111,111,111,127,154,184,184,214,289,7,20,20,20,35,35,131,131,142,160,171,206,206,206,206,223,247,247,257,257,182,196,196,293,293,311,311,327,549,119,119,22,34,82,56,74,74,89,105,105,105,105,105,17,46,46],"floor_reached":55,"playtime":1674,"items_purged":["Strike_B","Strike_B","Strike_B"],"score":682,"play_id":"22f18f4b-8ac4-4003-8cec-8670a0962666","local_time":"20181117172743","is_ascension_mode":false,"campfire_choices":[{"data":"Defragment","floor":7.0,"key":"SMITH"},{"data":"Zap","floor":12.0,"key":"SMITH"},{"floor":15.0,"key":"RECALL"},{"data":"Hologram","floor":23.0,"key":"SMITH"},{"data":"Conserve Battery","floor":27.0,"key":"SMITH"},{"data":"Defend_B","floor":29,"key":"SMITH"},{"data":"Defend_B","floor":32,"key":"SMITH"},{"data":"Madness","floor":40,"key":"SMITH"},{"data":"Auto Shields","floor":46,"key":"SMITH"},{"data":"Leap","floor":49,"key":"SMITH"},{"data":"Defend_B","floor":52,"key":"SMITH"}],"neow_cost":"NONE","seed_source_timestamp":159299878969595,"circlet_count":0,"master_deck":["Defend_B+1","Defend_B+1","Defend_B+1","Defend_B+1","Zap+1","Dualcast+1","Ball Lightning","Defragment+1","Hologram+1","Self Repair+1","Conserve Battery+1","Buffer+1","BootSequence","Echo Form+1","Madness","Madness+1","Auto Shields+1","Leap+1","Stack"],"special_seed":0,"relics":["Cracked Core","DataDisk","Mango","Pen Nib","StoneCalendar","Frozen Egg 2","Anchor","Coffee Dripper","Red Mask","War Paint","Oddly Smooth Stone","Busted Crown","Membership Card","Ice Cream","Runic Capacitor","Boot","Smiling Mask"],"potions_floor_usage":[31,47,54,54],"damage_taken":[{"damage":2.0,"enemies":"Small Slimes","floor":1.0,"turns":3.0},{"damage":1.0,"enemies":"Jaw Worm","floor":4.0,"turns":3.0},{"damage":8.0,"enemies":"Gremlin Nob","floor":6.0,"turns":3.0},{"damage":18.0,"enemies":"3 Sentries","floor":8.0,"turns":5.0},{"damage":0.0,"enemies":"2 Louse","floor":11.0,"turns":2.0},{"damage":0.0,"enemies":"2 Fungi Beasts","floor":14.0,"turns":2.0},{"damage":24.0,"enemies":"The Guardian","floor":16.0,"turns":9.0},{"damage":0.0,"enemies":"Chosen","floor":18.0,"turns":4.0},{"damage":0.0,"enemies":"Spheric Guardian","floor":19.0,"turns":4.0},{"damage":18.0,"enemies":"3 Cultists","floor":20.0,"turns":5.0},{"damage":10.0,"enemies":"Masked Bandits","floor":21.0,"turns":4.0},{"damage":0.0,"enemies":"Shelled Parasite and Fungi","floor":25.0,"turns":6.0},{"damage":7,"enemies":"Cultist and Chosen","floor":28,"turns":6},{"damage":0,"enemies":"Snecko","floor":31,"turns":6},{"damage":27,"enemies":"Automaton","floor":33,"turns":11},{"damage":7,"enemies":"3 Darklings","floor":35,"turns":7},{"damage":0,"enemies":"3 Shapes","floor":37,"turns":5},{"damage":0,"enemies":"Maw","floor":42,"turns":8},{"damage":0,"enemies":"Writhing Mass","floor":45,"turns":6},{"damage":16,"enemies":"3 Darklings","floor":47,"turns":7},{"damage":7,"enemies":"Maw","floor":48,"turns":8},{"damage":17,"enemies":"Time Eater","floor":50,"turns":11},{"damage":81,"enemies":"Shield and Spear","floor":54,"turns":15},{"damage":40,"enemies":"The Heart","floor":55,"turns":5}],"seed_played":"-4624480232838604538","potions_obtained":[{"floor":6.0,"key":"Block Potion"},{"floor":14.0,"key":"Energy Potion"},{"floor":18.0,"key":"Poison Potion"},{"floor":20.0,"key":"Explosive Potion"},{"floor":25.0,"key":"Fire Potion"},{"floor":33,"key":"Fire Potion"},{"floor":45,"key":"Explosive Potion"}],"is_trial":false,"path_per_floor":["M","?","?","M","T","E","R","E","T","$","M","R","?","M","R","B",null,"M","M","M","?","?","R","?","M","T","R","M","R","$","M","R","B",null,"M","?","M","?","$","R","$","M","T","$","M","R","M","M","R","B",null,"R","$","E","B"],"character_chosen":"DEFECT","items_purchased":["Self Repair+1","Anchor","Conserve Battery","Membership Card","Ice Cream","Auto Shields","Runic Capacitor","Leap","Stack"],"campfire_rested":0,"item_purchase_floors":[10,10,10,39,39,39,41,44,53],"current_hp_per_floor":[73,78,80,79,79,71,71,53,53,53,53,53,46,56,56,42,94,94,94,86,86,67,67,67,77,77,77,80,80,80,90,90,73,99,99,87,99,99,99,99,99,99,99,99,99,99,93,99,99,92,99,99,99,38,0],"gold":46,"neow_bonus":"RANDOM_COMMON_RELIC","is_prod":false,"is_daily":false,"chose_seed":false,"campfire_upgraded":10,"win_rate":0,"timestamp":1542468463,"path_taken":["M","?","?","M","?","E","R","E","T","?","M","R","?","M","R","BOSS","M","M","M","?","?","R","?","M","T","R","M","R","$","M","R","BOSS","M","?","M","?","?","R","$","M","T","$","M","R","M","M","R","BOSS","R","$","E","BOSS"],"build_version":"2018-11-15","purchased_purges":3,"victory":false,"max_hp_per_floor":[75,80,94,94,94,94,94,94,94,94,94,94,94,94,94,94,94,94,94,94,94,99,99,99,99,99,99,99,99,99,99,99,99,99,99,99,99,99,99,99,99,99,99,99,99,99,99,99,99,99,99,99,99,99,99],"card_choices":[{"not_picked":["Rebound","Turbo"],"picked":"Ball Lightning","floor":1.0},{"not_picked":["Heatsinks","Skim","Steam Power"],"picked":"SKIP","floor":4.0},{"not_picked":["Rebound","Lockon"],"picked":"Defragment","floor":6.0},{"not_picked":["Hyperbeam","BootSequence"],"picked":"Hologram","floor":8.0},{"not_picked":["Go for the Eyes","FTL","Turbo"],"picked":"SKIP","floor":11.0},{"not_picked":["Barrage","Go for the Eyes","Beam Cell"],"picked":"SKIP","floor":14.0},{"not_picked":["Amplify","Meteor Strike"],"picked":"Buffer+1","floor":16.0},{"not_picked":["Steam","Redo"],"picked":"BootSequence","floor":18.0},{"not_picked":["Sunder","Hologram","Heatsinks+1"],"picked":"SKIP","floor":19.0},{"not_picked":["Go for the Eyes","Meteor Strike","Aggregate"],"picked":"SKIP","floor":20.0},{"not_picked":["Consume+1","Skim+1","Turbo"],"picked":"SKIP","floor":25.0},{"not_picked":["Rip and Tear","Darkness","Genetic Algorithm"],"picked":"SKIP","floor":28},{"not_picked":["Rebound","Double Energy","Barrage"],"picked":"SKIP","floor":31},{"not_picked":["Hyperbeam","Fission"],"picked":"Echo Form+1","floor":33},{"not_picked":["Self Repair+1"],"picked":"SKIP","floor":35},{"not_picked":["Fusion"],"picked":"SKIP","floor":37},{"not_picked":["Sunder"],"picked":"SKIP","floor":42},{"not_picked":["Turbo+1"],"picked":"SKIP","floor":45},{"not_picked":["Sweeping Beam+1"],"picked":"SKIP","floor":47},{"not_picked":["Glacier"],"picked":"SKIP","floor":48},{"not_picked":["Scrape"],"picked":"SKIP","floor":54}],"player_experience":480460,"relics_obtained":[{"floor":6.0,"key":"Pen Nib"},{"floor":8.0,"key":"StoneCalendar"},{"floor":9.0,"key":"Frozen Egg 2"},{"floor":21.0,"key":"Red Mask"},{"floor":26.0,"key":"Oddly Smooth Stone"},{"floor":43,"key":"Boot"},{"floor":54,"key":"Smiling Mask"}],"event_choices":[{"damage_healed":0.0,"max_hp_gain":5.0,"max_hp_loss":0.0,"gold_gain":0.0,"event_name":"Big Fish","player_choice":"Donut","floor":2.0,"gold_loss":0.0,"damage_taken":0.0},{"damage_healed":0.0,"max_hp_gain":0.0,"max_hp_loss":0.0,"gold_gain":0.0,"event_name":"Scrap Ooze","player_choice":"Success","floor":3.0,"gold_loss":0.0,"damage_taken":12.0,"relics_obtained":["Mango"]},{"cards_removed":["Strike_B"],"damage_healed":0.0,"max_hp_gain":0.0,"max_hp_loss":0.0,"gold_gain":0.0,"event_name":"Golden Wing","player_choice":"Card Removal","floor":13.0,"gold_loss":0.0,"damage_taken":7.0},{"damage_healed":0.0,"max_hp_gain":0.0,"max_hp_loss":0.0,"gold_gain":0.0,"event_name":"Masked Bandits","player_choice":"Fought Bandits","floor":21.0,"gold_loss":0.0,"damage_taken":0.0},{"damage_healed":0.0,"max_hp_gain":5.0,"max_hp_loss":0.0,"gold_gain":0.0,"event_name":"Forgotten Altar","player_choice":"Shed Blood","floor":22.0,"gold_loss":0.0,"damage_taken":24.0},{"damage_healed":0.0,"max_hp_gain":0.0,"max_hp_loss":0.0,"gold_gain":0.0,"event_name":"The Mausoleum","player_choice":"Opened","floor":24.0,"gold_loss":0.0,"damage_taken":0.0,"relics_obtained":["War Paint"]},{"damage_healed":0,"gold_gain":0,"player_choice":"Embrace Madness","damage_taken":12,"max_hp_gain":0,"max_hp_loss":0,"event_name":"Winding Halls","floor":36,"gold_loss":0,"cards_obtained":["Madness","Madness"]},{"damage_healed":0,"gold_gain":222,"player_choice":"Wore Mask","damage_taken":0,"max_hp_gain":0,"max_hp_loss":0,"event_name":"Tomb of Lord Red Mask","floor":38,"gold_loss":0}],"is_beta":false,"boss_relics":[{"not_picked":["Velvet Choker","Orrery"],"picked":"Coffee Dripper"},{"not_picked":["Cursed Key","Astrolabe"],"picked":"Busted Crown"}],"items_purged_floors":[30,39,53],"is_endless":false,"potions_floor_spawned":[6,14,18,20,25,33,45],"killed_by":"The Heart","ascension_level":0}