{"path_per_floor":["M","M","M","$","M","R","E","R","T","R","M","?","R","M","R","B",null,"M","$","T","M","M","R","M","?","T","M","M","R","$","?","R","B",null,"M","$","?","M","M","R","?","R","T","R","?","$","M","M","R","B"],"character_chosen":"THE_SILENT","items_purchased":["Acrobatics","Flash of Steel","Bouncing Flask","Noxious Fumes","Caltrops","Regen Potion"],"gold_per_floor":[115,125,143,20,36,36,66,66,141,141,154,254,254,265,265,368,368,383,50,50,63,80,80,97,97,121,135,155,155,30,130,130,235,235,252,102,102,117,135,135,135,135,135,135,135,44,57,67,67,67],"floor_reached":51,"campfire_rested":1,"playtime":5450,"current_hp_per_floor":[70,70,66,66,66,66,55,55,55,55,55,55,55,52,52,50,70,70,70,70,62,52,52,51,51,58,48,47,47,47,47,47,37,77,76,76,66,56,40,40,40,40,40,40,40,40,54,48,71,43],"items_purged":["Strike_G","Strike_G","Defend_G","Defend_G"],"gold":67,"play_id":"0cef5f64-17ff-4a78-a711-14796e834688","is_prod":false,"is_daily":false,"is_ascension_mode":true,"campfire_upgraded":11,"path_taken":["M","M","?","$","M","R","E","R","T","R","M","?","R","M","R","BOSS","M","$","?","M","M","R","M","?","T","M","M","R","$","?","R","BOSS","M","$","?","?","M","R","?","R","T","R","?","$","M","M","R","BOSS"],"build_version":"2018-01-26-BETA1","purchased_purges":4,"victory":true,"master_deck":["Defend_G","Survivor+1","Neutralize+1","Noxious Fumes+1","Bane","Footwork+1","Acrobatics+1","Slice","Underhanded Strike","Backflip+1","A Thousand Cuts+1","Dagger Throw+1","Backstab+1","Blade Dance+1","Prepared+1","Flash of Steel","Bouncing Flask+1","Noxious Fumes+1","Backflip+1","Backflip+1","Deflect","Tools of the Trade+1","Escape Plan+1","Madness","Madness","Slice","Writhe","Caltrops","Prepared+1","Escape Plan+1"],"max_hp_per_floor":[70,70,70,70,70,70,70,70,70,70,70,70,70,70,70,70,70,70,70,70,70,70,70,70,70,77,77,77,77,77,77,77,77,77,77,77,77,77,77,77,77,77,77,77,77,77,77,77,77,77],"relics":["Ring of the Snake","Bag of Marbles","Tiny Chest","Astrolabe","Ancient Tea Set","Torii","Strawberry","Cursed Key","Ice Cream"],"card_choices":[{"not_picked":["Bane","Eviscerate"],"picked":"Noxious Fumes"},{"not_picked":["Phantasmal Killer","Reflex"],"picked":"Bane"},{"not_picked":["Dash","Dagger Throw"],"picked":"Footwork"},{"not_picked":["Flechettes","Eviscerate"],"picked":"Slice"},{"not_picked":["Quick Slash","Prepared"],"picked":"Underhanded Strike"},{"not_picked":["Slice","Bane"],"picked":"Backflip"},{"not_picked":["Envenom","Glass Knife"],"picked":"A Thousand Cuts"},{"not_picked":["Skewer","Quick Slash"],"picked":"Prepared"},{"not_picked":["PiercingWail","Sucker Punch"],"picked":"Backflip"},{"not_picked":["Masterful Stab","Underhanded Strike"],"picked":"Backflip"},{"not_picked":["Bane","Expertise"],"picked":"Deflect"},{"not_picked":["A Thousand Cuts","Glass Knife"],"picked":"Tools of the Trade"},{"not_picked":["Outmaneuver","Dagger Spray"],"picked":"Escape Plan"},{"not_picked":["Crippling Poison","Deadly Poison"],"picked":"Slice"},{"not_picked":["Predator","Sucker Punch"],"picked":"Prepared"},{"not_picked":["Outmaneuver","Endless Agony"],"picked":"Escape Plan"}],"player_experience":39825,"potions_floor_usage":[5,24,28,28,33,33,47,47,50,50],"damage_taken":[{"damage":0,"enemies":"Blue Slaver","floor":1,"turns":7},{"damage":0,"enemies":"Jaw Worm","floor":2,"turns":7},{"damage":4,"enemies":"Cultist","floor":3,"turns":3},{"damage":0,"enemies":"Red Slaver","floor":5,"turns":4},{"damage":11,"enemies":"3 Sentries","floor":7,"turns":9},{"damage":0,"enemies":"3 Louse","floor":11,"turns":2},{"damage":3,"enemies":"Looter","floor":14,"turns":4},{"damage":2,"enemies":"The Guardian","floor":16,"turns":9},{"damage":0,"enemies":"3 Byrds","floor":18,"turns":5},{"damage":8,"enemies":"2 Thieves","floor":21,"turns":3},{"damage":10,"enemies":"Snecko","floor":22,"turns":4},{"damage":1,"enemies":"Slaver and Parasite","floor":24,"turns":7},{"damage":10,"enemies":"3 Cultists","floor":27,"turns":5},{"damage":1,"enemies":"Chosen and Byrds","floor":28,"turns":8},{"damage":10,"enemies":"Automaton","floor":33,"turns":9},{"damage":1,"enemies":"3 Shapes","floor":35,"turns":3},{"damage":10,"enemies":"3 Darklings","floor":38,"turns":4},{"damage":16,"enemies":"Flame Bruiser 2 Orb","floor":39,"turns":5},{"damage":1,"enemies":"Maw","floor":47,"turns":5},{"damage":6,"enemies":"4 Shapes","floor":48,"turns":4},{"damage":28,"enemies":"Awakened One","floor":50,"turns":10}],"event_choices":[{"event_name":"Golden Shrine","player_choice":"Pray","floor":12,"damage_taken":0},{"event_name":"The Mausoleum","player_choice":"Yes","floor":25,"damage_taken":0},{"event_name":"Golden Shrine","player_choice":"Pray","floor":31,"damage_taken":0},{"event_name":"Winding Halls","player_choice":"Embrace Madness","floor":37,"damage_taken":0},{"event_name":"Mysterious Sphere","player_choice":"Ignore","floor":41,"damage_taken":0}],"boss_relics":[{"not_picked":["Calling Bell","Black Star"],"picked":"Astrolabe"},{"not_picked":["Velvet Choker","Lizard Tail"],"picked":"Cursed Key"}],"potions_floor_spawned":[2,11,16,22,24,28,33,39,47],"seed_played":"-5427425574476169960","ascension_level":2,"is_trial":false}