{"gold_per_floor":[118,135,149,424,443,443,463,463,463,463,162,180,190,144,144,245,245,260,260,280,280,39,64,80,80,80,92,104,104,124,124,124,228,228,245,245,263,263,21,21,39,39,39,39,339,353,373,29,29,29],"floor_reached":51,"playtime":979,"items_purged":["Regret"],"score":686,"play_id":"5031a955-b89d-4278-ac3d-7c083f96f481","local_time":"20180823061045","is_ascension_mode":false,"campfire_choices":[{"data":"Offering","floor":6.0,"key":"SMITH"},{"data":"Evolve","floor":8.0,"key":"SMITH"},{"data":"Bash","floor":10.0,"key":"SMITH"},{"data":"Armaments","floor":15.0,"key":"SMITH"},{"floor":25.0,"key":"REST"},{"data":"Double Tap","floor":29.0,"key":"SMITH"},{"data":"Inflame","floor":32.0,"key":"SMITH"},{"data":"Sword Boomerang","floor":40,"key":"SMITH"},{"data":"Sword Boomerang","floor":42,"key":"SMITH"},{"data":"Sword Boomerang","floor":44,"key":"SMITH"},{"data":"Spot Weakness","floor":49,"key":"SMITH"}],"neow_cost":"NONE","seed_source_timestamp":89991745700061,"circlet_count":0,"master_deck":["Strike_R","Strike_R","Strike_R","Strike_R","Strike_R","Defend_R","Defend_R","Defend_R+1","Defend_R","Bash+1","Twin Strike","Offering+1","Evolve+1","Spot Weakness+1","Armaments+1","Double Tap+1","Sword Boomerang+1","Inflame+1","Sword Boomerang+1","Sword Boomerang+1","Offering+1","Whirlwind+1"],"special_seed":0,"relics":["Burning Blood","Red Skull","StoneCalendar","Blood Vial","Sozu","Blue Candle","Sling","Letter Opener","Shuriken","Coffee Dripper","Ice Cream","FaceOfCleric","Ornamental Fan","War Paint","Vajra","Chemical X"],"potions_floor_usage":[33,50],"damage_taken":[{"damage":7.0,"enemies":"Small Slimes","floor":1.0,"turns":3.0},{"damage":6.0,"enemies":"Cultist","floor":2.0,"turns":3.0},{"damage":8.0,"enemies":"Jaw Worm","floor":3.0,"turns":3.0},{"damage":20.0,"enemies":"Large Slime","floor":5.0,"turns":7.0},{"damage":19.0,"enemies":"3 Louse","floor":7.0,"turns":4.0},{"damage":14.0,"enemies":"Red Slaver","floor":12.0,"turns":2.0},{"damage":9.0,"enemies":"2 Fungi Beasts","floor":13.0,"turns":2.0},{"damage":38.0,"enemies":"The Guardian","floor":16.0,"turns":7.0},{"damage":11.0,"enemies":"Chosen","floor":18.0,"turns":3.0},{"damage":20.0,"enemies":"2 Thieves","floor":20.0,"turns":3.0},{"damage":40.0,"enemies":"Slavers","floor":23.0,"turns":4.0},{"damage":11.0,"enemies":"Cultist and Chosen","floor":24.0,"turns":3.0},{"damage":17.0,"enemies":"Snake Plant","floor":27.0,"turns":2.0},{"damage":16.0,"enemies":"3 Cultists","floor":28.0,"turns":4.0},{"damage":6.0,"enemies":"Centurion and Healer","floor":30.0,"turns":2.0},{"damage":26,"enemies":"Collector","floor":33,"turns":3},{"damage":24,"enemies":"3 Shapes","floor":35,"turns":3},{"damage":6,"enemies":"Flame Bruiser 1 Orb","floor":37,"turns":3},{"damage":22,"enemies":"3 Darklings","floor":41,"turns":3},{"damage":14,"enemies":"4 Shapes","floor":46,"turns":3},{"damage":13,"enemies":"Spire Growth","floor":47,"turns":2},{"damage":26,"enemies":"Awakened One","floor":50,"turns":4}],"seed_played":"8737421528383255559","potions_obtained":[{"floor":3.0,"key":"Swift Potion"},{"floor":13.0,"key":"AttackPotion"},{"floor":16.0,"key":"LiquidBronze"}],"is_trial":false,"path_per_floor":["M","M","M","?","M","R","M","R","T","R","$","M","M","$","R","B",null,"M","T","M","?","$","E","M","R","T","M","M","R","M","?","R","B",null,"M","T","M","?","$","R","M","R","T","R","?","M","M","$","R","B"],"character_chosen":"IRONCLAD","items_purchased":["Spot Weakness","Blood Vial","Armaments","Inflame","Sling","Ornamental Fan","Vajra","Chemical X"],"campfire_rested":1,"item_purchase_floors":[11,11,14,22,22,39,48,48],"current_hp_per_floor":[79,79,77,77,63,63,50,50,50,50,50,44,43,43,43,13,80,75,75,63,63,63,31,28,52,52,43,35,35,37,37,37,19,80,62,62,64,64,64,64,51,51,51,51,51,46,42,42,42,25],"gold":29,"neow_bonus":"RANDOM_COMMON_RELIC","is_prod":false,"is_daily":false,"chose_seed":false,"campfire_upgraded":10,"win_rate":0,"timestamp":1534993845,"path_taken":["M","M","M","?","?","R","M","R","T","R","$","M","M","$","R","BOSS","M","?","M","?","$","E","M","R","T","M","?","R","M","?","R","BOSS","M","?","M","?","$","R","M","R","T","R","?","?","M","$","R","BOSS"],"build_version":"2018-08-16","purchased_purges":1,"victory":true,"max_hp_per_floor":[80,80,80,80,80,80,80,80,80,80,80,80,80,80,80,80,80,80,80,80,80,80,80,80,80,80,80,80,80,80,80,80,80,80,80,80,80,80,80,80,81,81,81,81,81,82,83,83,83,84],"card_choices":[{"not_picked":["Headbutt","Flex"],"picked":"Twin Strike","floor":1.0},{"not_picked":["Clothesline","Shrug It Off","Havoc"],"picked":"SKIP","floor":2.0},{"not_picked":["Corruption","Flex","Havoc"],"picked":"SKIP","floor":3.0},{"not_picked":["Cleave","Intimidate"],"picked":"Offering","floor":5.0},{"not_picked":["True Grit","Anger"],"picked":"Evolve","floor":7.0},{"not_picked":["Headbutt","Clash","Shrug It Off"],"picked":"SKIP","floor":12.0},{"not_picked":["Spot Weakness","Anger","Feel No Pain"],"picked":"SKIP","floor":13.0},{"not_picked":["Impervious","Barricade"],"picked":"Double Tap","floor":16.0},{"not_picked":["Seeing Red","Clothesline"],"picked":"Sword Boomerang","floor":18.0},{"not_picked":["Havoc","Sever Soul","Clothesline+1"],"picked":"SKIP","floor":20.0},{"not_picked":["Disarm","Blood for Blood","Dropkick"],"picked":"SKIP","floor":23.0},{"not_picked":["Rupture","Combust"],"picked":"Sword Boomerang","floor":24.0},{"not_picked":["Entrench","Wild Strike","Pommel Strike"],"picked":"SKIP","floor":27.0},{"not_picked":["Flex","Clash+1"],"picked":"Sword Boomerang","floor":28.0},{"not_picked":["Perfected Strike+1","Twin Strike","Fire Breathing"],"picked":"SKIP","floor":30.0},{"not_picked":["Impervious","Exhume"],"picked":"Offering","floor":33},{"not_picked":["Sword Boomerang","Rampage"],"picked":"Whirlwind+1","floor":35},{"not_picked":["Power Through","Dual Wield","Blood for Blood+1"],"picked":"SKIP","floor":37},{"not_picked":["Heavy Blade+1","Armaments+1","Anger+1"],"picked":"SKIP","floor":41},{"not_picked":["Armaments","Body Slam","Reckless Charge"],"picked":"SKIP","floor":46},{"not_picked":["Perfected Strike+1","Pommel Strike","Carnage+1"],"picked":"SKIP","floor":47}],"player_experience":338035,"relics_obtained":[{"floor":9.0,"key":"StoneCalendar"},{"floor":19.0,"key":"Blue Candle"},{"floor":23.0,"key":"Letter Opener"},{"floor":26.0,"key":"Shuriken"},{"floor":36,"key":"Ice Cream"},{"floor":43,"key":"War Paint"}],"event_choices":[{"event_name":"Golden Shrine","player_choice":"Desecrate","floor":4.0,"damage_taken":0.0},{"event_name":"Addict","player_choice":"Ignored","floor":21.0,"damage_taken":0.0},{"event_name":"Drug Dealer","player_choice":"Ignored","floor":31.0,"damage_taken":0.0},{"event_name":"FaceTrader","player_choice":"Trade","floor":38,"damage_taken":0},{"event_name":"Wheel of Change","player_choice":"Gold","floor":45,"damage_taken":0}],"is_beta":false,"boss_relics":[{"not_picked":["Empty Cage","Cursed Key"],"picked":"Sozu"},{"not_picked":["Black Star","Orrery"],"picked":"Coffee Dripper"}],"items_purged_floors":[11],"is_endless":false,"potions_floor_spawned":[3,13,16,20,24,27,30,33,37,46,47],"ascension_level":0}