{"gold_per_floor":[117,134,134,151,151,179,179,190,190,40,40,115,115,132,132,231,231,241,241,257,257,17,45,57,99,136,158,181,207,244,275,287,299],"floor_reached":33,"playtime":3768,"items_purged":[],"score":322,"play_id":"b47a886a-5f52-4e8e-bbd9-d0a64c0ade2b","local_time":"20190728160606","is_ascension_mode":true,"campfire_choices":[{"floor":7,"key":"RECALL"},{"data":"Poisoned Stab","floor":11,"key":"SMITH"},{"data":"Backstab","floor":15,"key":"SMITH"},{"floor":24,"key":"REST"},{"floor":32,"key":"REST"}],"neow_cost":"NONE","seed_source_timestamp":1299095905534113,"circlet_count":0,"master_deck":["Strike_G","Strike_G","Strike_G","Strike_G","Defend_G","Defend_G","Defend_G","Defend_G+1","Defend_G","Survivor","Neutralize","Masterful Stab","Distraction+1","Backstab+1","Calculated Gamble","Poisoned Stab+1","Escape Plan","Envenom+1","Dodge and Roll","Noxious Fumes","Noxious Fumes","Outmaneuver","Blur","Sucker Punch+1","Finisher+1","Flechettes+1","Dash+1","Poisoned Stab+1","Dash+1","Bullet Time"],"relics":["Ring of the Snake","Kunai","Sundial","Mummified Hand","War Paint","Fusion Hammer","Lantern","MawBank","Molten Egg 2","Boot","Vajra"],"potions_floor_usage":[6,16,16,28,33,33,33],"damage_taken":[{"damage":0,"enemies":"2 Louse","floor":1,"turns":3},{"damage":0,"enemies":"Cultist","floor":2,"turns":3},{"damage":0,"enemies":"Small Slimes","floor":4,"turns":3},{"damage":1,"enemies":"Lagavulin","floor":6,"turns":7},{"damage":0,"enemies":"Looter","floor":8,"turns":3},{"damage":0,"enemies":"Blue Slaver","floor":14,"turns":2},{"damage":27,"enemies":"The Guardian","floor":16,"turns":8},{"damage":1,"enemies":"Chosen","floor":18,"turns":3},{"damage":2,"enemies":"Shell Parasite","floor":20,"turns":6},{"damage":28,"enemies":"Book of Stabbing","floor":23,"turns":6},{"damage":1,"enemies":"Gremlin Leader","floor":25,"turns":8},{"damage":0,"enemies":"Centurion and Healer","floor":27,"turns":7},{"damage":16,"enemies":"Snecko","floor":28,"turns":5},{"damage":6,"enemies":"Sentry and Sphere","floor":29,"turns":6},{"damage":3,"enemies":"Slavers","floor":30,"turns":7},{"damage":0,"enemies":"Centurion and Healer","floor":31,"turns":4},{"damage":66,"enemies":"Collector","floor":33,"turns":7}],"seed_played":"-5427711954647851687","potions_obtained":[{"floor":1,"key":"Fire Potion"},{"floor":4,"key":"Swift Potion"},{"floor":6,"key":"SpeedPotion"},{"floor":8,"key":"Block Potion"},{"floor":23,"key":"Dexterity Potion"},{"floor":27,"key":"Dexterity Potion"},{"floor":28,"key":"Weak Potion"}],"is_trial":false,"path_per_floor":["M","M","?","M","?","E","R","M","T","$","R","?","T","M","R","B",null,"M","?","M","?","$","E","R","E","T","M","M","M","E","M","R","B"],"character_chosen":"THE_SILENT","items_purchased":["War Paint","Lantern","Outmaneuver","Blur"],"campfire_rested":2,"item_purchase_floors":[10,22,22,22],"current_hp_per_floor":[77,77,77,77,74,73,73,73,73,73,73,62,62,62,62,35,77,76,76,74,74,74,46,69,68,68,68,52,46,43,43,66,0],"gold":299,"neow_bonus":"TEN_PERCENT_HP_BONUS","is_prod":false,"is_daily":false,"chose_seed":false,"campfire_upgraded":2,"win_rate":0,"timestamp":1564347966,"path_taken":["M","M","?","?","?","E","R","M","T","$","R","?","?","M","R","BOSS","M","?","M","?","$","E","R","E","T","M","M","?","E","M","R","BOSS"],"build_version":"2019-07-17","purchased_purges":0,"victory":false,"max_hp_per_floor":[77,77,77,77,77,77,77,77,77,77,77,77,77,77,77,77,77,77,77,77,77,77,77,77,77,77,77,77,77,77,77,77,77],"card_choices":[{"not_picked":["Reflex","Slice"],"picked":"Masterful Stab","floor":1},{"not_picked":["Predator","Expertise"],"picked":"Distraction","floor":2},{"not_picked":["Deflect","Backflip"],"picked":"Backstab","floor":4},{"not_picked":["Terror","Backflip"],"picked":"Calculated Gamble","floor":6},{"not_picked":["Bane","Dagger Spray"],"picked":"Poisoned Stab","floor":8},{"not_picked":["Riddle With Holes","Flechettes"],"picked":"Escape Plan","floor":14},{"not_picked":["Bullet Time","After Image"],"picked":"Envenom","floor":16},{"not_picked":["Reflex","Escape Plan"],"picked":"Dodge and Roll","floor":18},{"not_picked":["Well Laid Plans","Dagger Spray+1"],"picked":"Noxious Fumes","floor":20},{"not_picked":["Deflect","Expertise+1"],"picked":"Sucker Punch+1","floor":23},{"not_picked":["Outmaneuver","Prepared+1"],"picked":"Finisher","floor":25},{"not_picked":["Deflect","Dodge and Roll"],"picked":"Flechettes+1","floor":27},{"not_picked":["Deadly Poison+1","Prepared"],"picked":"Dash+1","floor":28},{"not_picked":["Quick Slash+1","Reflex"],"picked":"Poisoned Stab+1","floor":29},{"not_picked":["Acrobatics","Well Laid Plans"],"picked":"Dash+1","floor":30},{"not_picked":["Dagger Spray+1","Tactician"],"picked":"Bullet Time","floor":31}],"player_experience":87541,"relics_obtained":[{"floor":6,"key":"Sundial"},{"floor":9,"key":"Mummified Hand"},{"floor":23,"key":"MawBank"},{"floor":25,"key":"Molten Egg 2"},{"floor":26,"key":"Boot"},{"floor":30,"key":"Vajra"}],"event_choices":[{"cards_removed":["Strike_G"],"damage_healed":0,"gold_gain":0,"player_choice":"Offered Basic","damage_taken":0,"max_hp_gain":0,"max_hp_loss":0,"event_name":"Bonfire Elementals","floor":3,"gold_loss":0},{"damage_healed":0,"gold_gain":0,"player_choice":"Success","damage_taken":3,"relics_obtained":["Kunai"],"max_hp_gain":0,"max_hp_loss":0,"event_name":"Scrap Ooze","floor":5,"gold_loss":0},{"damage_healed":0,"gold_gain":75,"player_choice":"Gather Gold","damage_taken":11,"max_hp_gain":0,"max_hp_loss":0,"event_name":"World of Goop","floor":12,"gold_loss":0},{"damage_healed":0,"gold_gain":0,"player_choice":"Read","damage_taken":0,"max_hp_gain":0,"max_hp_loss":0,"event_name":"The Library","floor":19,"gold_loss":0,"cards_obtained":["Noxious Fumes"]},{"damage_healed":0,"gold_gain":0,"player_choice":"Upgraded","damage_taken":0,"max_hp_gain":0,"max_hp_loss":0,"event_name":"Upgrade Shrine","floor":21,"gold_loss":0,"cards_upgraded":["Envenom"]}],"is_beta":false,"boss_relics":[{"not_picked":["Black Star","Philosopher\u0027s Stone"],"picked":"Fusion Hammer"}],"items_purged_floors":[],"is_endless":false,"potions_floor_spawned":[1,4,6,8,23,27,28,30],"killed_by":"Collector","ascension_level":1}