{"gold_per_floor":[114,114,114,114,131,157,157,187,187,187,220,220,231,231,231,330,330,350,350,28,28,48,48,65,76,99,99,116,116,132,150,150,150],"floor_reached":33,"playtime":1936,"items_purged":["Injury"],"score":371,"play_id":"eec8281e-2701-4904-a458-4f72b9184ddd","local_time":"20180629152546","is_ascension_mode":true,"campfire_choices":[{"floor":7,"key":"DIG"},{"floor":10,"key":"REST"},{"floor":12,"key":"REST"},{"floor":15,"key":"REST"},{"floor":23,"key":"DIG"},{"floor":27,"key":"DIG"},{"floor":29,"key":"DIG"},{"floor":32,"key":"REST"}],"neow_cost":"TEN_PERCENT_HP_LOSS","seed_source_timestamp":15072705885309,"circlet_count":0,"master_deck":["Defend_G","Defend_G","Defend_G","Defend_G","Defend_G+1","Strike_G","Strike_G","Strike_G","Strike_G+1","Strike_G","Survivor","Neutralize+1","Adrenaline","PiercingWail","Dagger Spray","Deadly Poison","Deflect","Noxious Fumes","Adrenaline","Flash of Steel","Leg Sweep","Acrobatics+1"],"relics":["Ring of the Snake","Shovel","Boot","Bronze Scales","Bird Faced Urn","Pear","Dodecahedron","Velvet Choker","Potion Belt","Mercury Hourglass","Art of War","Girya","Toxic Egg 2"],"potions_floor_usage":[6,11,16,16,16,16,18,24,30,31,33],"damage_taken":[{"damage":0,"enemies":"2 Louse","floor":1,"turns":3},{"damage":0,"enemies":"Jaw Worm","floor":5,"turns":5},{"damage":26,"enemies":"Gremlin Nob","floor":6,"turns":4},{"damage":15,"enemies":"Lagavulin","floor":8,"turns":8},{"damage":22,"enemies":"Gremlin Nob","floor":11,"turns":4},{"damage":0,"enemies":"Cultist","floor":13,"turns":3},{"damage":6,"enemies":"Hexaghost","floor":16,"turns":8},{"damage":16,"enemies":"2 Thieves","floor":18,"turns":4},{"damage":3,"enemies":"Shell Parasite","floor":22,"turns":6},{"damage":1,"enemies":"Centurion and Healer","floor":24,"turns":7},{"damage":9,"enemies":"Snake Plant","floor":25,"turns":4},{"damage":4,"enemies":"3 Cultists","floor":28,"turns":5},{"damage":12,"enemies":"Sentry and Sphere","floor":30,"turns":6},{"damage":12,"enemies":"Centurion and Healer","floor":31,"turns":9},{"damage":76,"enemies":"Collector","floor":33,"turns":9}],"seed_played":"-6726627449980576906","potions_obtained":[{"floor":4,"key":"AttackPotion"},{"floor":4,"key":"LiquidBronze"},{"floor":4,"key":"Explosive Potion"},{"floor":8,"key":"Weak Potion"},{"floor":13,"key":"EntropicBrew"},{"floor":16,"key":"Fire Potion"},{"floor":22,"key":"FairyPotion"},{"floor":24,"key":"Swift Potion"},{"floor":30,"key":"AttackPotion"}],"is_trial":false,"path_per_floor":["M","?","?","?","M","E","R","E","T","R","E","R","M","T","R","B",null,"M","?","$","?","M","R","M","M","T","R","M","R","M","M","R"],"character_chosen":"THE_SILENT","items_purchased":["Potion Belt","Flash of Steel"],"campfire_rested":4,"item_purchase_floors":[20,20],"current_hp_per_floor":[63,63,50,50,50,24,24,9,9,27,15,36,36,36,57,53,68,52,52,52,52,51,51,52,45,45,45,43,43,33,23,44,0],"gold":150,"neow_bonus":"THREE_RARE_CARDS","is_prod":false,"is_daily":false,"chose_seed":false,"campfire_upgraded":0,"win_rate":0,"timestamp":1530278746,"path_taken":["M","?","?","?","M","E","R","E","T","R","E","R","M","?","R","BOSS","M","?","$","?","M","R","M","M","T","R","M","R","?","?","R","BOSS"],"build_version":"2018-06-28","purchased_purges":1,"victory":false,"max_hp_per_floor":[63,63,63,63,63,63,63,63,63,63,73,73,73,73,73,73,73,73,73,73,73,73,73,73,73,73,73,73,73,73,73,73,73],"card_choices":[{"not_picked":["Tools of the Trade","Corpse Explosion"],"picked":"Adrenaline","floor":0},{"not_picked":["Bane","Prepared"],"picked":"PiercingWail","floor":1},{"not_picked":["Outmaneuver","Sucker Punch"],"picked":"Dagger Spray","floor":5},{"not_picked":["Sucker Punch","Grand Finale"],"picked":"Deadly Poison","floor":6},{"not_picked":["Outmaneuver","Underhanded Strike"],"picked":"Deflect","floor":8},{"not_picked":["Calculated Gamble","Endless Agony","Finisher"],"picked":"SKIP","floor":11},{"not_picked":["Poisoned Stab","Sucker Punch"],"picked":"Noxious Fumes","floor":13},{"not_picked":["Envenom","Wraith Form v2"],"picked":"Adrenaline","floor":16},{"not_picked":["Skewer","Endless Agony","Deadly Poison+1"],"picked":"SKIP","floor":18},{"not_picked":["Heel Hook","Caltrops","Dagger Spray"],"picked":"SKIP","floor":22},{"not_picked":["Choke","Dagger Spray","Cloak And Dagger"],"picked":"SKIP","floor":24},{"not_picked":["Choke+1","Calculated Gamble","Slice+1"],"picked":"SKIP","floor":25},{"not_picked":["Setup+1","PiercingWail"],"picked":"Leg Sweep","floor":28},{"not_picked":["Backstab+1","Slice","Predator"],"picked":"SKIP","floor":30},{"not_picked":["Bane","Infinite Blades+1"],"picked":"Acrobatics+1","floor":31}],"player_experience":545435,"relics_obtained":[{"floor":6,"key":"Shovel"},{"floor":7,"key":"Boot"},{"floor":8,"key":"Bronze Scales"},{"floor":9,"key":"Bird Faced Urn"},{"floor":11,"key":"Pear"},{"floor":14,"key":"Dodecahedron"},{"floor":23,"key":"Mercury Hourglass"},{"floor":26,"key":"Art of War"},{"floor":27,"key":"Girya"},{"floor":29,"key":"Toxic Egg 2"}],"event_choices":[{"event_name":"Liars Game","player_choice":"disagreed","floor":2,"damage_taken":0},{"event_name":"Shining Light","player_choice":"Entered Light","floor":3,"damage_taken":0},{"event_name":"The Lab","player_choice":"Got Potions","floor":4,"damage_taken":0},{"event_name":"Accursed Blacksmith","player_choice":"Forge","floor":19,"damage_taken":0},{"event_name":"Addict","player_choice":"Ignored","floor":21,"damage_taken":0}],"boss_relics":[{"not_picked":["Ectoplasm","Black Star"],"picked":"Velvet Choker"}],"items_purged_floors":[20],"is_endless":false,"potions_floor_spawned":[8,13,16,22,24,30],"killed_by":"Collector","ascension_level":8}