{"gold_per_floor":[119,137,147,158,176,211,57,74,150,166,176,189,32,45,45,45],"floor_reached":16,"playtime":613,"items_purged":[],"score":135,"play_id":"51a73c96-3bb2-43e7-b90c-4355cac38480","local_time":"20190618142306","is_ascension_mode":false,"campfire_choices":[{"data":"Demon Form","floor":15,"key":"SMITH"}],"neow_cost":"NONE","seed_source_timestamp":401194023467800,"circlet_count":0,"master_deck":["Strike_R","Strike_R","Strike_R","Strike_R","Strike_R","Defend_R","Defend_R","Defend_R","Defend_R","Bash","Thunderclap","Double Tap","Demon Form+1","Sword Boomerang+1"],"relics":["Burning Blood","Molten Egg 2","Pen Nib","Singing Bowl","Art of War"],"potions_floor_usage":[6,10,16,16,16],"damage_taken":[{"damage":5,"enemies":"2 Louse","floor":1,"turns":3},{"damage":1,"enemies":"Cultist","floor":2,"turns":3},{"damage":2,"enemies":"Small Slimes","floor":3,"turns":3},{"damage":15,"enemies":"Looter","floor":4,"turns":3},{"damage":11,"enemies":"Exordium Wildlife","floor":5,"turns":5},{"damage":47,"enemies":"3 Sentries","floor":6,"turns":11},{"damage":17,"enemies":"3 Louse","floor":8,"turns":5},{"damage":15,"enemies":"Looter","floor":10,"turns":3},{"damage":0,"enemies":"Large Slime","floor":11,"turns":5},{"damage":1,"enemies":"3 Louse","floor":12,"turns":4},{"damage":7,"enemies":"Blue Slaver","floor":14,"turns":3},{"damage":34,"enemies":"The Guardian","floor":16,"turns":9}],"seed_played":"-2653993436049232504","potions_obtained":[{"floor":2,"key":"Fire Potion"},{"floor":3,"key":"Poison Potion"},{"floor":4,"key":"SteroidPotion"},{"floor":8,"key":"AttackPotion"},{"floor":10,"key":"GamblersBrew"}],"is_trial":false,"path_per_floor":["M","M","M","M","M","E","$","M","T","M","M","M","$","M","R","B"],"character_chosen":"IRONCLAD","items_purchased":["Pen Nib","Art of War"],"campfire_rested":0,"item_purchase_floors":[7,13],"current_hp_per_floor":[88,88,88,79,74,33,33,22,22,15,23,30,30,31,31,0],"gold":45,"neow_bonus":"TEN_PERCENT_HP_BONUS","is_prod":false,"is_daily":false,"chose_seed":false,"campfire_upgraded":1,"win_rate":0,"timestamp":1560856986,"path_taken":["M","M","M","M","M","E","$","M","T","M","M","M","$","M","R","BOSS"],"build_version":"2019-01-23","purchased_purges":0,"victory":false,"max_hp_per_floor":[88,88,88,88,88,88,88,88,88,90,92,94,94,96,96,96],"card_choices":[{"not_picked":["True Grit","Headbutt","Hemokinesis"],"picked":"SKIP","floor":1},{"not_picked":["Seeing Red","True Grit"],"picked":"Thunderclap","floor":2},{"not_picked":["Perfected Strike","True Grit"],"picked":"Double Tap","floor":3},{"not_picked":["Power Through","Cleave","Reckless Charge"],"picked":"SKIP","floor":4},{"not_picked":["Warcry","Rupture","Clothesline"],"picked":"SKIP","floor":5},{"not_picked":["Cleave","Carnage"],"picked":"Demon Form","floor":6},{"not_picked":["Armaments","Rupture"],"picked":"Sword Boomerang+1","floor":8},{"not_picked":["Sever Soul+1","Pommel Strike+1","True Grit"],"picked":"Singing Bowl","floor":10},{"not_picked":["Armaments","Shrug It Off","Dual Wield"],"picked":"Singing Bowl","floor":11},{"not_picked":["Havoc","Perfected Strike+1","Anger+1"],"picked":"Singing Bowl","floor":12},{"not_picked":["Cleave+1","Twin Strike+1","Wild Strike+1"],"picked":"Singing Bowl","floor":14}],"player_experience":632802,"relics_obtained":[{"floor":6,"key":"Molten Egg 2"},{"floor":9,"key":"Singing Bowl"}],"event_choices":[],"is_beta":false,"boss_relics":[],"items_purged_floors":[],"is_endless":false,"potions_floor_spawned":[2,3,4,8,10],"killed_by":"The Guardian","ascension_level":0}