{"gold_per_floor":[115,115,115,134,154,186,186,3,3,3,21,21,61,83,95,203,265,297,309,336,273,303,315,352,364,376,388,400,429,453,479,491,607,619,642,386,386,131,149,149,169,169,169,169,169,19,32,51,51,51],"floor_reached":50,"playtime":13796,"items_purged":["Strike_B","Defend_B","Defend_B","Defend_B"],"score":615,"play_id":"fec5071e-a8bd-4350-ba3a-8fc3f9c365a0","local_time":"20190728022542","is_ascension_mode":true,"campfire_choices":[{"data":"Defragment","floor":7.0,"key":"SMITH"},{"data":"Consume","floor":10.0,"key":"SMITH"},{"floor":15.0,"key":"REST"},{"floor":23.0,"key":"REST"},{"floor":25.0,"key":"REST"},{"data":"Fission","floor":28.0,"key":"SMITH"},{"floor":32,"key":"REST"},{"data":"Turbo","floor":40,"key":"SMITH"},{"floor":42,"key":"REST"},{"data":"Fusion","floor":44,"key":"SMITH"},{"floor":49,"key":"REST"}],"neow_cost":"NONE","seed_source_timestamp":41641520316566,"circlet_count":0,"master_deck":["Strike_B+1","Zap","Dualcast","Go for the Eyes","Cold Snap+1","Reprogram","Fission+1","Coolheaded","Defragment+1","Reinforced Body","Consume+1","Doom and Gloom","Fusion+1","Genetic Algorithm","Conserve Battery","Core Surge+1","White Noise","Chill+1","Go for the Eyes+1","Self Repair","Auto Shields","Hologram","Leap","Glacier+1","Stack+1","Mayhem","FTL","Turbo+1","Beam Cell+1","Capacitor+1"],"special_seed":0,"relics":["Cracked Core","NeowsBlessing","Gremlin Horn","Whetstone","MawBank","Boot","Tiny House","Vajra","Blood Vial","White Beast Statue","Meat on the Bone"],"potions_floor_usage":[33,48,50,50,50],"damage_taken":[{"damage":0.0,"enemies":"Small Slimes","floor":1.0,"turns":1.0},{"damage":0.0,"enemies":"2 Louse","floor":4.0,"turns":1.0},{"damage":0.0,"enemies":"Cultist","floor":5.0,"turns":1.0},{"damage":6.0,"enemies":"Lagavulin","floor":6.0,"turns":10.0},{"damage":10.0,"enemies":"Exordium Wildlife","floor":11.0,"turns":5.0},{"damage":19.0,"enemies":"Gremlin Nob","floor":13.0,"turns":5.0},{"damage":11.0,"enemies":"Lots of Slimes","floor":14.0,"turns":3.0},{"damage":12.0,"enemies":"Slime Boss","floor":16.0,"turns":12.0},{"damage":31.0,"enemies":"3 Byrds","floor":18.0,"turns":6.0},{"damage":5.0,"enemies":"Chosen","floor":20.0,"turns":5.0},{"damage":14.0,"enemies":"Snake Plant","floor":22.0,"turns":5.0},{"damage":41.0,"enemies":"Book of Stabbing","floor":24.0,"turns":7.0},{"damage":0.0,"enemies":"Snecko","floor":29.0,"turns":7.0},{"damage":22.0,"enemies":"Centurion and Healer","floor":30.0,"turns":6.0},{"damage":9,"enemies":"3 Cultists","floor":31,"turns":9},{"damage":15,"enemies":"Automaton","floor":33,"turns":21},{"damage":6,"enemies":"Orb Walker","floor":35,"turns":6},{"damage":2,"enemies":"3 Shapes","floor":39,"turns":4},{"damage":55,"enemies":"Spire Growth","floor":41,"turns":7},{"damage":12,"enemies":"Maw","floor":47,"turns":12},{"damage":35,"enemies":"Jaw Worm Horde","floor":48,"turns":7},{"damage":82,"enemies":"Time Eater","floor":50,"turns":18}],"seed_played":"7643193469542165711","potions_obtained":[{"floor":1.0,"key":"FearPotion"},{"floor":4.0,"key":"Swift Potion"},{"floor":11.0,"key":"Swift Potion"},{"floor":16.0,"key":"EssenceOfSteel"},{"floor":18.0,"key":"GamblersBrew"},{"floor":29.0,"key":"Swift Potion"},{"floor":30.0,"key":"Energy Potion"},{"floor":31,"key":"SteroidPotion"},{"floor":35,"key":"Poison Potion"},{"floor":39,"key":"EntropicBrew"},{"floor":41,"key":"GamblersBrew"},{"floor":48,"key":"SneckoOil"}],"is_trial":false,"path_per_floor":["M","?","?","M","M","E","R","$","T","R","M","T","E","M","R","B",null,"M","?","M","?","M","R","E","R","T","?","R","M","M","M","R","B",null,"M","$","?","$","M","R","M","R","T","R","?","$","M","M","R","B"],"character_chosen":"DEFECT","items_purchased":["Consume","Doom and Gloom","Mayhem","FTL","Turbo"],"campfire_rested":6,"item_purchase_floors":[8,8,36,38,38],"current_hp_per_floor":[75,68,68,68,68,62,62,62,62,62,52,52,33,22,44,32,69,38,38,33,33,19,43,9,33,33,33,33,42,22,22,46,40,70,73,73,90,90,90,90,42,69,69,69,69,69,66,52,79,0],"gold":51,"neow_bonus":"THREE_ENEMY_KILL","is_prod":false,"is_daily":false,"chose_seed":false,"campfire_upgraded":5,"win_rate":0,"timestamp":1564298742,"path_taken":["M","?","?","?","M","E","R","$","T","R","M","?","E","?","R","BOSS","M","?","M","?","M","R","E","R","T","?","R","?","M","?","R","BOSS","M","$","?","?","M","R","M","R","T","R","?","$","M","M","R","BOSS"],"build_version":"2019-07-17","purchased_purges":4,"victory":false,"max_hp_per_floor":[75,75,75,75,75,75,75,75,75,75,75,75,75,75,75,75,80,80,80,80,80,80,80,80,80,80,80,80,80,80,80,80,80,80,80,80,90,90,90,90,90,90,90,90,90,90,90,90,90,90],"card_choices":[{"not_picked":["Scrape","Recycle"],"picked":"Go for the Eyes","floor":1.0},{"not_picked":["Sweeping Beam","Steam Power"],"picked":"Coolheaded","floor":4.0},{"not_picked":["Static Discharge","Rebound"],"picked":"Defragment","floor":5.0},{"not_picked":["Melter","Rebound"],"picked":"Reinforced Body","floor":6.0},{"not_picked":["Thunder Strike","Consume"],"picked":"Fusion","floor":11.0},{"not_picked":["Leap","Force Field"],"picked":"Genetic Algorithm","floor":13.0},{"not_picked":["Consume","Hologram"],"picked":"Conserve Battery","floor":14.0},{"not_picked":["Buffer","Fission"],"picked":"Core Surge","floor":16.0},{"not_picked":["Sweeping Beam","Beam Cell"],"picked":"White Noise","floor":17.0},{"not_picked":["Undo","Consume"],"picked":"Chill+1","floor":18.0},{"not_picked":["Hologram+1","Recycle"],"picked":"Go for the Eyes+1","floor":20.0},{"not_picked":["Coolheaded","Compile Driver"],"picked":"Self Repair","floor":22.0},{"not_picked":["Consume+1","Multi-Cast"],"picked":"Auto Shields","floor":24.0},{"not_picked":["Sweeping Beam","Hello World+1"],"picked":"Leap","floor":29.0},{"not_picked":["Reprogram","Redo"],"picked":"Glacier+1","floor":30.0},{"not_picked":["Skim","Rebound","Genetic Algorithm"],"picked":"SKIP","floor":31},{"not_picked":["Biased Cognition","Rainbow"],"picked":"Reboot","floor":33},{"not_picked":["Rebound+1","Ball Lightning+1"],"picked":"Stack+1","floor":35},{"not_picked":["Steam","Gash+1"],"picked":"Beam Cell+1","floor":39},{"not_picked":["Redo","Aggregate+1","Steam"],"picked":"SKIP","floor":41},{"not_picked":["Hello World","Rebound","Turbo"],"picked":"SKIP","floor":47},{"not_picked":["Turbo+1","Genetic Algorithm"],"picked":"Capacitor+1","floor":48}],"player_experience":735276,"relics_obtained":[{"floor":6.0,"key":"Gremlin Horn"},{"floor":9.0,"key":"Whetstone"},{"floor":12.0,"key":"MawBank"},{"floor":13.0,"key":"Boot"},{"floor":24.0,"key":"Vajra"},{"floor":26.0,"key":"Blood Vial"},{"floor":43,"key":"Meat on the Bone"}],"event_choices":[{"cards_removed":["Strike_B"],"damage_healed":0.0,"max_hp_gain":0.0,"max_hp_loss":0.0,"gold_gain":0.0,"event_name":"Golden Wing","player_choice":"Card Removal","floor":2.0,"gold_loss":0.0,"damage_taken":7.0},{"damage_healed":0.0,"max_hp_gain":0.0,"max_hp_loss":0.0,"gold_gain":0.0,"event_name":"Match and Keep!","player_choice":"3 cards matched","floor":3.0,"gold_loss":0.0,"damage_taken":0.0,"cards_obtained":["Cold Snap","Reprogram","Fission"]},{"damage_healed":0.0,"max_hp_gain":0.0,"max_hp_loss":0.0,"gold_gain":0.0,"event_name":"Vampires","player_choice":"Ignored","floor":19.0,"gold_loss":0.0,"damage_taken":0.0},{"cards_removed":["Strike_B"],"damage_healed":0.0,"max_hp_gain":0.0,"max_hp_loss":0.0,"gold_gain":0.0,"event_name":"Beggar","player_choice":"Gave Gold","floor":21.0,"gold_loss":75.0,"damage_taken":0.0},{"damage_healed":0.0,"max_hp_gain":0.0,"max_hp_loss":0.0,"gold_gain":0.0,"cards_transformed":["Defend_B"],"event_name":"Transmorgrifier","player_choice":"Transformed","floor":27.0,"gold_loss":0.0,"damage_taken":0.0,"cards_obtained":["Hologram"]},{"cards_removed":["Reboot"],"damage_healed":7,"gold_gain":0,"player_choice":"Offered Rare","damage_taken":0,"max_hp_gain":10,"max_hp_loss":0,"event_name":"Bonfire Elementals","floor":37,"gold_loss":0},{"damage_healed":0,"gold_gain":0,"player_choice":"Memory 1","damage_taken":0,"max_hp_gain":0,"max_hp_loss":0,"event_name":"SensoryStone","floor":45,"gold_loss":0}],"is_beta":false,"boss_relics":[{"not_picked":["Coffee Dripper","Orrery"],"picked":"Tiny House"},{"not_picked":["Runic Pyramid","Lizard Tail"],"picked":"White Beast Statue"}],"items_purged_floors":[8,36,38,46],"is_endless":false,"potions_floor_spawned":[1,4,11,16,18,29,30,31,35,39,41,47,48],"killed_by":"Time Eater","ascension_level":5}