{"gold_per_floor":[145,164,164,178,28,28,58,58,58,73,89,101,101,111,111,207,207,217,74,74,36,46,46,59,78,129,129],"floor_reached":27,"playtime":811,"items_purged":[],"score":217,"play_id":"052f7ab2-0899-4efc-8470-9f9414c1dc97","local_time":"20180624165518","is_ascension_mode":false,"campfire_choices":[{"data":"Envenom","floor":6,"key":"SMITH"},{"data":"Noxious Fumes","floor":8,"key":"SMITH"},{"data":"Footwork","floor":13,"key":"SMITH"},{"data":"Caltrops","floor":15,"key":"SMITH"},{"data":"Footwork","floor":23,"key":"SMITH"}],"neow_cost":"NONE","seed_source_timestamp":84609260348648,"circlet_count":0,"master_deck":["Defend_G","Defend_G","Defend_G+1","Defend_G","Defend_G","Strike_G","Strike_G","Strike_G","Strike_G","Strike_G","Survivor+1","Neutralize","Noxious Fumes+1","Deflect","Envenom+1","Backflip","Escape Plan","Caltrops+1","Footwork+1","Tools of the Trade","Noxious Fumes+1","Footwork+1","Deflect","Backflip","Crippling Poison","Cloak And Dagger+1","Outmaneuver+1","Deflect"],"relics":["Ring of the Snake","Tiny Chest","Vajra","War Paint","Matryoshka","Philosopher\u0027s Stone","Bag of Marbles","Orichalcum"],"potions_floor_usage":[16,18,24],"damage_taken":[{"damage":0,"enemies":"Cultist","floor":1,"turns":4},{"damage":0,"enemies":"Small Slimes","floor":2,"turns":3},{"damage":3,"enemies":"2 Louse","floor":4,"turns":4},{"damage":12,"enemies":"3 Sentries","floor":7,"turns":8},{"damage":1,"enemies":"Looter","floor":10,"turns":4},{"damage":0,"enemies":"Exordium Wildlife","floor":11,"turns":4},{"damage":4,"enemies":"Gremlin Gang","floor":12,"turns":4},{"damage":0,"enemies":"Looter","floor":14,"turns":5},{"damage":18,"enemies":"The Guardian","floor":16,"turns":10},{"damage":40,"enemies":"3 Byrds","floor":18,"turns":4},{"damage":10,"enemies":"Spheric Guardian","floor":22,"turns":7},{"damage":5,"enemies":"3 Cultists","floor":24,"turns":6},{"damage":10,"enemies":"Snake Plant","floor":25,"turns":5}],"seed_played":"-1585354916144578095","potions_obtained":[{"floor":1,"key":"Fire Potion"},{"floor":11,"key":"SteroidPotion"},{"floor":12,"key":"Poison Potion"},{"floor":22,"key":"SkillPotion"},{"floor":24,"key":"SteroidPotion"}],"is_trial":false,"path_per_floor":["M","M","T","M","$","R","E","R","T","M","M","M","R","M","R","B",null,"M","$","?","$","M","R","M","M","T"],"character_chosen":"THE_SILENT","items_purchased":["Envenom","Footwork","Deflect","Backflip","Crippling Poison"],"campfire_rested":0,"item_purchase_floors":[5,19,19,19,21],"current_hp_per_floor":[70,70,70,67,67,67,55,55,55,54,54,50,50,50,50,32,70,30,30,30,30,20,20,15,5,5,0],"gold":129,"neow_bonus":"RANDOM_COMMON_RELIC","is_prod":false,"is_daily":false,"chose_seed":false,"campfire_upgraded":5,"win_rate":0,"timestamp":1529848518,"path_taken":["M","M","?","M","$","R","E","R","T","M","?","M","R","M","R","BOSS","M","$","?","$","M","R","M","M","T","?"],"build_version":"2018-06-21v2","purchased_purges":0,"victory":false,"max_hp_per_floor":[70,70,70,70,70,70,70,70,70,70,70,70,70,70,70,70,70,70,70,70,70,70,70,70,70,70,75],"card_choices":[{"not_picked":["Cloak And Dagger","Acrobatics"],"picked":"Noxious Fumes","floor":1},{"not_picked":["Reflex","Dash","PiercingWail"],"picked":"SKIP","floor":2},{"not_picked":["Deadly Poison","Acrobatics"],"picked":"Deflect","floor":4},{"not_picked":["Poisoned Stab","Sucker Punch"],"picked":"Backflip","floor":7},{"not_picked":["Deflect","Bouncing Flask"],"picked":"Escape Plan","floor":10},{"not_picked":["Prepared","Dagger Throw"],"picked":"Caltrops","floor":11},{"not_picked":["Cloak And Dagger","Heel Hook"],"picked":"Footwork","floor":12},{"not_picked":["Bouncing Flask","Flechettes","PiercingWail"],"picked":"SKIP","floor":14},{"not_picked":["Wraith Form v2","Venomology"],"picked":"Tools of the Trade","floor":16},{"not_picked":["PiercingWail+1","Underhanded Strike"],"picked":"Noxious Fumes+1","floor":18},{"not_picked":["Distraction","Dagger Throw"],"picked":"Cloak And Dagger+1","floor":22},{"not_picked":["Slice","Quick Slash"],"picked":"Outmaneuver+1","floor":24},{"not_picked":["Acrobatics+1","Flying Knee"],"picked":"Deflect","floor":25}],"player_experience":160559,"relics_obtained":[{"floor":3,"key":"Vajra"},{"floor":7,"key":"War Paint"},{"floor":9,"key":"Matryoshka"},{"floor":26,"key":"Bag of Marbles"},{"floor":26,"key":"Orichalcum"}],"event_choices":[{"event_name":"Beggar","player_choice":"Ignored","floor":20,"damage_taken":0}],"boss_relics":[{"not_picked":["Velvet Choker","Pandora\u0027s Box"],"picked":"Philosopher\u0027s Stone"}],"items_purged_floors":[],"is_endless":false,"potions_floor_spawned":[1,11,12,14,22,24],"ascension_level":0}