{"gold_per_floor":[11,29,44,56,73,100,100,127,197,216,229,240,205,221,221,221],"floor_reached":16,"playtime":483,"items_purged":[],"score":118,"play_id":"1b348c4f-a482-413b-b8ee-a53f941b98eb","local_time":"20190617134046","is_ascension_mode":false,"campfire_choices":[{"data":"Spot Weakness","floor":7,"key":"SMITH"},{"data":"Finesse","floor":15,"key":"SMITH"}],"neow_cost":"NO_GOLD","seed_source_timestamp":312333324720600,"circlet_count":0,"master_deck":["Strike_R","Strike_R","Strike_R","Strike_R","Strike_R","Defend_R","Defend_R","Defend_R","Defend_R","Bash","Dramatic Entrance","Finesse+1","Headbutt","Spot Weakness+1","Cleave+1","Inflame+1"],"special_seed":0,"relics":["Burning Blood","Frozen Egg 2","Molten Egg 2","Bottled Flame"],"potions_floor_usage":[14],"damage_taken":[{"damage":3.0,"enemies":"2 Louse","floor":1.0,"turns":3.0},{"damage":0.0,"enemies":"Small Slimes","floor":2.0,"turns":3.0},{"damage":4.0,"enemies":"Cultist","floor":3.0,"turns":3.0},{"damage":12.0,"enemies":"3 Louse","floor":4.0,"turns":3.0},{"damage":0.0,"enemies":"Large Slime","floor":5.0,"turns":4.0},{"damage":35,"enemies":"Gremlin Nob","floor":6,"turns":5},{"damage":22,"enemies":"3 Sentries","floor":8,"turns":6},{"damage":15,"enemies":"Exordium Wildlife","floor":10,"turns":3},{"damage":13,"enemies":"Exordium Thugs","floor":11,"turns":3},{"damage":8,"enemies":"Red Slaver","floor":12,"turns":2},{"damage":8,"enemies":"Looter","floor":14,"turns":3},{"damage":24,"enemies":"The Guardian","floor":16,"turns":6}],"seed_played":"8763390173962289363","potions_obtained":[{"floor":2.0,"key":"PowerPotion"},{"floor":8,"key":"Poison Potion"},{"floor":10,"key":"Ancient Potion"},{"floor":12,"key":"BloodPotion"}],"is_trial":false,"path_per_floor":["M","M","M","M","M","E","R","E","T","M","M","M","?","M","R","B"],"character_chosen":"IRONCLAD","items_purchased":[],"campfire_rested":0,"item_purchase_floors":[],"current_hp_per_floor":[80,80,80,74,80,51,51,35,35,26,19,17,17,23,23,0],"gold":221,"neow_bonus":"RANDOM_COLORLESS_2","is_prod":false,"is_daily":false,"chose_seed":false,"campfire_upgraded":2,"win_rate":0,"timestamp":1560768046,"path_taken":["M","M","M","M","M","E","R","E","T","M","M","M","?","M","R","BOSS"],"build_version":"2019-01-23","purchased_purges":0,"victory":false,"max_hp_per_floor":[80,80,80,80,80,80,80,80,80,80,80,80,80,80,80,80],"card_choices":[{"not_picked":["Pommel Strike","Sword Boomerang","Carnage"],"picked":"SKIP","floor":1.0},{"not_picked":["Heavy Blade","Body Slam"],"picked":"Headbutt","floor":2.0},{"not_picked":["Flex","Corruption","Warcry"],"picked":"SKIP","floor":3.0},{"not_picked":["Clothesline","Burning Pact","Armaments"],"picked":"SKIP","floor":4.0},{"not_picked":["Dark Embrace","Warcry"],"picked":"Spot Weakness","floor":5.0},{"not_picked":["Pommel Strike","Clash","Headbutt"],"picked":"SKIP","floor":6},{"not_picked":["Anger","Impervious"],"picked":"Cleave","floor":8},{"not_picked":["Pommel Strike+1","Thunderclap+1","Body Slam+1"],"picked":"SKIP","floor":10},{"not_picked":["Thunderclap+1","Headbutt+1"],"picked":"Inflame+1","floor":11},{"not_picked":["Flex","Carnage+1","Anger+1"],"picked":"SKIP","floor":12},{"not_picked":["Ghostly Armor","Seeing Red","Barricade+1"],"picked":"SKIP","floor":14}],"player_experience":626970,"relics_obtained":[{"floor":6,"key":"Frozen Egg 2"},{"floor":8,"key":"Molten Egg 2"},{"floor":9,"key":"Bottled Flame"}],"event_choices":[{"damage_healed":0,"gold_gain":0,"player_choice":"Left Gold","damage_taken":0,"max_hp_gain":0,"max_hp_loss":0,"event_name":"World of Goop","floor":13,"gold_loss":35}],"is_beta":false,"boss_relics":[],"items_purged_floors":[],"is_endless":false,"potions_floor_spawned":[2,8,10,11,12],"killed_by":"The Guardian","ascension_level":0}