{"gold_per_floor":[114,133,148,161,172,198,198,212,290,45,63,63,92,15,15,118,118,138,151,169,180,108,108,108,124,124,155,155,155],"floor_reached":29,"playtime":907,"items_purged":["Strike_B"],"score":259,"play_id":"11ec556d-f8a8-4c44-807e-4f731f3397e8","local_time":"20190520121013","is_ascension_mode":false,"campfire_choices":[{"data":"Zap","floor":7.0,"key":"SMITH"},{"data":"Defragment","floor":12.0,"key":"SMITH"},{"data":"Hologram","floor":15.0,"key":"SMITH"},{"data":"Blind","floor":23.0,"key":"SMITH"},{"data":"Capacitor","floor":28,"key":"SMITH"}],"neow_cost":"NONE","seed_source_timestamp":2576504778000,"circlet_count":0,"master_deck":["Strike_B","Strike_B","Strike_B","Defend_B","Defend_B","Defend_B","Defend_B","Zap+1","Dualcast","Ball Lightning","Conserve Battery","Hologram+1","Core Surge","Defragment+1","Loop","Blind+1","Reinforced Body","Capacitor+1"],"special_seed":0,"relics":["Cracked Core","Bottled Lightning","Darkstone Periapt","Membership Card","Letter Opener","Cursed Key","Du-Vu Doll"],"potions_floor_usage":[27,29],"damage_taken":[{"damage":2.0,"enemies":"Jaw Worm","floor":1.0,"turns":4.0},{"damage":0.0,"enemies":"Small Slimes","floor":2.0,"turns":2.0},{"damage":6.0,"enemies":"Cultist","floor":3.0,"turns":3.0},{"damage":6.0,"enemies":"Lots of Slimes","floor":4.0,"turns":4.0},{"damage":4.0,"enemies":"Blue Slaver","floor":5.0,"turns":4.0},{"damage":20.0,"enemies":"Gremlin Nob","floor":6.0,"turns":4.0},{"damage":0.0,"enemies":"Looter","floor":8.0,"turns":3.0},{"damage":0.0,"enemies":"2 Fungi Beasts","floor":11.0,"turns":3.0},{"damage":12.0,"enemies":"3 Sentries","floor":13.0,"turns":5.0},{"damage":12.0,"enemies":"Slime Boss","floor":16.0,"turns":7.0},{"damage":5.0,"enemies":"Shell Parasite","floor":18.0,"turns":4.0},{"damage":0.0,"enemies":"Spheric Guardian","floor":19.0,"turns":3.0},{"damage":12.0,"enemies":"Snake Plant","floor":20.0,"turns":4.0},{"damage":4.0,"enemies":"Centurion and Healer","floor":21.0,"turns":8.0},{"damage":18.0,"enemies":"Snecko","floor":25.0,"turns":5.0},{"damage":2,"enemies":"Gremlin Leader","floor":27,"turns":7},{"damage":53,"enemies":"Slavers","floor":29,"turns":5}],"seed_played":"4811585393570889009","potions_obtained":[{"floor":3.0,"key":"Strength Potion"},{"floor":8.0,"key":"LiquidBronze"},{"floor":11.0,"key":"Dexterity Potion"},{"floor":13.0,"key":"Block Potion"}],"is_trial":false,"path_per_floor":["M","M","M","M","M","E","R","M","T","$","M","R","E","$","R","B",null,"M","M","M","M","$","R","$","M","T","E","R","E"],"character_chosen":"DEFECT","items_purchased":["Membership Card","Defragment","Loop","Blind","Capacitor"],"campfire_rested":0,"item_purchase_floors":[10,10,14,14,22],"current_hp_per_floor":[80,80,74,68,64,44,44,44,44,44,44,44,32,32,32,20,82,77,77,65,61,61,61,61,43,43,41,41,0],"gold":155,"neow_bonus":"TEN_PERCENT_HP_BONUS","is_prod":false,"is_daily":false,"chose_seed":false,"campfire_upgraded":5,"win_rate":0,"timestamp":1558343413,"path_taken":["M","M","M","M","M","E","R","M","T","$","M","R","E","$","R","BOSS","M","M","M","M","$","R","$","M","T","E","R","E"],"build_version":"2019-01-23","purchased_purges":1,"victory":false,"max_hp_per_floor":[82,82,82,82,82,82,82,82,82,82,82,82,82,82,82,82,82,82,82,82,82,82,82,82,82,82,82,82,82],"card_choices":[{"not_picked":["Cold Snap","Sunder","Fusion"],"picked":"SKIP","floor":1.0},{"not_picked":["Coolheaded","Stack"],"picked":"Ball Lightning","floor":2.0},{"not_picked":["Consume","Tempest"],"picked":"Conserve Battery","floor":3.0},{"not_picked":["Barrage","Leap"],"picked":"Hologram","floor":4.0},{"not_picked":["Hologram","Redo","Coolheaded"],"picked":"SKIP","floor":5.0},{"not_picked":["Glacier","Skim"],"picked":"Core Surge","floor":6.0},{"not_picked":["Melter","Redo","Heatsinks"],"picked":"SKIP","floor":8.0},{"not_picked":["Stack","Redo","Coolheaded"],"picked":"SKIP","floor":11.0},{"not_picked":["Amplify","Glacier","Beam Cell"],"picked":"SKIP","floor":13.0},{"not_picked":["Beam Cell","Stack+1","FTL"],"picked":"SKIP","floor":18.0},{"not_picked":["Compile Driver","Sunder+1"],"picked":"Reinforced Body","floor":19.0},{"not_picked":["Barrage+1","Hello World","Coolheaded+1"],"picked":"SKIP","floor":20.0},{"not_picked":["Barrage","Aggregate","Storm"],"picked":"SKIP","floor":21.0},{"not_picked":["Gash","Compile Driver","Leap"],"picked":"SKIP","floor":25.0},{"not_picked":["Ball Lightning+1","Fusion+1","Stack"],"picked":"SKIP","floor":27}],"player_experience":600219,"relics_obtained":[{"floor":6.0,"key":"Bottled Lightning"},{"floor":9.0,"key":"Darkstone Periapt"},{"floor":13.0,"key":"Letter Opener"},{"floor":27,"key":"Du-Vu Doll"}],"event_choices":[],"is_beta":false,"boss_relics":[{"not_picked":["Sozu","Runic Pyramid"],"picked":"Cursed Key"}],"items_purged_floors":[22],"is_endless":false,"potions_floor_spawned":[3,8,11,13,20,25],"killed_by":"Slavers","ascension_level":0}