{"path_per_floor":["M","?","M","?","?","E","R","M","T","R","?","R","M","M","R","B",null,"M","?","M","M","M","R"],"character_chosen":"THE_SILENT","items_purchased":[],"gold_per_floor":[115,115,127,127,202,229,229,247,327,327,327,327,338,357,357,456,456,423,423,434,454,465,465],"floor_reached":24,"campfire_rested":2,"playtime":2206,"current_hp_per_floor":[68,68,66,52,41,18,39,39,39,39,32,53,47,45,45,48,70,49,49,43,42,15,15],"items_purged":[],"gold":465,"play_id":"d9291cbe-d6be-4d2a-86bb-59496d13dc3c","is_prod":false,"is_daily":false,"campfire_rituals":0,"campfire_upgraded":3,"is_hardmode":false,"path_taken":["M","?","?","?","?","E","R","M","T","R","?","R","?","M","R","BOSS","M","?","M","M","M","R","M"],"build_version":"2018-01-18-PROD4","purchased_purges":0,"victory":false,"master_deck":["Defend_G","Defend_G","Defend_G","Defend_G","Strike_G","Strike_G","Strike_G","Survivor","Neutralize","Dash","Dagger Spray","Dagger Spray","Blur","Blur","Wraith Form","Backflip","Venomology","After Image","Bouncing Flask","Wraith Form","Noxious Fumes","After Image","Caltrops"],"max_hp_per_floor":[70,70,70,70,70,70,70,70,70,70,70,70,70,70,70,70,70,70,70,70,70,70,70],"relics":["Ring of the Snake","Girya","Dream Catcher","Pantograph","Astrolabe"],"campfire_meditates":0,"card_choices":[{"not_picked":["Quick Slash","Deadly Poison"],"picked":"Dash"},{"not_picked":["Bane","Distraction"],"picked":"Dagger Spray"},{"not_picked":["Riddle With Holes","Dagger Throw"],"picked":"Dagger Spray"},{"not_picked":["Reflex","Outmaneuver"],"picked":"Blur"},{"not_picked":["Crippling Poison","Deadly Poison"],"picked":"Blur"},{"not_picked":["Slice","Dodge and Roll"],"picked":"Wraith Form"},{"not_picked":["Deflect","Slice"],"picked":"Backflip"},{"not_picked":["Burst","Bullet Time"],"picked":"Venomology"},{"not_picked":["Dagger Spray","Outmaneuver"],"picked":"Noxious Fumes"},{"not_picked":["Blur","Dash"],"picked":"Caltrops"}],"player_experience":51776,"potions_floor_usage":[6,16,21,24],"damage_taken":[{"damage":2,"enemies":"Small Slimes","floor":1,"turns":4},{"damage":2,"enemies":"2 Louse","floor":3,"turns":5},{"damage":23,"enemies":"Gremlin Nob","floor":6,"turns":5},{"damage":0,"enemies":"Blue Slaver","floor":8,"turns":5},{"damage":6,"enemies":"Large Slime","floor":13,"turns":6},{"damage":2,"enemies":"3 Louse","floor":14,"turns":3},{"damage":22,"enemies":"Slime Boss","floor":16,"turns":12},{"damage":21,"enemies":"2 Thieves","floor":18,"turns":5},{"damage":6,"enemies":"Spheric Guardian","floor":20,"turns":5},{"damage":16,"enemies":"Centurion and Healer","floor":21,"turns":9},{"damage":27,"enemies":"Snake Plant","floor":22,"turns":5},{"damage":20,"enemies":"3 Cultists","floor":24,"turns":4}],"event_choices":[{"event_name":"Big Fish","player_choice":"Box","floor":2,"damage_taken":0},{"event_name":"Shining Light","player_choice":"Entered Light","floor":4,"damage_taken":0},{"event_name":"World of Goop","player_choice":"Gather Gold","floor":5,"damage_taken":0},{"event_name":"Golden Wing","player_choice":"Card Removal","floor":11,"damage_taken":0},{"event_name":"Duplicator","player_choice":"One dupe","floor":19,"damage_taken":0}],"boss_relics":[{"not_picked":["Runic Dome","Philosopher\u0027s Stone"],"picked":"Astrolabe"}],"potions_floor_spawned":[3,6,13],"seed_played":"-4145666058646895855","killed_by":"3 Cultists","is_trial":false}