{"gold_per_floor":[111,111,111,36,36,69,69,89,89,89,89,109,84,100,100,198,198,214,214,229,229,239,239,239,271,348,364,364,377,377,403,403,403],"floor_reached":33,"playtime":4711,"items_purged":["Defend_B"],"score":325,"play_id":"a311a0ef-e577-485d-a1e6-a20015885ed2","local_time":"20190716021948","is_ascension_mode":true,"campfire_choices":[{"floor":7,"key":"REST"},{"data":"Machine Learning","floor":10,"key":"SMITH"},{"floor":15,"key":"REST"},{"floor":23,"key":"REST"},{"floor":28,"key":"REST"},{"floor":30,"key":"REST"},{"floor":32,"key":"REST"}],"neow_cost":"NONE","seed_source_timestamp":50925692486306,"circlet_count":0,"master_deck":["Strike_B","Strike_B+1","Defend_B","Defend_B+1","Defend_B","Zap","Dualcast","Machine Learning+1","Leap","Chill","Melter","Streamline","Sweeping Beam","Stack","Cold Snap","Go for the Eyes","Rainbow","Ball Lightning","Compile Driver+1","Streamline","Double Energy+1","Chaos","Self Repair","BootSequence+1","Beam Cell+1","Doom and Gloom","Redo+1","Tempest+1"],"relics":["Cracked Core","Dream Catcher","Lantern","Omamori","Gremlin Horn","Fusion Hammer","SsserpentHead","Mango","Mummified Hand","Frozen Egg 2"],"potions_floor_usage":[16,22,25,25,33],"damage_taken":[{"damage":8,"enemies":"Small Slimes","floor":1,"turns":5},{"damage":16,"enemies":"Lagavulin","floor":6,"turns":8},{"damage":0,"enemies":"Jaw Worm","floor":8,"turns":2},{"damage":0,"enemies":"Cultist","floor":12,"turns":2},{"damage":10,"enemies":"Large Slime","floor":14,"turns":4},{"damage":17,"enemies":"Hexaghost","floor":16,"turns":10},{"damage":0,"enemies":"3 Byrds","floor":18,"turns":5},{"damage":27,"enemies":"2 Thieves","floor":20,"turns":3},{"damage":4,"enemies":"Chosen and Byrds","floor":22,"turns":4},{"damage":39,"enemies":"Slavers","floor":25,"turns":4},{"damage":18,"enemies":"Shelled Parasite and Fungi","floor":27,"turns":4},{"damage":7,"enemies":"Snecko","floor":29,"turns":4},{"damage":21,"enemies":"Book of Stabbing","floor":31,"turns":5},{"damage":82,"enemies":"Collector","floor":33,"turns":8}],"seed_played":"-913502760245192852","potions_obtained":[{"floor":1,"key":"Energy Potion"},{"floor":6,"key":"Swift Potion"},{"floor":8,"key":"SkillPotion"},{"floor":16,"key":"Ancient Potion"},{"floor":18,"key":"Ancient Potion"},{"floor":22,"key":"Explosive Potion"},{"floor":25,"key":"PowerPotion"}],"is_trial":false,"path_per_floor":["M","?","?","$","T","E","R","M","T","R","?","M","$","M","R","B",null,"M","?","M","?","M","R","?","E","T","M","R","M","R","E","R","B"],"character_chosen":"DEFECT","items_purchased":["Stack"],"campfire_rested":6,"item_purchase_floors":[13],"current_hp_per_floor":[67,67,52,52,52,36,58,58,58,58,58,58,58,48,70,53,75,75,75,48,48,44,66,66,41,41,23,49,49,75,54,80,0],"gold":403,"neow_bonus":"ONE_RANDOM_RARE_CARD","is_prod":false,"is_daily":false,"chose_seed":false,"campfire_upgraded":1,"win_rate":0,"timestamp":1563261588,"path_taken":["M","?","?","$","?","E","R","?","T","R","?","M","?","M","R","BOSS","M","?","?","?","?","R","?","E","T","M","R","M","R","E","R","BOSS"],"build_version":"2019-07-05","purchased_purges":1,"victory":false,"max_hp_per_floor":[75,75,75,75,75,75,75,75,75,75,75,75,75,75,75,75,75,75,75,75,75,75,75,75,89,89,89,89,89,89,89,89,89],"card_choices":[{"not_picked":["Consume","Lockon"],"picked":"Leap","floor":1},{"not_picked":["Rip and Tear","Force Field"],"picked":"Melter","floor":6},{"not_picked":["Chill","Coolheaded"],"picked":"Streamline","floor":7},{"not_picked":["Machine Learning","Force Field"],"picked":"Sweeping Beam","floor":8},{"not_picked":["Cold Snap","Barrage"],"picked":"Chill","floor":12},{"not_picked":["Darkness","Hello World"],"picked":"Cold Snap","floor":14},{"not_picked":["Aggregate","Redo"],"picked":"Go for the Eyes","floor":15},{"not_picked":["Biased Cognition","Thunder Strike"],"picked":"Rainbow","floor":16},{"not_picked":["Tempest+1","Loop"],"picked":"Ball Lightning","floor":18},{"not_picked":["Ball Lightning","Hologram"],"picked":"Compile Driver+1","floor":20},{"not_picked":["Ball Lightning","Storm+1"],"picked":"Streamline","floor":22},{"not_picked":["Streamline","Compile Driver"],"picked":"Double Energy+1","floor":23},{"not_picked":["Aggregate","Redo"],"picked":"Chaos","floor":25},{"not_picked":["Stack","Barrage"],"picked":"Self Repair","floor":27},{"not_picked":["Redo","Blizzard"],"picked":"BootSequence+1","floor":28},{"not_picked":["Compile Driver","Sunder"],"picked":"Beam Cell+1","floor":29},{"not_picked":["Hologram","Recycle"],"picked":"Doom and Gloom","floor":30},{"not_picked":["Thunder Strike","Sweeping Beam"],"picked":"Redo+1","floor":31},{"not_picked":["Genetic Algorithm","Scrape"],"picked":"Tempest+1","floor":32}],"player_experience":358027,"relics_obtained":[{"floor":5,"key":"Dream Catcher"},{"floor":6,"key":"Lantern"},{"floor":9,"key":"Omamori"},{"floor":25,"key":"Mango"},{"floor":26,"key":"Mummified Hand"},{"floor":31,"key":"Frozen Egg 2"}],"event_choices":[{"damage_healed":0,"gold_gain":0,"cards_transformed":["Strike_B"],"player_choice":"Change","damage_taken":0,"max_hp_gain":0,"max_hp_loss":0,"event_name":"Living Wall","floor":2,"gold_loss":0,"cards_obtained":["Chill"]},{"damage_healed":0,"gold_gain":0,"player_choice":"Entered Light","damage_taken":15,"max_hp_gain":0,"max_hp_loss":0,"event_name":"Shining Light","floor":3,"gold_loss":0,"cards_upgraded":["Strike_B","Defend_B"]},{"damage_healed":0,"gold_gain":0,"player_choice":"Searched \u00272\u0027 times","damage_taken":0,"relics_obtained":["Gremlin Horn"],"max_hp_gain":0,"max_hp_loss":0,"event_name":"Dead Adventurer","floor":11,"gold_loss":0},{"cards_removed":["Chill"],"damage_healed":0,"gold_gain":0,"player_choice":"Offered Uncommon","damage_taken":0,"max_hp_gain":0,"max_hp_loss":0,"event_name":"Bonfire Elementals","floor":19,"gold_loss":0},{"cards_removed":["Strike_B"],"damage_healed":0,"gold_gain":0,"player_choice":"Purged","damage_taken":0,"max_hp_gain":0,"max_hp_loss":0,"event_name":"Purifier","floor":21,"gold_loss":0},{"damage_healed":0,"gold_gain":0,"player_choice":"Trade","damage_taken":0,"relics_obtained":["SsserpentHead"],"max_hp_gain":0,"max_hp_loss":0,"event_name":"FaceTrader","floor":24,"gold_loss":0}],"is_beta":false,"boss_relics":[{"not_picked":["Empty Cage","FrozenCore"],"picked":"Fusion Hammer"}],"items_purged_floors":[4],"is_endless":false,"potions_floor_spawned":[1,6,8,16,18,22,25],"killed_by":"Collector","ascension_level":3}