{"gold_per_floor":[117,117,131,231,251,251,280,291,291,306,319,269,269,279,279,377,377,388,303,319,336,223,223,236,255,282,282,317,141,167,167],"floor_reached":31,"playtime":3283,"items_purged":["Strike_B","Strike_B"],"score":374,"play_id":"9107da31-81ea-41d6-97c9-523885ed05b3","local_time":"20190720170408","is_ascension_mode":true,"campfire_choices":[{"floor":6,"key":"REST"},{"floor":13,"key":"REST"},{"floor":15,"key":"REST"},{"floor":23,"key":"REST"},{"floor":27,"key":"REST"}],"neow_cost":"PERCENT_DAMAGE","seed_source_timestamp":15528392073173,"circlet_count":0,"master_deck":["Strike_B","Defend_B","Defend_B","Defend_B","Defend_B","Zap","Dualcast","Rebound","Sweeping Beam","Darkness","Loop","Undo","Storm","BootSequence","Sunder+1","Hologram","Cold Snap+1","Genetic Algorithm","Creative AI","Static Discharge","Lockon+1","Cold Snap+1","Melter+1","Compile Driver+1","Leap","Rebound+1","Ball Lightning+1","Ball Lightning+1","Self Repair","Ball Lightning+1"],"relics":["Cracked Core","Dream Catcher","Girya","Molten Egg 2","Fusion Hammer","PreservedInsect","Ancient Tea Set","Cables","Bag of Marbles"],"potions_floor_usage":[21,24,30,30],"damage_taken":[{"damage":1,"enemies":"2 Louse","floor":1,"turns":2},{"damage":5,"enemies":"Small Slimes","floor":3,"turns":4},{"damage":1,"enemies":"Cultist","floor":5,"turns":3},{"damage":30,"enemies":"Lagavulin","floor":7,"turns":5},{"damage":3,"enemies":"Blue Slaver","floor":8,"turns":3},{"damage":11,"enemies":"2 Fungi Beasts","floor":10,"turns":4},{"damage":7,"enemies":"Exordium Thugs","floor":11,"turns":5},{"damage":16,"enemies":"Large Slime","floor":14,"turns":5},{"damage":32,"enemies":"The Guardian","floor":16,"turns":11},{"damage":12,"enemies":"Chosen","floor":18,"turns":5},{"damage":9,"enemies":"Shell Parasite","floor":20,"turns":3},{"damage":16,"enemies":"Snake Plant","floor":21,"turns":3},{"damage":12,"enemies":"Centurion and Healer","floor":24,"turns":3},{"damage":19,"enemies":"Snecko","floor":25,"turns":5},{"damage":17,"enemies":"Book of Stabbing","floor":28,"turns":4},{"damage":27,"enemies":"Slavers","floor":30,"turns":4}],"seed_played":"8136604991472324000","potions_obtained":[{"floor":1,"key":"GamblersBrew"},{"floor":5,"key":"Weak Potion"},{"floor":14,"key":"Energy Potion"},{"floor":16,"key":"Block Potion"},{"floor":21,"key":"Explosive Potion"},{"floor":24,"key":"LiquidBronze"},{"floor":30,"key":"SneckoOil"}],"is_trial":false,"path_per_floor":["M","?","M","?","M","R","E","M","T","M","M","?","R","M","R","B",null,"M","?","M","M","$","R","M","M","T","R","E","$","E","?"],"character_chosen":"DEFECT","items_purchased":["Melter+1","Self Repair"],"campfire_rested":5,"item_purchase_floors":[22,29],"current_hp_per_floor":[67,60,55,55,54,80,50,47,47,36,29,29,55,39,65,33,75,63,63,54,38,38,64,52,33,33,59,42,42,15,0],"gold":167,"neow_bonus":"TWENTY_PERCENT_HP_BONUS","is_prod":false,"is_daily":false,"chose_seed":false,"campfire_upgraded":0,"win_rate":0,"timestamp":1563660248,"path_taken":["M","?","M","?","?","R","E","M","T","M","M","?","R","M","R","BOSS","M","?","M","M","$","R","M","M","T","R","E","$","E","?"],"build_version":"2019-07-17","purchased_purges":2,"victory":false,"max_hp_per_floor":[89,89,89,89,89,89,89,89,89,89,89,89,89,89,89,89,89,89,89,89,89,89,89,89,89,89,89,89,89,89,94],"card_choices":[{"not_picked":["Reprogram","Barrage"],"picked":"Rebound","floor":1},{"not_picked":["Fusion","Redo"],"picked":"Sweeping Beam","floor":3},{"not_picked":["Beam Cell","Redo"],"picked":"Darkness","floor":5},{"not_picked":["Redo","Heatsinks"],"picked":"Loop","floor":6},{"not_picked":["Scrape","Auto Shields"],"picked":"Undo","floor":7},{"not_picked":["Stack","Multi-Cast"],"picked":"Storm","floor":8},{"not_picked":["Gash+1","Turbo"],"picked":"BootSequence","floor":10},{"not_picked":["Double Energy","Force Field"],"picked":"Sunder+1","floor":11},{"not_picked":["Redo","Rip and Tear+1"],"picked":"Hologram","floor":13},{"not_picked":["Core Surge+1","Coolheaded"],"picked":"Cold Snap+1","floor":14},{"not_picked":["Gash+1","Turbo"],"picked":"Genetic Algorithm","floor":15},{"not_picked":["Hyperbeam+1","Seek"],"picked":"Creative AI","floor":16},{"not_picked":["Hologram","Redo+1"],"picked":"Static Discharge","floor":18},{"not_picked":["Scrape+1","Coolheaded"],"picked":"Lockon+1","floor":20},{"not_picked":["Go for the Eyes+1","Tempest"],"picked":"Cold Snap+1","floor":21},{"not_picked":["Sunder+1","Capacitor"],"picked":"Compile Driver+1","floor":23},{"not_picked":["Redo","Hologram"],"picked":"Leap","floor":24},{"not_picked":["Consume","Gash+1"],"picked":"Rebound+1","floor":25},{"not_picked":["Doom and Gloom+1","Sweeping Beam+1"],"picked":"Ball Lightning+1","floor":27},{"not_picked":["Cold Snap+1","Compile Driver+1"],"picked":"Ball Lightning+1","floor":28},{"not_picked":["Hello World+1","Buffer"],"picked":"Ball Lightning+1","floor":30}],"player_experience":438209,"relics_obtained":[{"floor":7,"key":"Girya"},{"floor":9,"key":"Molten Egg 2"},{"floor":26,"key":"Ancient Tea Set"},{"floor":28,"key":"Cables"},{"floor":30,"key":"Bag of Marbles"}],"event_choices":[{"damage_healed":0,"gold_gain":0,"player_choice":"Success","damage_taken":7,"relics_obtained":["Dream Catcher"],"max_hp_gain":0,"max_hp_loss":0,"event_name":"Scrap Ooze","floor":2,"gold_loss":0},{"damage_healed":0,"gold_gain":100,"player_choice":"Pray","damage_taken":0,"max_hp_gain":0,"max_hp_loss":0,"event_name":"Golden Shrine","floor":4,"gold_loss":0},{"cards_removed":["Strike_B"],"damage_healed":0,"gold_gain":0,"player_choice":"Card Removal","damage_taken":0,"max_hp_gain":0,"max_hp_loss":0,"event_name":"The Cleric","floor":12,"gold_loss":50},{"damage_healed":0,"gold_gain":0,"player_choice":"Obtained Relic","damage_taken":0,"relics_obtained":["PreservedInsect"],"max_hp_gain":0,"max_hp_loss":0,"event_name":"Addict","floor":19,"gold_loss":85}],"is_beta":false,"boss_relics":[{"not_picked":["Calling Bell","Velvet Choker"],"picked":"Fusion Hammer"}],"items_purged_floors":[22,29],"is_endless":false,"potions_floor_spawned":[1,5,14,16,20,21,24,30],"ascension_level":5}