{"gold_per_floor":[16,16,79,129,147,147,163,188,212,271,200,150,161,9,9,112,112,131,181,197,109,179,179,211,211,236,236],"floor_reached":27,"playtime":5866,"items_purged":["Strike_G","Strike_G","Strike_G","Strike_G"],"score":289,"play_id":"1d0fb56d-afb1-4a18-b8cf-9f07783f4ec9","local_time":"20190724144643","is_ascension_mode":true,"campfire_choices":[{"floor":6,"key":"REST"},{"floor":15,"key":"REST"},{"floor":23,"key":"REST"},{"floor":25,"key":"REST"}],"neow_cost":"NO_GOLD","seed_source_timestamp":16865412884969,"circlet_count":0,"master_deck":["Defend_G","Defend_G","Defend_G","Defend_G","Defend_G","Survivor","Neutralize","Heel Hook","Cloak And Dagger","Quick Slash","Cloak And Dagger","Footwork","Poisoned Stab","Infinite Blades","Tools of the Trade","Accuracy","Cloak And Dagger","Corpse Explosion","Sucker Punch+1","Accuracy","Dash+1"],"relics":["Ring of the Serpent","SsserpentHead","Smiling Mask","Pen Nib","Tiny Chest","Omamori","Oddly Smooth Stone"],"potions_floor_usage":[8,8,13,22,24,24],"damage_taken":[{"damage":13,"enemies":"Cultist","floor":1,"turns":7},{"damage":11,"enemies":"Small Slimes","floor":3,"turns":5},{"damage":0,"enemies":"Jaw Worm","floor":5,"turns":4},{"damage":0,"enemies":"Exordium Wildlife","floor":7,"turns":3},{"damage":22,"enemies":"Lagavulin","floor":8,"turns":9},{"damage":50,"enemies":"Gremlin Nob","floor":10,"turns":6},{"damage":5,"enemies":"Exordium Thugs","floor":13,"turns":4},{"damage":8,"enemies":"Hexaghost","floor":16,"turns":11},{"damage":46,"enemies":"2 Thieves","floor":18,"turns":4},{"damage":11,"enemies":"Spheric Guardian","floor":20,"turns":6},{"damage":2,"enemies":"Snecko","floor":22,"turns":6},{"damage":46,"enemies":"Gremlin Leader","floor":24,"turns":9},{"damage":31,"enemies":"Book of Stabbing","floor":27,"turns":5}],"seed_played":"-2785564463538566437","potions_obtained":[{"floor":3,"key":"Block Potion"},{"floor":5,"key":"Weak Potion"},{"floor":7,"key":"Energy Potion"},{"floor":13,"key":"GamblersBrew"},{"floor":16,"key":"Dexterity Potion"},{"floor":18,"key":"EssenceOfSteel"},{"floor":22,"key":"Weak Potion"}],"is_trial":false,"path_per_floor":["M","?","M","?","M","R","M","E","T","E","$","$","M","$","R","B",null,"M","?","M","$","M","R","E","R","T","E"],"character_chosen":"THE_SILENT","items_purchased":["Infinite Blades","Accuracy","Cloak And Dagger","Accuracy"],"campfire_rested":4,"item_purchase_floors":[11,14,14,21],"current_hp_per_floor":[71,71,60,60,60,84,84,62,62,12,12,12,7,7,32,24,84,38,38,27,27,25,50,4,29,29,0],"gold":236,"neow_bonus":"TWENTY_PERCENT_HP_BONUS","is_prod":false,"is_daily":false,"chose_seed":false,"campfire_upgraded":0,"win_rate":0,"timestamp":1563997603,"path_taken":["M","?","?","?","M","R","M","E","T","E","?","$","M","$","R","BOSS","M","?","M","$","?","R","E","R","T","E"],"build_version":"2019-07-17","purchased_purges":4,"victory":false,"max_hp_per_floor":[84,84,84,84,84,84,84,84,84,84,84,84,84,84,84,84,84,84,84,84,84,84,84,84,84,84,84],"card_choices":[{"not_picked":["Blade Dance","Escape Plan"],"picked":"Heel Hook","floor":1},{"not_picked":["Dagger Throw","Endless Agony"],"picked":"Cloak And Dagger","floor":3},{"not_picked":["Tactician","Underhanded Strike"],"picked":"Quick Slash","floor":5},{"not_picked":["Caltrops","Outmaneuver"],"picked":"Cloak And Dagger","floor":7},{"not_picked":["Predator","Backflip"],"picked":"Footwork","floor":8},{"not_picked":["Outmaneuver","Distraction"],"picked":"Poisoned Stab","floor":10},{"not_picked":["Dagger Throw","Tactician"],"picked":"Tools of the Trade","floor":13},{"not_picked":["Unload","Doppelganger"],"picked":"Corpse Explosion","floor":16},{"not_picked":["Deadly Poison","All Out Attack+1"],"picked":"Sucker Punch+1","floor":18},{"not_picked":["Caltrops","Skewer","Deflect"],"picked":"SKIP","floor":20},{"not_picked":["Concentrate+1","Distraction","Bane"],"picked":"SKIP","floor":22},{"not_picked":["Slice","Deadly Poison"],"picked":"Dash+1","floor":24}],"player_experience":585370,"relics_obtained":[{"floor":8,"key":"Smiling Mask"},{"floor":9,"key":"Pen Nib"},{"floor":10,"key":"Tiny Chest"},{"floor":24,"key":"Omamori"},{"floor":26,"key":"Oddly Smooth Stone"}],"event_choices":[{"damage_healed":0,"gold_gain":0,"player_choice":"Trade","damage_taken":0,"relics_obtained":["SsserpentHead"],"max_hp_gain":0,"max_hp_loss":0,"event_name":"FaceTrader","floor":2,"gold_loss":0},{"damage_healed":0,"gold_gain":0,"player_choice":"Ignored","damage_taken":0,"max_hp_gain":0,"max_hp_loss":0,"event_name":"Liars Game","floor":4,"gold_loss":0},{"cards_removed":["Strike_G"],"damage_healed":0,"gold_gain":0,"player_choice":"Purged","damage_taken":0,"max_hp_gain":0,"max_hp_loss":0,"event_name":"Purifier","floor":19,"gold_loss":0}],"is_beta":false,"boss_relics":[{"not_picked":["Tiny House","Ectoplasm"],"picked":"Ring of the Serpent"}],"items_purged_floors":[11,12,14,21],"is_endless":false,"potions_floor_spawned":[3,5,7,13,16,18,22],"killed_by":"Book of Stabbing","ascension_level":4}