{"path_per_floor":["M","$","M","M","M","M","R","M","T","E","M","M","R","M","R","B",null,"M","M","M","$"],"character_chosen":"DEFECT","items_purchased":["Defragment","Ball Lightning","Oddly Smooth Stone","FTL"],"gold_per_floor":[115,13,29,39,53,63,63,80,80,115,131,142,142,152,152,252,252,264,274,284,51,51],"floor_reached":22,"campfire_rested":1,"playtime":1165,"current_hp_per_floor":[74,74,67,62,44,32,32,25,25,31,24,14,40,40,40,13,89,53,40,20,20,0],"items_purged":[],"gold":51,"score":194,"play_id":"b69fbec0-c538-40a7-9b2c-cf07919311c0","local_time":"20180430225343","is_prod":false,"is_daily":false,"chose_seed":false,"is_ascension_mode":false,"campfire_upgraded":2,"timestamp":1525118023,"path_taken":["M","$","M","M","M","M","R","M","T","E","M","M","R","?","R","BOSS","M","M","M","$","M"],"build_version":"2018-04-27v3","seed_source_timestamp":707346286426980,"purchased_purges":0,"victory":false,"master_deck":["Strike_B","Strike_B","Strike_B","Strike_B","Defend_B","Defend_B","Defend_B","Defend_B","Zap","Dualcast","Axe Kick","Stack","Defragment+1","Ball Lightning","Storm","Stack","Sunder","Ball Lightning","Reinforced Body","Skim","Tempest+1","Creative AI","Impulse","Auto Shields","Static Discharge","FTL"],"max_hp_per_floor":[75,75,75,75,75,75,75,75,75,89,89,89,89,89,89,89,89,89,89,89,89,89],"relics":["Cracked Core","Matryoshka","Mango","Eternal Feather","Oddly Smooth Stone"],"card_choices":[{"not_picked":["Stack","Rebound"],"picked":"Axe Kick","floor":0.0},{"not_picked":["Axe Kick","Hello World"],"picked":"Stack","floor":1.0},{"not_picked":["Reinforced Body","Blaster"],"picked":"Storm","floor":3.0},{"not_picked":["Cold Snap","Sweeping Beam"],"picked":"Stack","floor":4.0},{"not_picked":["Chill","Axe Kick"],"picked":"Sunder","floor":5.0},{"not_picked":["Beam Cell","Stack"],"picked":"Ball Lightning","floor":6.0},{"not_picked":["Cold Snap","All For One"],"picked":"Reinforced Body","floor":8.0},{"not_picked":["Go for the Eyes","Glacier"],"picked":"Skim","floor":11.0},{"not_picked":["Buffer","Cold Snap"],"picked":"Tempest","floor":14.0},{"not_picked":["Fusion","Reboot"],"picked":"Creative AI","floor":16.0},{"not_picked":["Turbo","Sunder"],"picked":"Impulse","floor":18.0},{"not_picked":["Barrage","Impulse"],"picked":"Auto Shields","floor":19},{"not_picked":["Ball Lightning","Capacitor"],"picked":"Static Discharge","floor":20}],"player_experience":106663,"potions_floor_usage":[19],"damage_taken":[{"damage":1.0,"enemies":"Cultist","floor":1.0,"turns":3.0},{"damage":7.0,"enemies":"2 Louse","floor":3.0,"turns":2.0},{"damage":5.0,"enemies":"Small Slimes","floor":4.0,"turns":3.0},{"damage":18.0,"enemies":"3 Louse","floor":5.0,"turns":3.0},{"damage":12.0,"enemies":"Blue Slaver","floor":6.0,"turns":3.0},{"damage":7.0,"enemies":"Looter","floor":8.0,"turns":3.0},{"damage":8.0,"enemies":"Lagavulin","floor":10.0,"turns":5.0},{"damage":7.0,"enemies":"Red Slaver","floor":11.0,"turns":5.0},{"damage":10.0,"enemies":"3 Louse","floor":12.0,"turns":4.0},{"damage":0.0,"enemies":"Large Slime","floor":14.0,"turns":3.0},{"damage":27.0,"enemies":"Hexaghost","floor":16.0,"turns":10.0},{"damage":36.0,"enemies":"2 Thieves","floor":18.0,"turns":4.0},{"damage":13,"enemies":"Spheric Guardian","floor":19,"turns":4},{"damage":20,"enemies":"Snake Plant","floor":20,"turns":4},{"damage":27,"enemies":"3 Cultists","floor":22,"turns":3}],"event_choices":[],"boss_relics":[],"potions_floor_spawned":[1,5,10,16],"seed_played":"6963976515924523476","killed_by":"3 Cultists","ascension_level":0,"is_trial":false}