{"gold_per_floor":[209,224,224,224,187,187,187,197,197,211,157,191,201,0,0,96,96,116,131,131,131,131,162,162,190,190,206,206,131,149,149,149,251,251,267,283,170,185,185,203,203,220,247,247,276,276,76,94,94,94],"floor_reached":51,"playtime":1157,"items_purged":["Strike_R+1","Strike_R+1"],"score":740,"play_id":"82418d60-596e-4f09-b24c-31b70ee9386a","local_time":"20190126034401","is_ascension_mode":false,"campfire_choices":[{"data":"Spot Weakness","floor":6,"key":"SMITH"},{"data":"Sword Boomerang","floor":15,"key":"SMITH"},{"data":"Limit Break","floor":24,"key":"SMITH"},{"data":"Sword Boomerang","floor":28,"key":"SMITH"},{"floor":32,"key":"REST"},{"data":"Whirlwind","floor":41,"key":"SMITH"},{"floor":44,"key":"REST"},{"floor":46,"key":"REST"},{"data":"Strike_R+1","floor":49,"key":"PURGE"}],"neow_cost":"NONE","seed_source_timestamp":540348388822471,"circlet_count":0,"master_deck":["Strike_R+1","Strike_R+1","Defend_R+1","Defend_R+1","Defend_R+1","Defend_R+1","Bash+1","Spot Weakness+1","Sword Boomerang+1","Limit Break+1","Sword Boomerang+1","Whirlwind+1"],"relics":["Black Blood","Pear","Meat on the Bone","Membership Card","Busted Crown","Boot","Ornamental Fan","Frozen Egg 2","Anchor","Vajra","Oddly Smooth Stone","Peace Pipe","Torii"],"potions_floor_usage":[12,16,50,50],"damage_taken":[{"damage":3,"enemies":"2 Louse","floor":1,"turns":3},{"damage":10,"enemies":"Jaw Worm","floor":2,"turns":4},{"damage":1,"enemies":"Cultist","floor":8,"turns":4},{"damage":13,"enemies":"Red Slaver","floor":10,"turns":3},{"damage":13,"enemies":"3 Sentries","floor":12,"turns":7},{"damage":3,"enemies":"3 Louse","floor":13,"turns":4},{"damage":19,"enemies":"Slime Boss","floor":16,"turns":12},{"damage":22,"enemies":"2 Thieves","floor":18,"turns":3},{"damage":12,"enemies":"Shell Parasite","floor":19,"turns":4},{"damage":11,"enemies":"Book of Stabbing","floor":23,"turns":4},{"damage":22,"enemies":"Gremlin Leader","floor":25,"turns":5},{"damage":14,"enemies":"Shelled Parasite and Fungi","floor":27,"turns":3},{"damage":6,"enemies":"Centurion and Healer","floor":30,"turns":4},{"damage":40,"enemies":"Champ","floor":33,"turns":8},{"damage":7,"enemies":"Orb Walker","floor":35,"turns":3},{"damage":21,"enemies":"3 Darklings","floor":36,"turns":5},{"damage":30,"enemies":"Maw","floor":38,"turns":7},{"damage":30,"enemies":"Sphere and 2 Shapes","floor":40,"turns":7},{"damage":28,"enemies":"3 Darklings","floor":42,"turns":3},{"damage":26,"enemies":"Reptomancer","floor":45,"turns":4},{"damage":7,"enemies":"Writhing Mass","floor":48,"turns":4},{"damage":66,"enemies":"Time Eater","floor":50,"turns":7}],"seed_played":"-6096176499833101261","potions_obtained":[{"floor":2,"key":"Explosive Potion"},{"floor":13,"key":"Fire Potion"},{"floor":16,"key":"Swift Potion"},{"floor":18,"key":"EssenceOfSteel"},{"floor":23,"key":"GamblersBrew"},{"floor":33,"key":"FairyPotion"},{"floor":45,"key":"Regen Potion"}],"is_trial":false,"path_per_floor":["M","M","?","?","$","R","?","M","T","M","$","E","M","$","R","B",null,"M","M","?","?","$","E","R","E","T","M","R","$","M","?","R","B",null,"M","M","$","M","?","M","R","M","T","R","E","R","$","M","R","B",null],"character_chosen":"IRONCLAD","items_purchased":["Spot Weakness","Sword Boomerang","Membership Card","Anchor","Vajra","Torii"],"campfire_rested":3,"item_purchase_floors":[5,11,14,29,37,47],"current_hp_per_floor":[80,76,60,60,60,60,60,65,75,68,68,61,64,64,64,63,90,74,68,68,68,68,63,63,59,59,63,63,63,63,45,73,51,95,95,84,84,64,64,56,56,50,50,78,62,90,90,93,93,61],"gold":94,"neow_bonus":"HUNDRED_GOLD","is_prod":false,"is_daily":false,"chose_seed":false,"campfire_upgraded":5,"win_rate":0,"timestamp":1548467041,"path_taken":["M","M","?","?","$","R","?","M","T","M","$","E","?","?","R","BOSS","M","M","?","?","$","E","R","E","T","M","R","$","M","?","R","BOSS","M","M","$","M","?","?","R","M","T","R","E","R","$","M","R","BOSS"],"build_version":"2019-01-23","purchased_purges":2,"victory":true,"max_hp_per_floor":[80,80,80,80,80,80,80,80,90,90,90,90,90,90,90,90,90,90,90,90,90,90,90,90,90,90,90,90,90,90,95,95,95,95,95,95,95,95,95,95,95,95,95,95,95,95,95,95,95,95],"card_choices":[{"not_picked":["Thunderclap","Flex","Perfected Strike"],"picked":"SKIP","floor":1},{"not_picked":["Cleave","Clash","Warcry"],"picked":"SKIP","floor":2},{"not_picked":["Entrench","Power Through","Dropkick"],"picked":"SKIP","floor":8},{"not_picked":["Pommel Strike","Brutality","Rampage"],"picked":"SKIP","floor":10},{"not_picked":["Clothesline","Headbutt","Power Through"],"picked":"SKIP","floor":12},{"not_picked":["Wild Strike","Pommel Strike","Rampage"],"picked":"SKIP","floor":13},{"not_picked":["Berserk","Fiend Fire"],"picked":"Limit Break","floor":16},{"not_picked":["Disarm+1"],"picked":"SKIP","floor":18},{"not_picked":["Clothesline"],"picked":"SKIP","floor":19},{"not_picked":[],"picked":"Sword Boomerang","floor":23},{"not_picked":[],"picked":"Whirlwind","floor":25},{"not_picked":["Metallicize+1"],"picked":"SKIP","floor":27},{"not_picked":["Corruption+1"],"picked":"SKIP","floor":30},{"not_picked":["Searing Blow+1"],"picked":"SKIP","floor":35},{"not_picked":["Body Slam"],"picked":"SKIP","floor":36},{"not_picked":["True Grit"],"picked":"SKIP","floor":38},{"not_picked":["Metallicize+1"],"picked":"SKIP","floor":40},{"not_picked":["Cleave"],"picked":"SKIP","floor":42},{"not_picked":["Twin Strike"],"picked":"SKIP","floor":45},{"not_picked":["Feel No Pain+1"],"picked":"SKIP","floor":48}],"player_experience":572244,"relics_obtained":[{"floor":9,"key":"Pear"},{"floor":12,"key":"Meat on the Bone"},{"floor":23,"key":"Boot"},{"floor":25,"key":"Ornamental Fan"},{"floor":26,"key":"Frozen Egg 2"},{"floor":43,"key":"Oddly Smooth Stone"},{"floor":45,"key":"Peace Pipe"}],"event_choices":[{"damage_healed":0,"gold_gain":0,"player_choice":"Entered Light","damage_taken":16,"max_hp_gain":0,"max_hp_loss":0,"event_name":"Shining Light","floor":3,"gold_loss":0,"cards_upgraded":["Defend_R","Defend_R"]},{"damage_healed":0,"gold_gain":0,"player_choice":"Ignored","damage_taken":0,"max_hp_gain":0,"max_hp_loss":0,"event_name":"Golden Wing","floor":4,"gold_loss":0},{"damage_healed":0,"gold_gain":0,"player_choice":"Upgraded","damage_taken":0,"max_hp_gain":0,"max_hp_loss":0,"event_name":"Upgrade Shrine","floor":7,"gold_loss":0,"cards_upgraded":["Defend_R"]},{"damage_healed":0,"gold_gain":0,"player_choice":"Ignored","damage_taken":0,"max_hp_gain":0,"max_hp_loss":0,"event_name":"The Mausoleum","floor":20,"gold_loss":0},{"damage_healed":0,"gold_gain":0,"player_choice":"Simplicity","damage_taken":0,"max_hp_gain":0,"max_hp_loss":0,"event_name":"Back to Basics","floor":21,"gold_loss":0,"cards_upgraded":["Strike_R","Strike_R","Strike_R","Strike_R","Strike_R","Defend_R"]},{"damage_healed":0,"gold_gain":0,"player_choice":"Shed Blood","damage_taken":23,"max_hp_gain":5,"max_hp_loss":0,"event_name":"Forgotten Altar","floor":31,"gold_loss":0},{"damage_healed":0,"gold_gain":0,"player_choice":"Upgraded","damage_taken":0,"max_hp_gain":0,"max_hp_loss":0,"event_name":"Upgrade Shrine","floor":39,"gold_loss":0,"cards_upgraded":["Bash"]}],"is_beta":false,"boss_relics":[{"not_picked":["Mark of Pain","Sozu"],"picked":"Busted Crown"},{"not_picked":["Runic Pyramid","Orrery"],"picked":"Black Blood"}],"items_purged_floors":[37,47],"is_endless":false,"potions_floor_spawned":[2,13,16,18,23,27,33,36,38,45],"ascension_level":0}