{"path_per_floor":["M","M","M","M","?","M","R","$","T","R","?","M","?","M","R","B",null,"M","?","?","M","M","R","M","?","T","T","M","R","$","E","R"],"character_chosen":"THE_SILENT","items_purchased":["Noxious Fumes","Paper Crane"],"gold_per_floor":[119,133,146,161,236,254,254,101,101,101,101,121,121,137,137,236,236,254,204,204,224,238,238,250,175,198,198,213,213,13,48,48],"floor_reached":33,"campfire_rested":4,"playtime":3317,"current_hp_per_floor":[68,68,61,61,50,49,49,49,49,49,49,49,42,38,59,49,70,46,46,46,38,32,59,37,37,37,37,23,50,50,7,34],"items_purged":["Defend_G"],"gold":48,"score":259,"play_id":"027b6d68-398e-4a52-8fef-eca105e39173","is_prod":false,"is_daily":false,"is_ascension_mode":false,"campfire_upgraded":2,"path_taken":["M","M","M","M","?","M","R","$","T","R","?","M","?","M","R","BOSS","M","?","?","M","?","R","M","?","T","?","?","R","$","E","R","BOSS"],"build_version":"2018-02-05-BETA1","purchased_purges":1,"victory":false,"master_deck":["Defend_G","Defend_G","Defend_G","Defend_G","Strike_G","Strike_G","Survivor","Neutralize+1","Backflip","A Thousand Cuts+1","Sucker Punch","Choke","Noxious Fumes","Blade Dance","After Image","Calculated Gamble","Outmaneuver","Malaise+1","Bullet Time"],"max_hp_per_floor":[70,70,70,70,70,70,70,70,70,70,70,70,70,70,70,70,70,70,70,70,70,70,70,70,70,70,70,70,70,70,70,70],"relics":["Ring of the Snake","Eternal Feather","Nloth\u0027s Gift","Omamori","The Courier","Paper Crane","Juzu Bracelet"],"card_choices":[{"not_picked":["Cloak And Dagger","Outmaneuver"],"picked":"Backflip"},{"not_picked":["Quick Slash","Well Laid Plans"],"picked":"A Thousand Cuts"},{"not_picked":["Backflip","Cloak And Dagger"],"picked":"Sucker Punch"},{"not_picked":["Sucker Punch","Setup"],"picked":"Choke"},{"not_picked":["Dagger Throw","Bane"],"picked":"Blade Dance"},{"not_picked":["Die Die Die","Night Terror"],"picked":"After Image"},{"not_picked":["Cloak And Dagger","Acrobatics"],"picked":"Calculated Gamble"},{"not_picked":["Dagger Throw","Distraction"],"picked":"Outmaneuver"},{"not_picked":["Bane","Caltrops"],"picked":"Malaise"},{"not_picked":["Unload","Deflect"],"picked":"Bullet Time"}],"player_experience":243280,"potions_floor_usage":[4,12,16,22,24,31],"damage_taken":[{"damage":2,"enemies":"Cultist","floor":1,"turns":6},{"damage":0,"enemies":"2 Louse","floor":2,"turns":3},{"damage":7,"enemies":"Jaw Worm","floor":3,"turns":9},{"damage":0,"enemies":"3 Louse","floor":4,"turns":4},{"damage":1,"enemies":"Exordium Thugs","floor":6,"turns":7},{"damage":0,"enemies":"2 Fungi Beasts","floor":12,"turns":2},{"damage":4,"enemies":"Looter","floor":14,"turns":3},{"damage":10,"enemies":"The Guardian","floor":16,"turns":11},{"damage":24,"enemies":"Chosen","floor":18,"turns":7},{"damage":8,"enemies":"Shell Parasite","floor":21,"turns":9},{"damage":6,"enemies":"Snecko","floor":22,"turns":7},{"damage":22,"enemies":"Centurion and Healer","floor":24,"turns":9},{"damage":14,"enemies":"Snake Plant","floor":28,"turns":6},{"damage":43,"enemies":"Slavers","floor":31,"turns":6},{"damage":37,"enemies":"Champ","floor":33,"turns":14}],"event_choices":[{"event_name":"World of Goop","player_choice":"Gather Gold","floor":5,"damage_taken":0},{"event_name":"Liars Game","player_choice":"disagreed","floor":11,"damage_taken":0},{"event_name":"Golden Wing","player_choice":"Card Removal","floor":13,"damage_taken":0},{"event_name":"The Joust","player_choice":"Bet on Murderer","floor":19,"damage_taken":0},{"event_name":"N\u0027loth","player_choice":"Traded a Frozen Eye","floor":20,"damage_taken":0},{"event_name":"Beggar","player_choice":"Gave Gold","floor":25,"damage_taken":0}],"boss_relics":[{"not_picked":["Orrery","Philosopher\u0027s Stone"],"picked":"Eternal Feather"}],"potions_floor_spawned":[3,6,14,18,21,24],"seed_played":"3674117200944135578","killed_by":"Champ","ascension_level":0,"is_trial":false}