{"gold_per_floor":[367,44,60,70,245,245,274,274,274,288,302,318,393,39,39,143,143,156,168,168,168,82,82,82],"floor_reached":24,"playtime":874,"items_purged":["Doubt"],"score":196,"play_id":"ac9116d1-aeda-4a66-91b3-ca12c0a1ebce","local_time":"20190715075405","is_ascension_mode":false,"campfire_choices":[{"data":"Defend_R","floor":6.0,"key":"SMITH"},{"data":"Defend_R","floor":8.0,"key":"SMITH"},{"data":"Defend_R","floor":15.0,"key":"SMITH"},{"data":"Defend_R","floor":23.0,"key":"SMITH"}],"neow_cost":"PERCENT_DAMAGE","seed_source_timestamp":70908690126300,"circlet_count":0,"master_deck":["Strike_R","Strike_R","Strike_R","Strike_R","Strike_R","Defend_R+1","Defend_R+1","Defend_R+1","Defend_R+1","Bash","Ghostly Armor+1","Good Instincts+1","Metallicize+1","Impervious+1","Flame Barrier+1","Blind+1"],"special_seed":0,"relics":["Burning Blood","Toxic Egg 2","Frozen Egg 2","Blue Candle","Anchor","Cursed Key"],"potions_floor_usage":[],"damage_taken":[{"damage":6.0,"enemies":"Jaw Worm","floor":1.0,"turns":3.0},{"damage":6.0,"enemies":"2 Louse","floor":3.0,"turns":3.0},{"damage":5.0,"enemies":"Small Slimes","floor":4.0,"turns":4.0},{"damage":42.0,"enemies":"3 Sentries","floor":7.0,"turns":15.0},{"damage":4.0,"enemies":"Blue Slaver","floor":10.0,"turns":5.0},{"damage":10.0,"enemies":"Looter","floor":11.0,"turns":4.0},{"damage":10.0,"enemies":"Exordium Thugs","floor":12.0,"turns":8.0},{"damage":10.0,"enemies":"The Guardian","floor":16.0,"turns":19.0},{"damage":11.0,"enemies":"Chosen","floor":18.0,"turns":8.0},{"damage":0.0,"enemies":"Shell Parasite","floor":19.0,"turns":11.0},{"damage":72,"enemies":"Gremlin Leader","floor":24,"turns":9}],"seed_played":"-5770644751714590455","potions_obtained":[{"floor":3.0,"key":"GamblersBrew"},{"floor":7.0,"key":"SkillPotion"},{"floor":10.0,"key":"Regen Potion"},{"floor":11.0,"key":"FearPotion"},{"floor":19.0,"key":"FearPotion"}],"is_trial":false,"path_per_floor":["M","$","M","M","?","R","E","R","T","M","M","M","?","$","R","B",null,"M","M","?","?","$","R","E"],"character_chosen":"IRONCLAD","items_purchased":["Toxic Egg 2","Ghostly Armor+1","Good Instincts+1","Metallicize+1","Anchor","Blind+1"],"campfire_rested":0,"item_purchase_floors":[2,2,14,14,14,22],"current_hp_per_floor":[56,56,56,57,57,57,21,21,21,23,31,27,16,16,16,12,80,75,80,80,80,80,80,8],"gold":82,"neow_bonus":"TWO_FIFTY_GOLD","is_prod":false,"is_daily":false,"chose_seed":false,"campfire_upgraded":4,"win_rate":0,"timestamp":1563166445,"path_taken":["M","$","M","M","?","R","E","R","T","M","M","M","?","$","R","BOSS","M","M","?","?","$","R","E"],"build_version":"2019-07-05","purchased_purges":1,"victory":false,"max_hp_per_floor":[80,80,80,80,80,80,80,80,80,80,80,80,80,80,80,80,80,80,80,80,80,80,80,80],"card_choices":[{"not_picked":["Armaments","Headbutt","Perfected Strike"],"picked":"SKIP","floor":1.0},{"not_picked":["Spot Weakness+1","Wild Strike","Havoc+1"],"picked":"SKIP","floor":3.0},{"not_picked":["Anger","Hemokinesis","Warcry+1"],"picked":"SKIP","floor":4.0},{"not_picked":["Headbutt","Rampage","Bludgeon"],"picked":"SKIP","floor":7.0},{"not_picked":["Heavy Blade","Anger","Headbutt"],"picked":"SKIP","floor":10.0},{"not_picked":["Twin Strike","Cleave","Dropkick"],"picked":"SKIP","floor":11.0},{"not_picked":["Intimidate+1","Iron Wave","Thunderclap"],"picked":"SKIP","floor":12.0},{"not_picked":["Offering+1","Dark Embrace+1"],"picked":"Impervious+1","floor":16.0},{"not_picked":["Warcry+1","Heavy Blade"],"picked":"Flame Barrier+1","floor":18.0},{"not_picked":["Burning Pact+1","Clash+1","Spot Weakness+1"],"picked":"SKIP","floor":19.0}],"player_experience":707913,"relics_obtained":[{"floor":7.0,"key":"Frozen Egg 2"},{"floor":9.0,"key":"Blue Candle"}],"event_choices":[{"damage_healed":0.0,"max_hp_gain":0.0,"max_hp_loss":0.0,"gold_gain":175.0,"event_name":"Liars Game","player_choice":"AGREE","floor":5.0,"gold_loss":0.0,"damage_taken":0.0,"cards_obtained":["Doubt"]},{"damage_healed":0.0,"max_hp_gain":0.0,"max_hp_loss":0.0,"gold_gain":75.0,"event_name":"World of Goop","player_choice":"Gather Gold","floor":13.0,"gold_loss":0.0,"damage_taken":11.0},{"damage_healed":0.0,"max_hp_gain":0.0,"max_hp_loss":0.0,"gold_gain":0.0,"event_name":"Ghosts","player_choice":"Ignored","floor":20.0,"gold_loss":0.0,"damage_taken":0.0},{"damage_healed":0.0,"max_hp_gain":0.0,"max_hp_loss":0.0,"gold_gain":0.0,"event_name":"Cursed Tome","player_choice":"Ignored","floor":21.0,"gold_loss":0.0,"damage_taken":0.0}],"is_beta":false,"boss_relics":[{"not_picked":["Runic Cube","Velvet Choker"],"picked":"Cursed Key"}],"items_purged_floors":[14],"is_endless":false,"potions_floor_spawned":[3,7,10,11,19],"killed_by":"Gremlin Leader","ascension_level":0}