{"gold_per_floor":[138,138,175,175,220,266,278,355,367,379,429,495,547,597,609,722,734,781,718,731,768,780,792,842,854,866,890,955,981,993,710,710,840,840,880,954,998,998,321,321,41,41,90,105,105,124,141,0,0,25],"floor_reached":51,"playtime":14202,"items_purged":["Injury","Secret Technique"],"score":796,"play_id":"a75a8fe1-1709-465c-8ea6-28d2c6f1f5d6","local_time":"20190707171723","is_ascension_mode":true,"campfire_choices":[{"data":"True Grit","floor":7.0,"key":"SMITH"},{"floor":10.0,"key":"REST"},{"data":"Entrench","floor":15.0,"key":"SMITH"},{"data":"Bash","floor":23.0,"key":"SMITH"},{"data":"HandOfGreed","floor":25,"key":"SMITH"},{"data":"Flame Barrier","floor":32,"key":"SMITH"},{"data":"Transmutation","floor":40,"key":"SMITH"},{"data":"Immolate","floor":42,"key":"SMITH"},{"data":"Shockwave","floor":49,"key":"SMITH"}],"neow_cost":"CURSE","seed_source_timestamp":0,"circlet_count":0,"master_deck":["Strike_R+1","Strike_R","Strike_R+1","Strike_R","Strike_R","Defend_R","Defend_R","Defend_R","Defend_R","Bash+1","HandOfGreed+1","Shrug It Off","Entrench+1","Infernal Blade","True Grit+1","Sentinel","Flame Barrier+1","Intimidate","Flex","Dark Embrace+1","Flame Barrier+1","Whirlwind+1","Corruption+1","Clothesline","Shockwave+1","Body Slam","Twin Strike+1","Inflame+1","Barricade+1","Heavy Blade+1","Clothesline+1","Heavy Blade+1","Panacea","Immolate+1","Transmutation+1","Mind Blast"],"special_seed":0,"relics":["Burning Blood","Frozen Egg 2","MawBank","Kunai","Bird Faced Urn","Ornamental Fan","Whetstone","Snecko Eye","Centennial Puzzle","Pen Nib","Gambling Chip","Sundial","PreservedInsect","Strawberry","Sozu","Mango","Pantograph","Lee\u0027s Waffle","Ancient Tea Set","Red Mask"],"potions_floor_usage":[33],"damage_taken":[{"damage":10.0,"enemies":"Cultist","floor":1.0,"turns":5.0},{"damage":3.0,"enemies":"Small Slimes","floor":3.0,"turns":4.0},{"damage":10.0,"enemies":"Jaw Worm","floor":5.0,"turns":4.0},{"damage":39.0,"enemies":"Gremlin Nob","floor":6.0,"turns":5.0},{"damage":18.0,"enemies":"3 Sentries","floor":8.0,"turns":11.0},{"damage":8.0,"enemies":"2 Fungi Beasts","floor":11.0,"turns":5.0},{"damage":19.0,"enemies":"Lagavulin","floor":12.0,"turns":9.0},{"damage":1.0,"enemies":"3 Louse","floor":13.0,"turns":3.0},{"damage":5.0,"enemies":"Blue Slaver","floor":14.0,"turns":5.0},{"damage":49.0,"enemies":"The Guardian","floor":16.0,"turns":15.0},{"damage":7.0,"enemies":"Shell Parasite","floor":18.0,"turns":7.0},{"damage":12.0,"enemies":"2 Thieves","floor":20.0,"turns":4.0},{"damage":28.0,"enemies":"Gremlin Leader","floor":24.0,"turns":6.0},{"damage":0,"enemies":"Chosen and Byrds","floor":27,"turns":4},{"damage":8,"enemies":"Slavers","floor":28,"turns":5},{"damage":0,"enemies":"Cultist and Chosen","floor":29,"turns":6},{"damage":63,"enemies":"Champ","floor":33,"turns":12},{"damage":0,"enemies":"Orb Walker","floor":35,"turns":3},{"damage":33,"enemies":"2 Orb Walkers","floor":36,"turns":5},{"damage":5,"enemies":"3 Shapes","floor":37,"turns":4},{"damage":42,"enemies":"Transient","floor":44,"turns":5},{"damage":12,"enemies":"Spire Growth","floor":46,"turns":4},{"damage":0,"enemies":"4 Shapes","floor":47,"turns":2},{"damage":24,"enemies":"Awakened One","floor":50,"turns":13}],"seed_played":"5136268259954505607","potions_obtained":[{"floor":1.0,"key":"Poison Potion"},{"floor":3.0,"key":"BloodPotion"},{"floor":11.0,"key":"Explosive Potion"},{"floor":12.0,"key":"SteroidPotion"},{"floor":18.0,"key":"EntropicBrew"},{"floor":28,"key":"GamblersBrew"}],"is_trial":false,"path_per_floor":["M","?","M","?","M","E","R","E","T","R","M","E","M","M","R","B",null,"M","?","M","T","?","R","E","R","T","M","E","M","?","$","R","B",null,"M","?","M","?","$","R","$","R","T","M","$","M","M","?","R","B",null],"character_chosen":"IRONCLAD","items_purchased":["Strawberry","Inflame+1","Immolate","Transmutation","Pantograph","Lee\u0027s Waffle","Mind Blast"],"campfire_rested":1,"item_purchase_floors":[31,31,39,39,39,41,41],"current_hp_per_floor":[76,76,79,79,75,42,42,30,30,54,52,39,44,45,45,22,80,79,79,75,75,75,75,57,57,57,67,69,79,79,86,86,30,87,87,76,81,81,81,81,108,108,108,76,76,76,84,84,84,96],"gold":25,"neow_bonus":"RANDOM_COLORLESS_2","is_prod":false,"is_daily":false,"chose_seed":false,"campfire_upgraded":8,"win_rate":0,"timestamp":1562537843,"path_taken":["M","?","M","?","M","E","R","E","T","R","M","E","M","?","R","BOSS","M","?","M","?","?","R","E","R","T","M","E","M","?","$","R","BOSS","M","?","M","?","$","R","$","R","T","M","?","M","M","?","R","BOSS"],"build_version":"2019-07-05","purchased_purges":2,"victory":true,"max_hp_per_floor":[80,80,80,80,80,80,80,80,80,80,80,80,80,80,80,80,80,80,80,80,80,80,80,80,80,80,80,80,80,80,87,87,87,87,87,101,101,101,101,101,108,108,108,108,108,108,108,108,108,108],"card_choices":[{"not_picked":["Wild Strike","Searing Blow"],"picked":"Shrug It Off","floor":1.0},{"not_picked":["Twin Strike","Warcry"],"picked":"Entrench","floor":3.0},{"not_picked":["Dual Wield","Reckless Charge"],"picked":"Infernal Blade","floor":5.0},{"not_picked":["Twin Strike","Cleave"],"picked":"True Grit","floor":6.0},{"not_picked":["Wild Strike","Second Wind"],"picked":"Sentinel","floor":8.0},{"not_picked":["Anger","Sword Boomerang"],"picked":"Flame Barrier","floor":11.0},{"not_picked":["Warcry","Havoc"],"picked":"Intimidate","floor":12.0},{"not_picked":["True Grit","Sever Soul"],"picked":"Flex","floor":13.0},{"not_picked":["Flex","Cleave","Sever Soul"],"picked":"SKIP","floor":14.0},{"not_picked":["Double Tap","Berserk+1"],"picked":"Dark Embrace+1","floor":16.0},{"not_picked":["Cleave","Hemokinesis"],"picked":"Flame Barrier+1","floor":18.0},{"not_picked":["Headbutt","Warcry"],"picked":"Whirlwind+1","floor":20.0},{"not_picked":["Whirlwind","Flex"],"picked":"Clothesline","floor":24},{"not_picked":["Whirlwind+1","Clothesline+1"],"picked":"Shockwave","floor":27},{"not_picked":["Searing Blow","Twin Strike"],"picked":"Body Slam","floor":28},{"not_picked":["Shrug It Off+1","Body Slam+1"],"picked":"Twin Strike+1","floor":29},{"not_picked":["Demon Form+1","Juggernaut+1"],"picked":"Barricade+1","floor":33},{"not_picked":["Wild Strike","Battle Trance"],"picked":"Heavy Blade+1","floor":35},{"not_picked":["Rage","Pummel"],"picked":"Clothesline+1","floor":36},{"not_picked":["Armaments","Clash+1"],"picked":"Heavy Blade+1","floor":37},{"not_picked":["Finesse","Bandage Up"],"picked":"Panacea","floor":38},{"not_picked":["Clash+1","Bloodletting+1","Seeing Red"],"picked":"SKIP","floor":44},{"not_picked":["Warcry+1","Cleave+1","Body Slam"],"picked":"SKIP","floor":46},{"not_picked":["Shrug It Off","Second Wind+1","Cleave"],"picked":"SKIP","floor":47}],"player_experience":319860,"relics_obtained":[{"floor":4.0,"key":"MawBank"},{"floor":6.0,"key":"Kunai"},{"floor":8.0,"key":"Bird Faced Urn"},{"floor":9.0,"key":"Ornamental Fan"},{"floor":12.0,"key":"Whetstone"},{"floor":21.0,"key":"Centennial Puzzle"},{"floor":24,"key":"Pen Nib"},{"floor":26,"key":"Gambling Chip"},{"floor":28,"key":"Sundial"},{"floor":36,"key":"Mango"},{"floor":43,"key":"Ancient Tea Set"}],"event_choices":[{"damage_healed":0.0,"max_hp_gain":0.0,"max_hp_loss":0.0,"gold_gain":0.0,"event_name":"Big Fish","player_choice":"Box","floor":2.0,"gold_loss":0.0,"damage_taken":0.0,"relics_obtained":["Frozen Egg 2"],"cards_obtained":["Regret"]},{"damage_healed":0.0,"max_hp_gain":0.0,"max_hp_loss":0.0,"gold_gain":0.0,"event_name":"Wheel of Change","player_choice":"Relic","floor":4.0,"gold_loss":0.0,"damage_taken":0.0},{"cards_removed":["Regret"],"damage_healed":0.0,"max_hp_gain":0.0,"max_hp_loss":0.0,"gold_gain":0.0,"event_name":"Beggar","player_choice":"Gave Gold","floor":19.0,"gold_loss":75.0,"damage_taken":0.0},{"damage_healed":0.0,"max_hp_gain":0.0,"max_hp_loss":0.0,"gold_gain":0.0,"event_name":"The Library","player_choice":"Read","floor":22.0,"gold_loss":0.0,"damage_taken":0.0,"cards_obtained":["Corruption"]},{"damage_healed":0,"gold_gain":0,"player_choice":"Opened","damage_taken":0,"relics_obtained":["PreservedInsect"],"max_hp_gain":0,"max_hp_loss":0,"event_name":"The Mausoleum","floor":30,"gold_loss":0},{"damage_healed":0,"gold_gain":0,"player_choice":"Fight","damage_taken":0,"max_hp_gain":0,"max_hp_loss":0,"event_name":"Mysterious Sphere","floor":36,"gold_loss":0},{"damage_healed":0,"gold_gain":0,"player_choice":"Memory 1","damage_taken":0,"max_hp_gain":0,"max_hp_loss":0,"event_name":"SensoryStone","floor":38,"gold_loss":0},{"damage_healed":0,"gold_gain":0,"player_choice":"Paid","damage_taken":0,"relics_obtained":["Red Mask"],"max_hp_gain":0,"max_hp_loss":0,"event_name":"Tomb of Lord Red Mask","floor":48,"gold_loss":141}],"is_beta":false,"boss_relics":[{"not_picked":["Fusion Hammer","Runic Cube"],"picked":"Snecko Eye"},{"not_picked":["Busted Crown","Tiny House"],"picked":"Sozu"}],"items_purged_floors":[31,39],"is_endless":false,"potions_floor_spawned":[1,3,11,12,18,24,27,28,36,37,46],"ascension_level":2}