{"gold_per_floor":[20,20,37,37,56,56,156,156,182,201,201,219,238,256,256,335,335,318,36,55,55,67,67,78,78,78,88,88,65,65,82,82,159,209,226,63,0,0,0,0],"floor_reached":40,"playtime":2372,"items_purged":["Strike_G"],"score":643,"play_id":"11c14071-53fb-469e-92bd-59dceb31fb43","local_time":"20190728221840","is_ascension_mode":true,"campfire_choices":[{"data":"Neutralize","floor":6.0,"key":"SMITH"},{"floor":8.0,"key":"REST"},{"data":"Crippling Poison","floor":11.0,"key":"SMITH"},{"data":"Bouncing Flask","floor":15,"key":"SMITH"},{"data":"Burst","floor":23,"key":"SMITH"},{"floor":28,"key":"REST"},{"floor":30,"key":"REST"},{"data":"Leg Sweep","floor":32,"key":"SMITH"}],"neow_cost":"NO_GOLD","seed_source_timestamp":84530641160574,"circlet_count":0,"master_deck":["AscendersBane","Strike_G","Strike_G","Defend_G","Defend_G","Defend_G+1","Defend_G","Defend_G","Survivor","Neutralize+1","Well Laid Plans","Crippling Poison+1","Bouncing Flask+1","Burst+1","Backflip+1","Leg Sweep+1","Dagger Throw","Concentrate","Backstab","Reflex","Dodge and Roll","Reflex","Burst","PiercingWail","Leg Sweep","After Image","Outmaneuver"],"special_seed":0,"relics":["Ring of the Snake","Unceasing Top","Juzu Bracelet","Philosopher\u0027s Stone","Lee\u0027s Waffle","Letter Opener","Tiny House","Red Mask"],"potions_floor_usage":[31,33,35,40],"damage_taken":[{"damage":7.0,"enemies":"Small Slimes","floor":1.0,"turns":3.0},{"damage":0.0,"enemies":"Jaw Worm","floor":3.0,"turns":5.0},{"damage":2.0,"enemies":"Cultist","floor":5.0,"turns":5.0},{"damage":15.0,"enemies":"Large Slime","floor":10.0,"turns":10.0},{"damage":5.0,"enemies":"Exordium Wildlife","floor":12.0,"turns":3.0},{"damage":10,"enemies":"3 Louse","floor":13,"turns":3},{"damage":8,"enemies":"Large Slime","floor":14,"turns":7},{"damage":12,"enemies":"Hexaghost","floor":16,"turns":9},{"damage":21,"enemies":"2 Thieves","floor":18,"turns":4},{"damage":9,"enemies":"Chosen","floor":20,"turns":4},{"damage":19,"enemies":"Snake Plant","floor":22,"turns":4},{"damage":7,"enemies":"Centurion and Healer","floor":24,"turns":7},{"damage":14,"enemies":"Cultist and Chosen","floor":27,"turns":5},{"damage":0,"enemies":"Snake Plant","floor":31,"turns":4},{"damage":32,"enemies":"Collector","floor":33,"turns":11},{"damage":28,"enemies":"3 Darklings","floor":35,"turns":6},{"damage":45,"enemies":"Giant Head","floor":40,"turns":10}],"seed_played":"-1109960516431533350","potions_obtained":[{"floor":3.0,"key":"SteroidPotion"},{"floor":5.0,"key":"Strength Potion"},{"floor":14,"key":"Fire Potion"},{"floor":22,"key":"PowerPotion"},{"floor":31,"key":"GhostInAJar"},{"floor":33,"key":"GamblersBrew"},{"floor":34,"key":"Fire Potion"},{"floor":35,"key":"Block Potion"}],"is_trial":false,"path_per_floor":["M","?","M","$","M","R","?","R","T","M","R","M","M","M","R","B",null,"M","$","M","?","M","R","M","?","T","M","R","$","R","M","R","B",null,"M","$","?","?","$","E"],"character_chosen":"THE_SILENT","items_purchased":["Lee\u0027s Waffle","Dodge and Roll","After Image","Outmaneuver"],"campfire_rested":3,"item_purchase_floors":[19,29,36,36],"current_hp_per_floor":[52,52,52,52,50,50,50,66,66,51,51,46,36,28,28,16,54,33,73,64,51,32,32,25,25,25,11,34,34,57,57,57,25,70,42,42,42,42,42,0],"gold":0,"neow_bonus":"ONE_RARE_RELIC","is_prod":false,"is_daily":false,"chose_seed":false,"campfire_upgraded":5,"win_rate":0,"timestamp":1564370320,"path_taken":["M","?","M","$","M","R","?","R","T","M","R","M","M","M","R","BOSS","M","$","M","?","M","R","M","?","T","M","R","$","R","M","R","BOSS","M","$","?","?","?","E"],"build_version":"2019-07-17","purchased_purges":1,"victory":false,"max_hp_per_floor":[66,66,66,66,66,66,66,66,66,66,66,66,66,66,66,66,66,66,73,73,78,78,78,78,78,78,78,78,78,78,78,78,78,83,83,83,83,79,79,79],"card_choices":[{"not_picked":["Dagger Throw","Bane"],"picked":"Well Laid Plans","floor":1.0},{"not_picked":["Prepared","Dagger Throw","Well Laid Plans"],"picked":"SKIP","floor":3.0},{"not_picked":["Riddle With Holes","Well Laid Plans","Quick Slash"],"picked":"SKIP","floor":5.0},{"not_picked":["Leg Sweep","Quick Slash"],"picked":"Crippling Poison","floor":10.0},{"not_picked":["Expertise","Noxious Fumes"],"picked":"Tactician","floor":12.0},{"not_picked":["Dagger Throw","Accuracy"],"picked":"Bouncing Flask","floor":13},{"not_picked":["Endless Agony","Blur","Prepared"],"picked":"SKIP","floor":14},{"not_picked":["Tools of the Trade","Glass Knife"],"picked":"Burst","floor":16},{"not_picked":["Dagger Throw+1","Slice"],"picked":"Backflip+1","floor":18},{"not_picked":["Deadly Poison","Acrobatics"],"picked":"Leg Sweep","floor":20},{"not_picked":["Flying Knee","Backflip"],"picked":"Dagger Throw","floor":22},{"not_picked":["Deadly Poison","Blade Dance"],"picked":"Concentrate","floor":24},{"not_picked":["Blade Dance","Slice","Accuracy"],"picked":"SKIP","floor":27},{"not_picked":["Outmaneuver+1","Backflip"],"picked":"Reflex","floor":31},{"not_picked":["Adrenaline","Doppelganger"],"picked":"Burst","floor":33},{"not_picked":["Outmaneuver","Flechettes"],"picked":"PiercingWail","floor":34},{"not_picked":["Dagger Throw","Deadly Poison"],"picked":"Leg Sweep","floor":35}],"player_experience":251167,"relics_obtained":[{"floor":9.0,"key":"Juzu Bracelet"},{"floor":26,"key":"Letter Opener"}],"event_choices":[{"cards_removed":["Strike_G"],"damage_healed":0.0,"max_hp_gain":0.0,"max_hp_loss":0.0,"gold_gain":0.0,"event_name":"Living Wall","player_choice":"Forget","floor":2.0,"gold_loss":0.0,"damage_taken":0.0},{"damage_healed":0.0,"max_hp_gain":0.0,"max_hp_loss":0.0,"gold_gain":100.0,"event_name":"Golden Shrine","player_choice":"Pray","floor":7.0,"gold_loss":0.0,"damage_taken":0.0},{"damage_healed":0,"gold_gain":0,"player_choice":"Shed Blood","damage_taken":18,"max_hp_gain":5,"max_hp_loss":0,"event_name":"Forgotten Altar","floor":21,"gold_loss":0},{"damage_healed":0,"gold_gain":0,"cards_transformed":["Strike_G","Tactician"],"player_choice":"Became Test Subject","damage_taken":0,"max_hp_gain":0,"max_hp_loss":0,"event_name":"Drug Dealer","floor":25,"gold_loss":0,"cards_obtained":["Backstab","Reflex"]},{"damage_healed":0,"gold_gain":0,"player_choice":"Paid","damage_taken":0,"relics_obtained":["Red Mask"],"max_hp_gain":0,"max_hp_loss":0,"event_name":"Tomb of Lord Red Mask","floor":37,"gold_loss":63},{"damage_healed":0,"gold_gain":0,"player_choice":"Max HP","damage_taken":0,"max_hp_gain":0,"max_hp_loss":4,"event_name":"Winding Halls","floor":38,"gold_loss":0}],"is_beta":false,"boss_relics":[{"not_picked":["Velvet Choker","Eternal Feather"],"picked":"Philosopher\u0027s Stone"},{"not_picked":["Fusion Hammer","Runic Pyramid"],"picked":"Tiny House"}],"items_purged_floors":[19],"is_endless":false,"potions_floor_spawned":[3,5,14,18,22,24,31,33,35],"killed_by":"Giant Head","ascension_level":14}