{"path_per_floor":["M","M","M","M","?","$","R","$","T","$","M","E","R","M","R","B",null,"M","M","M","M","?","R","M","R","T","M","$"],"character_chosen":"DEFECT","items_purchased":["Coolheaded","Beam Cell","Impulse","Cold Snap"],"gold_per_floor":[110,126,137,154,154,53,53,2,25,25,43,76,76,95,95,199,199,213,227,239,256,256,256,275,275,275,291,242,242],"floor_reached":29,"campfire_rested":2,"playtime":1828,"current_hp_per_floor":[68,68,68,65,58,58,58,58,58,58,58,51,51,51,51,28,75,64,51,24,19,5,29,16,40,40,22,22,0],"items_purged":[],"gold":242,"score":229,"play_id":"a6d2810c-79d0-46cb-a783-33a7c5e9d92a","local_time":"20180430212434","is_prod":false,"is_daily":false,"chose_seed":false,"is_ascension_mode":false,"campfire_upgraded":3,"timestamp":1525112674,"path_taken":["M","M","M","M","?","$","R","$","T","$","M","E","R","M","R","BOSS","M","M","M","M","?","R","M","R","T","M","$","M"],"build_version":"2018-04-27v3","seed_source_timestamp":700993447348966,"purchased_purges":0,"victory":false,"master_deck":["Strike_B","Strike_B","Strike_B","Defend_B","Defend_B","Defend_B","Defend_B","Zap","Dualcast","Go for the Eyes","Defragment+1","Barrage","Rainbow+1","Coolheaded","Beam Cell","Impulse+1","Axe Kick","Fission","Loop","Impulse+1","Aggregate+1","Ball Lightning","Ball Lightning","Chaos","Cold Snap"],"max_hp_per_floor":[75,75,75,75,75,75,75,75,75,75,75,75,75,75,75,75,75,75,75,75,75,80,80,80,80,80,80,80,80],"relics":["Cracked Core","Orichalcum","Dream Catcher","Anchor","Velvet Choker","Question Card"],"card_choices":[{"not_picked":["Skim","Tempest"],"picked":"Go for the Eyes","floor":1.0},{"not_picked":["Glacier","Cold Snap"],"picked":"Defragment","floor":2.0},{"not_picked":["Rebound","Stack"],"picked":"Barrage","floor":3.0},{"not_picked":["Skim","Stack"],"picked":"Rainbow","floor":4.0},{"not_picked":["Chaos","Skim"],"picked":"Axe Kick","floor":14.0},{"not_picked":["Multi-Cast","All For One"],"picked":"Fission","floor":16.0},{"not_picked":["Steam Power","Ball Lightning"],"picked":"Loop","floor":18.0},{"not_picked":["Genetic Algorithm","Hologram"],"picked":"Impulse","floor":19.0},{"not_picked":["Impulse","Leap"],"picked":"Aggregate","floor":20.0},{"not_picked":["Doom and Gloom","Impulse"],"picked":"Ball Lightning","floor":21.0},{"not_picked":["Skim","Genetic Algorithm"],"picked":"Ball Lightning","floor":25.0},{"not_picked":["Multi-Cast","Storm","Tempest"],"picked":"Chaos","floor":27}],"player_experience":101712,"potions_floor_usage":[27],"damage_taken":[{"damage":7.0,"enemies":"Jaw Worm","floor":1.0,"turns":4.0},{"damage":0.0,"enemies":"Small Slimes","floor":2.0,"turns":3.0},{"damage":0.0,"enemies":"2 Louse","floor":3.0,"turns":3.0},{"damage":3.0,"enemies":"Red Slaver","floor":4.0,"turns":4.0},{"damage":0.0,"enemies":"Exordium Wildlife","floor":11.0,"turns":4.0},{"damage":7.0,"enemies":"3 Sentries","floor":12.0,"turns":7.0},{"damage":0.0,"enemies":"Gremlin Gang","floor":14.0,"turns":5.0},{"damage":23.0,"enemies":"Hexaghost","floor":16.0,"turns":8.0},{"damage":11.0,"enemies":"2 Thieves","floor":18.0,"turns":4.0},{"damage":13.0,"enemies":"Chosen","floor":19.0,"turns":5.0},{"damage":27.0,"enemies":"Snake Plant","floor":20.0,"turns":6.0},{"damage":5.0,"enemies":"Centurion and Healer","floor":21.0,"turns":7.0},{"damage":13.0,"enemies":"Sentry and Sphere","floor":24.0,"turns":7.0},{"damage":18,"enemies":"Chosen and Byrds","floor":27,"turns":7},{"damage":24,"enemies":"Snake Plant","floor":29,"turns":4}],"event_choices":[{"event_name":"Golden Wing","player_choice":"Card Removal","floor":5.0,"damage_taken":0.0},{"event_name":"Forgotten Altar","player_choice":"Shed Blood","floor":22.0,"damage_taken":0.0}],"boss_relics":[],"potions_floor_spawned":[2,4,12,19,27],"seed_played":"-4818592197420236879","killed_by":"Snake Plant","ascension_level":0,"is_trial":false}