{"gold_per_floor":[10,23,43,43,55,55,90,90,90,105,134,114,39,39,39,136,136,151,165,182,82,106,106,120,120,120,120],"floor_reached":27,"playtime":2690,"items_purged":["Defend_B","Dualcast"],"score":268,"play_id":"a7b13a1e-327c-4348-a0de-dc949cba4272","local_time":"20190718224911","is_ascension_mode":true,"campfire_choices":[{"data":"Streamline","floor":6.0,"key":"SMITH"},{"floor":8.0,"key":"REST"},{"data":"Conserve Battery","floor":15.0,"key":"SMITH"},{"floor":23.0,"key":"REST"}],"neow_cost":"NO_GOLD","seed_source_timestamp":0,"circlet_count":0,"master_deck":["Strike_B","Defend_B","Defend_B","Defend_B","Zap","Go for the Eyes","Capacitor","Streamline+1","Gash","Conserve Battery+1","Barrage+1","Gash+1","Buffer","Leap+1","Beam Cell+1","Barrage+1","Shame","Darkness+1","Doubt"],"special_seed":0,"relics":["Cracked Core","Bag of Marbles","FossilizedHelix","Molten Egg 2","Singing Bowl","Cursed Key","Boot","Letter Opener"],"potions_floor_usage":[27],"damage_taken":[{"damage":0.0,"enemies":"Jaw Worm","floor":1.0,"turns":4.0},{"damage":0.0,"enemies":"Cultist","floor":2.0,"turns":3.0},{"damage":0.0,"enemies":"2 Louse","floor":3.0,"turns":2.0},{"damage":0.0,"enemies":"Large Slime","floor":5.0,"turns":5.0},{"damage":37.0,"enemies":"3 Sentries","floor":7.0,"turns":7.0},{"damage":0.0,"enemies":"2 Fungi Beasts","floor":10.0,"turns":2.0},{"damage":3.0,"enemies":"Gremlin Nob","floor":11.0,"turns":4.0},{"damage":24.0,"enemies":"Slime Boss","floor":16.0,"turns":9.0},{"damage":6.0,"enemies":"Chosen","floor":18.0,"turns":4.0},{"damage":21.0,"enemies":"3 Byrds","floor":19.0,"turns":6.0},{"damage":19.0,"enemies":"Snake Plant","floor":20.0,"turns":5.0},{"damage":0,"enemies":"Shelled Parasite and Fungi","floor":24,"turns":5},{"damage":37,"enemies":"Slavers","floor":27,"turns":2}],"seed_played":"6350430098070289476","potions_obtained":[{"floor":3.0,"key":"Dexterity Potion"},{"floor":5.0,"key":"FocusPotion"},{"floor":7.0,"key":"Dexterity Potion"},{"floor":12.0,"key":"FearPotion"},{"floor":16.0,"key":"Energy Potion"}],"is_trial":false,"path_per_floor":["M","M","M","?","M","R","E","R","T","M","E","?","$","?","R","B",null,"M","M","M","$","T","R","M","?","T","E"],"character_chosen":"DEFECT","items_purchased":[],"campfire_rested":2,"item_purchase_floors":[],"current_hp_per_floor":[75,75,75,75,75,75,38,60,60,60,57,57,57,57,57,33,75,69,48,29,29,29,51,51,37,37,0],"gold":120,"neow_bonus":"REMOVE_TWO","is_prod":false,"is_daily":false,"chose_seed":false,"campfire_upgraded":2,"win_rate":0,"timestamp":1563508151,"path_taken":["M","M","M","?","?","R","E","R","T","M","E","?","?","?","R","BOSS","M","M","?","?","?","R","M","?","T","E"],"build_version":"2019-07-17","purchased_purges":2,"victory":false,"max_hp_per_floor":[75,75,75,75,75,75,75,75,75,75,75,75,75,75,75,75,75,75,75,75,75,75,75,75,80,80,80],"card_choices":[{"not_picked":["Coolheaded","Rebound"],"picked":"Go for the Eyes","floor":1.0},{"not_picked":["Barrage","Melter"],"picked":"Capacitor","floor":2.0},{"not_picked":["Conserve Battery","Compile Driver"],"picked":"Streamline","floor":3.0},{"not_picked":["Reinforced Body","Self Repair"],"picked":"Gash","floor":5.0},{"not_picked":["Compile Driver","Redo"],"picked":"Conserve Battery","floor":7.0},{"not_picked":["Leap","Sweeping Beam+1"],"picked":"Barrage+1","floor":10.0},{"not_picked":["Aggregate","Conserve Battery"],"picked":"Gash+1","floor":11.0},{"not_picked":["Multi-Cast","Meteor Strike+1"],"picked":"Buffer","floor":16.0},{"not_picked":["Doom and Gloom+1","Hologram"],"picked":"Leap+1","floor":18.0},{"not_picked":["Stack","Go for the Eyes+1"],"picked":"Beam Cell+1","floor":19.0},{"not_picked":["Storm+1","Aggregate"],"picked":"Barrage+1","floor":20.0},{"not_picked":["Sweeping Beam+1","Redo"],"picked":"Darkness+1","floor":24}],"player_experience":411773,"relics_obtained":[{"floor":7.0,"key":"FossilizedHelix"},{"floor":9.0,"key":"Molten Egg 2"},{"floor":11.0,"key":"Singing Bowl"},{"floor":22.0,"key":"Boot"},{"floor":26,"key":"Letter Opener"}],"event_choices":[{"damage_healed":0.0,"max_hp_gain":0.0,"max_hp_loss":0.0,"gold_gain":0.0,"event_name":"WeMeetAgain","player_choice":"Gave Potion","floor":4.0,"gold_loss":0.0,"damage_taken":0.0,"relics_obtained":["Bag of Marbles"]},{"damage_healed":0.0,"max_hp_gain":0.0,"max_hp_loss":0.0,"gold_gain":0.0,"event_name":"The Woman in Blue","player_choice":"Bought 1 Potion","floor":12.0,"gold_loss":0.0,"damage_taken":0.0},{"cards_removed":["Strike_B"],"damage_healed":0.0,"max_hp_gain":0.0,"max_hp_loss":0.0,"gold_gain":0.0,"event_name":"Purifier","player_choice":"Purged","floor":14.0,"gold_loss":0.0,"damage_taken":0.0},{"damage_healed":0,"gold_gain":0,"player_choice":"Shed Blood","damage_taken":19,"max_hp_gain":5,"max_hp_loss":0,"event_name":"Forgotten Altar","floor":25,"gold_loss":0}],"is_beta":false,"boss_relics":[{"not_picked":["Tiny House","Philosopher\u0027s Stone"],"picked":"Cursed Key"}],"items_purged_floors":[13,21],"is_endless":false,"potions_floor_spawned":[3,5,7,16,19],"killed_by":"Slavers","ascension_level":4}