{"gold_per_floor":[209,223,18,36,48,48,67,142,142,156,172,199,48,64,64,167,167,179,155,171,186,202,236,251,3,26,37,37,71,71,88,88,186,186,205,73,93,112,127,127,137,137,192,204,221,221,237,256,256,256],"floor_reached":51,"playtime":2284,"items_purged":[],"score":703,"play_id":"18ef239b-bc50-4b20-ac8a-9342a771ef90","local_time":"20180710041305","is_ascension_mode":false,"campfire_choices":[{"data":"Apotheosis","floor":6.0,"key":"SMITH"},{"data":"Capacitor","floor":15.0,"key":"SMITH"},{"data":"Defragment","floor":28.0,"key":"SMITH"},{"data":"Seek","floor":30.0,"key":"SMITH"},{"data":"Self Repair","floor":32.0,"key":"SMITH"},{"floor":40.0,"key":"REST"},{"floor":42.0,"key":"REST"},{"floor":49.0,"key":"REST"}],"neow_cost":"NONE","seed_source_timestamp":9852766651515,"circlet_count":0,"master_deck":["Strike_B","Strike_B","Strike_B","Strike_B","Defend_B","Defend_B","Defend_B","Defend_B","Zap","Dualcast","BootSequence","Redo","Apotheosis+1","Self Repair+1","Conserve Battery","Capacitor+1","FTL","Seek+1","Conserve Battery","Gash+1","Stack","Auto Shields","Coolheaded","Tempest","Defragment+1","Defragment+1","Hologram","Loop","Stack+1","Go for the Eyes","Reinforced Body","FTL+1","Leap"],"special_seed":0,"relics":["Cracked Core","Ice Cream","Oddly Smooth Stone","Busted Crown","Unceasing Top","Cables","Orichalcum","Anchor","Fusion Hammer","Dream Catcher"],"potions_floor_usage":[50],"damage_taken":[{"damage":0.0,"enemies":"Small Slimes","floor":1.0,"turns":3.0},{"damage":1.0,"enemies":"Cultist","floor":2.0,"turns":4.0},{"damage":0.0,"enemies":"Jaw Worm","floor":4.0,"turns":3.0},{"damage":11.0,"enemies":"Large Slime","floor":5.0,"turns":5.0},{"damage":0.0,"enemies":"3 Louse","floor":7.0,"turns":3.0},{"damage":12.0,"enemies":"Exordium Thugs","floor":10.0,"turns":4.0},{"damage":2.0,"enemies":"Looter","floor":11.0,"turns":3.0},{"damage":10.0,"enemies":"Gremlin Nob","floor":12.0,"turns":3.0},{"damage":6.0,"enemies":"Blue Slaver","floor":14.0,"turns":4.0},{"damage":55.0,"enemies":"Slime Boss","floor":16.0,"turns":12.0},{"damage":6.0,"enemies":"Chosen","floor":18.0,"turns":5.0},{"damage":0.0,"enemies":"Shell Parasite","floor":20.0,"turns":7.0},{"damage":18.0,"enemies":"Snake Plant","floor":21.0,"turns":6.0},{"damage":12.0,"enemies":"Centurion and Healer","floor":22.0,"turns":8.0},{"damage":46.0,"enemies":"Slavers","floor":23.0,"turns":10.0},{"damage":0.0,"enemies":"Slaver and Parasite","floor":24.0,"turns":7.0},{"damage":0.0,"enemies":"3 Cultists","floor":27.0,"turns":5.0},{"damage":6.0,"enemies":"Book of Stabbing","floor":29.0,"turns":6.0},{"damage":2.0,"enemies":"Snake Plant","floor":31.0,"turns":3.0},{"damage":16.0,"enemies":"Champ","floor":33.0,"turns":9.0},{"damage":9.0,"enemies":"Orb Walker","floor":35.0,"turns":4.0},{"damage":0.0,"enemies":"3 Darklings","floor":37.0,"turns":4.0},{"damage":14.0,"enemies":"Sphere and 2 Shapes","floor":38.0,"turns":5.0},{"damage":0.0,"enemies":"4 Shapes","floor":39.0,"turns":3.0},{"damage":7.0,"enemies":"3 Darklings","floor":41.0,"turns":5.0},{"damage":0.0,"enemies":"Maw","floor":44.0,"turns":6.0},{"damage":10.0,"enemies":"Sphere and 2 Shapes","floor":45.0,"turns":5.0},{"damage":7.0,"enemies":"3 Darklings","floor":47.0,"turns":5.0},{"damage":14.0,"enemies":"Maw","floor":48.0,"turns":5.0},{"damage":48,"enemies":"Time Eater","floor":50,"turns":13}],"seed_played":"-9207967383103814956","potions_obtained":[{"floor":1.0,"key":"Swift Potion"},{"floor":5.0,"key":"Energy Potion"},{"floor":10.0,"key":"Energy Potion"},{"floor":18.0,"key":"Block Potion"},{"floor":21.0,"key":"Block Potion"},{"floor":23.0,"key":"PowerPotion"},{"floor":33.0,"key":"GamblersBrew"},{"floor":37.0,"key":"Strength Potion"},{"floor":39.0,"key":"Fire Potion"}],"is_trial":false,"path_per_floor":["M","M","$","M","M","R","M","?","T","M","M","E","$","M","R","B",null,"M","$","M","M","M","E","M","$","T","M","R","E","R","M","R","B",null,"M","$","M","M","M","R","M","R","T","M","M","?","M","M","R","B"],"character_chosen":"DEFECT","items_purchased":["Apotheosis","Oddly Smooth Stone","Conserve Battery","Cables","Hologram","Loop"],"campfire_rested":3,"item_purchase_floors":[3,13,19,25,36,36],"current_hp_per_floor":[75,74,74,74,70,70,75,68,68,66,71,71,71,72,72,24,75,75,75,75,64,62,26,36,36,36,43,43,37,37,42,42,36,75,75,75,75,71,75,75,75,75,75,75,75,75,75,71,75,37],"gold":256,"neow_bonus":"HUNDRED_GOLD","is_prod":false,"is_daily":false,"chose_seed":false,"campfire_upgraded":5,"win_rate":0,"timestamp":1531185185,"path_taken":["M","M","$","M","M","R","M","?","T","M","M","E","$","M","R","BOSS","M","$","M","M","M","E","M","$","T","M","R","E","R","M","R","BOSS","M","$","M","M","M","R","M","R","T","?","M","?","?","M","R","BOSS"],"build_version":"2018-07-05","purchased_purges":0,"victory":true,"max_hp_per_floor":[75,75,75,75,75,75,75,75,75,75,75,75,75,75,75,75,75,75,75,75,75,75,75,75,75,75,75,75,75,75,75,75,75,75,75,75,75,75,75,75,75,75,75,75,75,75,75,75,75,75],"card_choices":[{"not_picked":["Reprogram","Rebound"],"picked":"BootSequence","floor":1.0},{"not_picked":["Doom and Gloom","BootSequence"],"picked":"Redo","floor":2.0},{"not_picked":["Gash","BootSequence"],"picked":"Self Repair","floor":4.0},{"not_picked":["Compile Driver","Glacier","Undo"],"picked":"SKIP","floor":5.0},{"not_picked":["Buffer","Genetic Algorithm"],"picked":"Conserve Battery","floor":7.0},{"not_picked":["Compile Driver","Rip and Tear","Genetic Algorithm"],"picked":"SKIP","floor":10.0},{"not_picked":["Compile Driver","Double Energy","BootSequence"],"picked":"SKIP","floor":11.0},{"not_picked":["Rebound","Streamline"],"picked":"Capacitor","floor":12.0},{"not_picked":["Scrape","Steam Power"],"picked":"FTL","floor":14.0},{"not_picked":["Fission","Meteor Strike"],"picked":"Seek","floor":16.0},{"not_picked":["Go for the Eyes"],"picked":"SKIP","floor":18.0},{"not_picked":[],"picked":"Gash+1","floor":20.0},{"not_picked":[],"picked":"Stack","floor":21.0},{"not_picked":[],"picked":"Auto Shields","floor":22.0},{"not_picked":[],"picked":"Coolheaded","floor":23.0},{"not_picked":[],"picked":"Tempest","floor":24.0},{"not_picked":[],"picked":"Defragment","floor":27.0},{"not_picked":[],"picked":"Defragment+1","floor":29.0},{"not_picked":["Turbo"],"picked":"SKIP","floor":31.0},{"not_picked":["Rebound"],"picked":"SKIP","floor":35.0},{"not_picked":["Doom and Gloom+1"],"picked":"SKIP","floor":37.0},{"not_picked":[],"picked":"Stack+1","floor":38.0},{"not_picked":["Barrage"],"picked":"SKIP","floor":39.0},{"not_picked":[],"picked":"Go for the Eyes","floor":41.0},{"not_picked":[],"picked":"Reinforced Body","floor":44.0},{"not_picked":["Double Energy"],"picked":"SKIP","floor":45.0},{"not_picked":["Stack"],"picked":"SKIP","floor":47.0},{"not_picked":[],"picked":"FTL+1","floor":48.0},{"not_picked":[],"picked":"Leap","floor":49.0}],"player_experience":193301,"relics_obtained":[{"floor":9.0,"key":"Ice Cream"},{"floor":23.0,"key":"Unceasing Top"},{"floor":26.0,"key":"Orichalcum"},{"floor":29.0,"key":"Anchor"},{"floor":43.0,"key":"Dream Catcher"}],"event_choices":[{"event_name":"FaceTrader","player_choice":"Touch","floor":8.0,"damage_taken":0.0},{"event_name":"SensoryStone","player_choice":"Memory 1","floor":46.0,"damage_taken":0.0}],"boss_relics":[{"not_picked":["Runic Dome","Philosopher\u0027s Stone"],"picked":"Busted Crown"},{"not_picked":["Empty Cage","Black Star"],"picked":"Fusion Hammer"}],"items_purged_floors":[],"is_endless":false,"potions_floor_spawned":[1,5,10,11,18,21,23,33,37,39,41,47],"ascension_level":0}