{"gold_per_floor":[112,112,130,130,305,305,336,7,87,87,87,87,87,111,111,230,230,251,251,274,307,129,169,169,169,216,229,7,7,7,38,38,163,163,176,189,189,216,66,66,85,85,85,34,34,34,52,52,52,52],"floor_reached":50,"playtime":1214,"items_purged":["Doubt","Strike_B","Strike_B+1","Parasite"],"score":470,"play_id":"282e6ab5-f20b-4a75-af3a-50e6e95a416d","local_time":"20190716092536","is_ascension_mode":false,"campfire_choices":[{"data":"Dualcast","floor":6.0,"key":"SMITH"},{"data":"Defragment","floor":10.0,"key":"SMITH"},{"data":"Go for the Eyes","floor":13.0,"key":"SMITH"},{"data":"Hologram","floor":15.0,"key":"SMITH"},{"data":"Self Repair","floor":24.0,"key":"SMITH"},{"data":"Thunder Strike","floor":30.0,"key":"SMITH"},{"floor":32.0,"key":"REST"},{"data":"Finesse","floor":40.0,"key":"SMITH"},{"data":"Conserve Battery","floor":42.0,"key":"SMITH"},{"data":"Hologram","floor":49,"key":"SMITH"}],"neow_cost":"NONE","seed_source_timestamp":162497542945400,"circlet_count":0,"master_deck":["Defend_B+1","Defend_B+1","Defend_B+1","Defend_B+1","Zap+1","Dualcast+1","Ball Lightning+1","Defragment+1","Go for the Eyes+1","Hologram+1","Thunder Strike+1","Self Repair+1","Finesse+1","Conserve Battery+1","Hologram+1","Good Instincts","Finesse","Sunder"],"special_seed":0,"relics":["Cracked Core","Sundial","Runic Capacitor","Mercury Hourglass","Golden Idol","Velvet Choker","Red Mask","PreservedInsect","Blood Vial","MutagenicStrength","Cables","Cursed Key","Whetstone"],"potions_floor_usage":[50,50],"damage_taken":[{"damage":6.0,"enemies":"Jaw Worm","floor":1.0,"turns":3.0},{"damage":2.0,"enemies":"2 Louse","floor":3.0,"turns":3.0},{"damage":34.0,"enemies":"3 Sentries","floor":7.0,"turns":7.0},{"damage":0.0,"enemies":"Small Slimes","floor":14.0,"turns":2.0},{"damage":13.0,"enemies":"Hexaghost","floor":16.0,"turns":7.0},{"damage":15.0,"enemies":"2 Thieves","floor":18.0,"turns":3.0},{"damage":0.0,"enemies":"Chosen","floor":20.0,"turns":3.0},{"damage":47.0,"enemies":"Masked Bandits","floor":21.0,"turns":4.0},{"damage":2.0,"enemies":"Book of Stabbing","floor":23.0,"turns":5.0},{"damage":9.0,"enemies":"Snake Plant","floor":27.0,"turns":4.0},{"damage":19.0,"enemies":"Slavers","floor":31.0,"turns":4.0},{"damage":24.0,"enemies":"Collector","floor":33.0,"turns":9.0},{"damage":9.0,"enemies":"Orb Walker","floor":35.0,"turns":3.0},{"damage":5.0,"enemies":"3 Shapes","floor":36.0,"turns":3.0},{"damage":26.0,"enemies":"Spire Growth","floor":41.0,"turns":4.0},{"damage":23,"enemies":"Jaw Worm Horde","floor":47,"turns":5},{"damage":63,"enemies":"Time Eater","floor":50,"turns":9}],"seed_played":"1295353943815701801","potions_obtained":[{"floor":1.0,"key":"Dexterity Potion"},{"floor":20.0,"key":"SkillPotion"},{"floor":21.0,"key":"Ancient Potion"},{"floor":35.0,"key":"Ancient Potion"},{"floor":41.0,"key":"PowerPotion"}],"is_trial":false,"path_per_floor":["M","?","M","$","?","R","E","$","T","R","?","?","R","M","R","B",null,"M","?","M","?","$","E","R","?","T","M","$","?","R","E","R","B",null,"M","M","?","T","$","R","M","R","T","$","?","?","M","?","R","B"],"character_chosen":"DEFECT","items_purchased":["Runic Capacitor","Go for the Eyes","Self Repair","Finesse","Hologram"],"campfire_rested":1,"item_purchase_floors":[8,8,22,28,44],"current_hp_per_floor":[76,76,74,74,74,74,40,40,40,40,33,33,33,33,33,20,76,61,61,61,14,14,19,19,19,19,22,22,22,22,15,37,25,76,76,76,72,72,69,69,53,53,53,53,43,43,32,60,60,0],"gold":52,"neow_bonus":"TEN_PERCENT_HP_BONUS","is_prod":false,"is_daily":false,"chose_seed":false,"campfire_upgraded":9,"win_rate":0,"timestamp":1563258336,"path_taken":["M","?","M","$","?","R","E","$","T","R","?","?","R","M","R","BOSS","M","?","M","?","$","E","R","?","T","M","$","?","R","E","R","BOSS","M","M","?","?","$","R","M","R","T","$","?","?","?","?","R","BOSS"],"build_version":"2019-07-10","purchased_purges":4,"victory":false,"max_hp_per_floor":[82,82,82,82,82,82,82,82,82,82,82,76,76,76,76,76,76,76,76,76,76,76,76,76,76,76,76,76,76,76,76,76,76,76,76,76,72,72,69,69,69,69,69,69,69,69,69,60,60,60],"card_choices":[{"not_picked":["Sunder","Rebound"],"picked":"Ball Lightning","floor":1.0},{"not_picked":["Stack","Sunder","Gash"],"picked":"SKIP","floor":3.0},{"not_picked":["Hologram","Heatsinks"],"picked":"Defragment","floor":7.0},{"not_picked":["Cold Snap","Lockon"],"picked":"Hologram","floor":14.0},{"not_picked":["Seek","Creative AI"],"picked":"Thunder Strike","floor":16.0},{"not_picked":["Redo+1","Glacier","Coolheaded"],"picked":"SKIP","floor":18.0},{"not_picked":["Rebound","Redo+1","Steam+1"],"picked":"SKIP","floor":20.0},{"not_picked":["Thunder Strike","Barrage+1","Gash"],"picked":"SKIP","floor":23.0},{"not_picked":["Streamline","Ball Lightning+1","Redo"],"picked":"SKIP","floor":27.0},{"not_picked":["Aggregate+1","Blizzard+1","Chaos"],"picked":"SKIP","floor":31.0},{"not_picked":["Undo+1","Double Energy+1"],"picked":"Conserve Battery","floor":35.0},{"not_picked":["Stack+1","Sweeping Beam","Streamline"],"picked":"SKIP","floor":36.0},{"not_picked":["Glacier+1","Gash","Conserve Battery"],"picked":"SKIP","floor":41.0},{"not_picked":["HandOfGreed","Thinking Ahead"],"picked":"Good Instincts","floor":45},{"not_picked":["Bandage Up","HandOfGreed"],"picked":"Finesse","floor":45},{"not_picked":["Storm","Barrage","Aggregate"],"picked":"SKIP","floor":47},{"not_picked":["Storm","Barrage","Aggregate"],"picked":"SKIP","floor":47}],"player_experience":161004,"relics_obtained":[{"floor":7.0,"key":"Sundial"},{"floor":9.0,"key":"Mercury Hourglass"},{"floor":21.0,"key":"Red Mask"},{"floor":23.0,"key":"PreservedInsect"},{"floor":26.0,"key":"Blood Vial"},{"floor":31.0,"key":"Cables"},{"floor":38.0,"key":"Whetstone"}],"event_choices":[{"damage_healed":0.0,"max_hp_gain":0.0,"max_hp_loss":0.0,"gold_gain":0.0,"event_name":"Living Wall","player_choice":"Grow","floor":2.0,"gold_loss":0.0,"damage_taken":0.0,"cards_upgraded":["Zap"]},{"damage_healed":0.0,"max_hp_gain":0.0,"max_hp_loss":0.0,"gold_gain":175.0,"event_name":"Liars Game","player_choice":"AGREE","floor":5.0,"gold_loss":0.0,"damage_taken":0.0,"cards_obtained":["Doubt"]},{"cards_removed":["Strike_B"],"damage_healed":0.0,"max_hp_gain":0.0,"max_hp_loss":0.0,"gold_gain":0.0,"event_name":"Golden Wing","player_choice":"Card Removal","floor":11.0,"gold_loss":0.0,"damage_taken":7.0},{"damage_healed":0.0,"max_hp_gain":0.0,"max_hp_loss":6.0,"gold_gain":0.0,"event_name":"Golden Idol","player_choice":"Lose Max HP","floor":12.0,"gold_loss":0.0,"damage_taken":0.0,"relics_obtained":["Golden Idol"]},{"damage_healed":0.0,"max_hp_gain":0.0,"max_hp_loss":0.0,"gold_gain":0.0,"event_name":"Vampires","player_choice":"Ignored","floor":19.0,"gold_loss":0.0,"damage_taken":0.0},{"damage_healed":0.0,"max_hp_gain":0.0,"max_hp_loss":0.0,"gold_gain":0.0,"event_name":"Masked Bandits","player_choice":"Fought Bandits","floor":21.0,"gold_loss":0.0,"damage_taken":0.0},{"damage_healed":0.0,"max_hp_gain":0.0,"max_hp_loss":0.0,"gold_gain":0.0,"event_name":"Back to Basics","player_choice":"Simplicity","floor":25.0,"gold_loss":0.0,"damage_taken":0.0,"cards_upgraded":["Strike_B","Strike_B","Defend_B","Defend_B","Defend_B","Defend_B"]},{"damage_healed":0.0,"max_hp_gain":0.0,"max_hp_loss":0.0,"gold_gain":0.0,"event_name":"Drug Dealer","player_choice":"Inject Mutagens","floor":29.0,"gold_loss":0.0,"damage_taken":0.0,"relics_obtained":["MutagenicStrength"]},{"damage_healed":0.0,"max_hp_gain":0.0,"max_hp_loss":4.0,"gold_gain":0.0,"event_name":"Winding Halls","player_choice":"Max HP","floor":37.0,"gold_loss":0.0,"damage_taken":0.0},{"damage_healed":0,"gold_gain":0,"player_choice":"Memory 3","damage_taken":10,"max_hp_gain":0,"max_hp_loss":0,"event_name":"SensoryStone","floor":45,"gold_loss":0},{"damage_healed":0,"gold_gain":0,"cards_transformed":["Strike_B"],"player_choice":"Transformed","damage_taken":0,"max_hp_gain":0,"max_hp_loss":0,"event_name":"Transmorgrifier","floor":46,"gold_loss":0,"cards_obtained":["Sunder"]},{"damage_healed":60,"gold_gain":0,"player_choice":"Heal","damage_taken":0,"max_hp_gain":0,"max_hp_loss":9,"event_name":"The Moai Head","floor":48,"gold_loss":0}],"is_beta":true,"boss_relics":[{"not_picked":["Calling Bell","Astrolabe"],"picked":"Velvet Choker"},{"not_picked":["Coffee Dripper","Orrery"],"picked":"Cursed Key"}],"items_purged_floors":[8,22,28,39],"is_endless":false,"potions_floor_spawned":[1,20,21,35,41],"killed_by":"Time Eater","ascension_level":0}