{"gold_per_floor":[118,118,118,130,8,36,36,68,142,167,242,262,262,362,362,464,464,482,482,493,232,252,278,297,154,454,211,231,248,173,191,191,295,295,314,25,44,57,72,72,87,105,105,105,125,1,51,63,63,63],"floor_reached":51,"playtime":1310,"items_purged":[],"score":741,"play_id":"d7b1d633-f9ac-4779-9f31-cf4376b69cf8","local_time":"20190616160737","is_ascension_mode":false,"campfire_choices":[{"data":"Blind","floor":7,"key":"SMITH"},{"data":"Inflame","floor":13,"key":"SMITH"},{"data":"Inflame","floor":15,"key":"SMITH"},{"floor":32,"key":"REST"},{"floor":40,"key":"REST"},{"floor":44,"key":"RECALL"},{"floor":49,"key":"DIG"}],"neow_cost":"NONE","seed_source_timestamp":233929152792800,"circlet_count":0,"master_deck":["Strike_R","Strike_R","Strike_R","Strike_R","Strike_R","Defend_R","Defend_R","Defend_R","Bash","Inflame+1","Blind+1","Inflame+1","Sword Boomerang","Headbutt","Feed","Whirlwind","Inflame","Reaper","Limit Break","Whirlwind+1","Trip","Battle Trance","Dropkick"],"special_seed":0,"relics":["Burning Blood","Orichalcum","Centennial Puzzle","Matryoshka","Shuriken","Blue Candle","Potion Belt","Fusion Hammer","Bottled Lightning","Vajra","Bag of Preparation","Ancient Tea Set","Old Coin","Question Card","Runic Cube","ClockworkSouvenir","Ornamental Fan","Shovel","Bronze Scales"],"potions_floor_usage":[18,50,50,50,50],"damage_taken":[{"damage":5,"enemies":"2 Louse","floor":1,"turns":2},{"damage":3,"enemies":"Small Slimes","floor":4,"turns":3},{"damage":8,"enemies":"Gremlin Nob","floor":6,"turns":4},{"damage":14,"enemies":"Lagavulin","floor":8,"turns":5},{"damage":17,"enemies":"3 Sentries","floor":10,"turns":7},{"damage":1,"enemies":"Cultist","floor":12,"turns":3},{"damage":45,"enemies":"The Guardian","floor":16,"turns":8},{"damage":0,"enemies":"Spheric Guardian","floor":18,"turns":2},{"damage":12,"enemies":"2 Thieves","floor":20,"turns":3},{"damage":18,"enemies":"3 Cultists","floor":22,"turns":4},{"damage":26,"enemies":"Slavers","floor":23,"turns":4},{"damage":1,"enemies":"Chosen and Byrds","floor":24,"turns":4},{"damage":4,"enemies":"Centurion and Healer","floor":28,"turns":3},{"damage":19,"enemies":"Snake Plant","floor":29,"turns":3},{"damage":4,"enemies":"Chosen and Byrds","floor":31,"turns":4},{"damage":62,"enemies":"Automaton","floor":33,"turns":7},{"damage":14,"enemies":"3 Shapes","floor":35,"turns":3},{"damage":7,"enemies":"Orb Walker","floor":37,"turns":3},{"damage":23,"enemies":"Transient","floor":38,"turns":5},{"damage":6,"enemies":"Spire Growth","floor":39,"turns":3},{"damage":14,"enemies":"Jaw Worm Horde","floor":41,"turns":4},{"damage":13,"enemies":"3 Darklings","floor":42,"turns":3},{"damage":18,"enemies":"4 Shapes","floor":45,"turns":1},{"damage":15,"enemies":"2 Orb Walkers","floor":47,"turns":3},{"damage":0,"enemies":"Transient","floor":48,"turns":5},{"damage":75,"enemies":"Awakened One","floor":50,"turns":6}],"seed_played":"-8147246934257435993","potions_obtained":[{"floor":4,"key":"AttackPotion"},{"floor":16,"key":"EssenceOfSteel"},{"floor":18,"key":"PowerPotion"},{"floor":23,"key":"BloodPotion"},{"floor":28,"key":"Block Potion"},{"floor":31,"key":"Explosive Potion"}],"is_trial":false,"path_per_floor":["M","?","?","M","$","E","R","E","T","E","?","M","R","?","R","B",null,"M","?","M","$","M","E","M","$","T","$","M","M","?","M","R","B",null,"M","$","M","M","M","R","M","M","T","R","M","$","?","M","R","B",null],"character_chosen":"IRONCLAD","items_purchased":["Inflame","Blind","Bottled Lightning","Bag of Preparation","Question Card","ClockworkSouvenir","Trip","Dropkick","Strength Potion"],"campfire_rested":2,"item_purchase_floors":[5,5,21,25,27,36,36,46,46],"current_hp_per_floor":[88,88,85,88,88,86,86,78,78,67,56,61,61,61,61,22,88,91,91,85,85,76,59,67,67,67,67,69,56,56,58,88,51,100,100,100,99,83,86,103,98,106,106,106,94,94,85,91,91,22],"gold":63,"neow_bonus":"TEN_PERCENT_HP_BONUS","is_prod":false,"is_daily":false,"chose_seed":false,"campfire_upgraded":3,"win_rate":0,"timestamp":1560690457,"path_taken":["M","?","?","M","$","E","R","E","T","E","?","M","R","?","R","BOSS","M","?","M","$","M","E","M","$","T","$","M","M","?","M","R","BOSS","M","$","M","M","M","R","M","M","T","R","M","$","?","M","R","BOSS"],"build_version":"2019-01-23","purchased_purges":0,"victory":true,"max_hp_per_floor":[88,88,88,88,88,88,88,88,88,88,88,88,88,88,88,88,88,91,91,91,91,94,97,100,100,100,100,100,100,100,100,100,100,100,100,100,100,100,103,103,106,106,106,106,106,106,106,106,106,106],"card_choices":[{"not_picked":["Clash","Searing Blow","Cleave"],"picked":"SKIP","floor":1},{"not_picked":["Combust","Warcry","True Grit"],"picked":"SKIP","floor":4},{"not_picked":["Pommel Strike","Hemokinesis"],"picked":"Inflame","floor":6},{"not_picked":["Wild Strike","Pummel"],"picked":"Sword Boomerang","floor":8},{"not_picked":["Pommel Strike","Clash","Second Wind"],"picked":"SKIP","floor":10},{"not_picked":["Flex","True Grit"],"picked":"Headbutt","floor":12},{"not_picked":["Brutality","Dark Embrace"],"picked":"Feed","floor":16},{"not_picked":["Cleave","Flex"],"picked":"Whirlwind","floor":18},{"not_picked":["Pommel Strike+1","Twin Strike","Clothesline"],"picked":"SKIP","floor":20},{"not_picked":["Heavy Blade","Shockwave+1","Twin Strike"],"picked":"SKIP","floor":22},{"not_picked":["Pommel Strike","Fire Breathing","Juggernaut"],"picked":"SKIP","floor":23},{"not_picked":["Carnage","Heavy Blade","Perfected Strike+1"],"picked":"SKIP","floor":24},{"not_picked":["Shockwave+1","Warcry","Anger","Carnage"],"picked":"SKIP","floor":28},{"not_picked":["Rage","Headbutt","Cleave"],"picked":"Inflame","floor":29},{"not_picked":["Wild Strike","Body Slam","Heavy Blade"],"picked":"Reaper","floor":31},{"not_picked":["Berserk","Fiend Fire","Double Tap"],"picked":"Limit Break","floor":33},{"not_picked":["Disarm","Corruption","Metallicize+1"],"picked":"Whirlwind+1","floor":35},{"not_picked":["Shrug It Off","Pummel+1","Wild Strike+1","Headbutt"],"picked":"SKIP","floor":37},{"not_picked":["Combust+1","Second Wind+1","Havoc","Armaments"],"picked":"SKIP","floor":38},{"not_picked":["Flex+1","Thunderclap","Shrug It Off","Sever Soul"],"picked":"SKIP","floor":39},{"not_picked":["Rampage","Shrug It Off","Flex","Sentinel+1"],"picked":"SKIP","floor":41},{"not_picked":["Thunderclap","Anger","Perfected Strike+1"],"picked":"Battle Trance","floor":42},{"not_picked":["Shockwave","Thunderclap","True Grit","Body Slam+1"],"picked":"SKIP","floor":45},{"not_picked":["Battle Trance","Pommel Strike","Feed","Flame Barrier+1"],"picked":"SKIP","floor":48}],"player_experience":623033,"relics_obtained":[{"floor":6,"key":"Centennial Puzzle"},{"floor":8,"key":"Matryoshka"},{"floor":9,"key":"Shuriken"},{"floor":9,"key":"Blue Candle"},{"floor":10,"key":"Potion Belt"},{"floor":23,"key":"Vajra"},{"floor":26,"key":"Ancient Tea Set"},{"floor":26,"key":"Old Coin"},{"floor":43,"key":"Ornamental Fan"},{"floor":47,"key":"Shovel"},{"floor":49,"key":"Bronze Scales"}],"event_choices":[{"damage_healed":0,"gold_gain":0,"player_choice":"Ignored","damage_taken":0,"max_hp_gain":0,"max_hp_loss":0,"event_name":"Golden Wing","floor":2,"gold_loss":0},{"damage_healed":0,"gold_gain":0,"player_choice":"Success","damage_taken":3,"relics_obtained":["Orichalcum"],"max_hp_gain":0,"max_hp_loss":0,"event_name":"Scrap Ooze","floor":3,"gold_loss":0},{"damage_healed":0,"gold_gain":75,"player_choice":"Gather Gold","damage_taken":11,"max_hp_gain":0,"max_hp_loss":0,"event_name":"World of Goop","floor":11,"gold_loss":0},{"damage_healed":0,"gold_gain":100,"player_choice":"Pray","damage_taken":0,"max_hp_gain":0,"max_hp_loss":0,"event_name":"Golden Shrine","floor":14,"gold_loss":0},{"damage_healed":0,"gold_gain":0,"player_choice":"Ignored","damage_taken":0,"max_hp_gain":0,"max_hp_loss":0,"event_name":"Vampires","floor":19,"gold_loss":0},{"cards_removed":["Defend_R"],"damage_healed":0,"gold_gain":0,"player_choice":"Gave Gold","damage_taken":0,"max_hp_gain":0,"max_hp_loss":0,"event_name":"Beggar","floor":30,"gold_loss":75},{"damage_healed":0,"gold_gain":0,"player_choice":"Fight","damage_taken":0,"max_hp_gain":0,"max_hp_loss":0,"event_name":"Mysterious Sphere","floor":47,"gold_loss":0}],"is_beta":false,"boss_relics":[{"not_picked":["Philosopher\u0027s Stone","Tiny House"],"picked":"Fusion Hammer"},{"not_picked":["Calling Bell","Pandora\u0027s Box"],"picked":"Runic Cube"}],"items_purged_floors":[],"is_endless":false,"potions_floor_spawned":[4,16,18,23,28,31,33,35,39,45,48],"ascension_level":0}