{"gold_per_floor":[116,116,134,23,40,67,90,90,137,97,97,109,109,84,84,183,183,196,216,233,233,233,233,247,147,147,157,175,185,185,185,185,282,282,300,300,311,411,466,466,71,71,71,71,86,103,29,0,0,0],"floor_reached":51,"playtime":10145,"items_purged":["Normality","Writhe","Zap"],"score":760,"play_id":"1428cbff-b2d9-42ed-a588-0796d9dd7124","local_time":"20190715151137","is_ascension_mode":true,"campfire_choices":[{"floor":11,"key":"REST"},{"floor":13,"key":"DIG"},{"floor":15,"key":"DIG"},{"floor":23,"key":"DIG"},{"floor":32,"key":"DIG"},{"floor":40,"key":"REST"},{"floor":42,"key":"REST"},{"data":"1","floor":44,"key":"LIFT"},{"floor":49,"key":"REST"}],"neow_cost":"CURSE","seed_source_timestamp":5377405116393,"circlet_count":0,"master_deck":["Defend_B","Defend_B","Dualcast","Rebound","Cold Snap","Compile Driver","Go for the Eyes","Darkness","Blizzard","Chill","Leap","Seek","Go for the Eyes","Compile Driver","Glacier","Bite","Bite","Bite","Bite","Bite","Cold Snap+1","FTL+1","Streamline+1","Leap","Hyperbeam","Core Surge","Cold Snap+1","Beam Cell+1","Redo","Beam Cell+1","Conserve Battery","Glacier"],"relics":["FrozenCore","Torii","Thread and Needle","Odd Mushroom","Shovel","Ancient Tea Set","Dodecahedron","Oddly Smooth Stone","DataDisk","FossilizedHelix","Bottled Lightning","Girya","Lizard Tail","Prayer Wheel","Incense Burner","Potion Belt","Singing Bowl","Red Mask"],"potions_floor_usage":[16,33,33,39,45,50,50,50,50],"damage_taken":[{"damage":7,"enemies":"Jaw Worm","floor":1,"turns":3},{"damage":0,"enemies":"Cultist","floor":3,"turns":3},{"damage":6,"enemies":"2 Louse","floor":5,"turns":2},{"damage":22,"enemies":"Gremlin Nob","floor":6,"turns":4},{"damage":2,"enemies":"The Mushroom Lair","floor":7,"turns":5},{"damage":9,"enemies":"Blue Slaver","floor":12,"turns":2},{"damage":12,"enemies":"Slime Boss","floor":16,"turns":9},{"damage":5,"enemies":"3 Byrds","floor":18,"turns":6},{"damage":12,"enemies":"Spheric Guardian","floor":19,"turns":6},{"damage":17,"enemies":"Chosen and Byrds","floor":20,"turns":12},{"damage":2,"enemies":"Sentry and Sphere","floor":24,"turns":7},{"damage":1,"enemies":"Shelled Parasite and Fungi","floor":27,"turns":6},{"damage":0,"enemies":"Centurion and Healer","floor":28,"turns":9},{"damage":0,"enemies":"Snake Plant","floor":29,"turns":6},{"damage":57,"enemies":"Automaton","floor":33,"turns":13},{"damage":0,"enemies":"Orb Walker","floor":35,"turns":4},{"damage":0,"enemies":"3 Darklings","floor":37,"turns":5},{"damage":0,"enemies":"Mind Bloom Boss Battle","floor":38,"turns":8},{"damage":44,"enemies":"2 Orb Walkers","floor":39,"turns":9},{"damage":14,"enemies":"Transient","floor":45,"turns":5},{"damage":12,"enemies":"Spire Growth","floor":46,"turns":6},{"damage":0,"enemies":"Awakened One","floor":50,"turns":17}],"seed_played":"7515719096635802819","potions_obtained":[{"floor":1,"key":"Regen Potion"},{"floor":6,"key":"EssenceOfSteel"},{"floor":16,"key":"LiquidBronze"},{"floor":18,"key":"SpeedPotion"},{"floor":33,"key":"SteroidPotion"},{"floor":35,"key":"Dexterity Potion"},{"floor":45,"key":"EssenceOfSteel"}],"is_trial":false,"path_per_floor":["M","?","M","$","M","E","?","T","T","$","R","M","R","$","R","B",null,"M","M","M","?","?","R","M","$","T","M","M","M","?","?","R","B",null,"M","?","M","?","?","R","$","R","T","R","M","M","$","?","R","B",null],"character_chosen":"DEFECT","items_purchased":["Hello World","Blizzard","Leap","Conserve Battery","Potion Belt","FocusPotion","EssenceOfSteel"],"campfire_rested":4,"item_purchase_floors":[4,10,14,41,41,41,47],"current_hp_per_floor":[68,68,68,68,62,40,38,38,38,38,60,51,51,51,51,54,75,70,58,41,41,41,41,47,47,47,51,52,52,52,52,52,1,52,52,52,52,52,8,23,23,38,38,38,32,32,32,32,49,58],"gold":0,"neow_bonus":"ONE_RARE_RELIC","is_prod":false,"is_daily":false,"chose_seed":false,"campfire_upgraded":0,"win_rate":0,"timestamp":1563221497,"path_taken":["M","?","?","$","M","E","?","?","T","$","R","M","R","?","R","BOSS","M","M","M","?","?","R","?","?","T","?","M","M","?","?","R","BOSS","M","?","M","?","?","R","?","R","T","R","?","M","$","?","R","BOSS"],"build_version":"2019-07-05","purchased_purges":3,"victory":true,"max_hp_per_floor":[75,75,75,75,75,75,75,75,75,75,75,75,75,75,75,75,75,75,75,75,75,52,52,52,52,52,52,52,52,52,52,52,52,52,52,52,52,52,52,52,52,52,52,52,56,58,58,58,58,58],"card_choices":[{"not_picked":["Turbo","Compile Driver"],"picked":"Rebound","floor":1},{"not_picked":["Gash","Stack"],"picked":"Cold Snap","floor":3},{"not_picked":["Barrage","Redo"],"picked":"Compile Driver","floor":5},{"not_picked":["Hyperbeam","Consume"],"picked":"Go for the Eyes","floor":6},{"not_picked":["Scrape","Go for the Eyes"],"picked":"Darkness","floor":7},{"not_picked":["Beam Cell","Skim"],"picked":"Chill","floor":12},{"not_picked":["Thunder Strike","Multi-Cast"],"picked":"Seek","floor":16},{"not_picked":["Scrape","Reinforced Body"],"picked":"Go for the Eyes","floor":18},{"not_picked":["Hello World","Storm"],"picked":"Compile Driver","floor":19},{"not_picked":["Steam+1","Gash"],"picked":"Glacier","floor":20},{"not_picked":["Darkness","Turbo"],"picked":"Cold Snap+1","floor":24},{"not_picked":["Tempest","Gash","Leap"],"picked":"SKIP","floor":27},{"not_picked":["Rebound","Coolheaded"],"picked":"FTL+1","floor":28},{"not_picked":["Steam+1","Compile Driver+1"],"picked":"Streamline+1","floor":29},{"not_picked":["Reboot","Amplify"],"picked":"Core Surge","floor":33},{"not_picked":["Recycle","Sunder+1"],"picked":"Cold Snap+1","floor":35},{"not_picked":["Hologram","Stack"],"picked":"Beam Cell+1","floor":37},{"not_picked":["Creative AI","Barrage+1"],"picked":"Redo","floor":38},{"not_picked":["Undo","Barrage"],"picked":"Beam Cell+1","floor":39},{"not_picked":["Chaos","Stack+1","Undo+1"],"picked":"Singing Bowl","floor":45},{"not_picked":["Conserve Battery","Buffer","Gash"],"picked":"Singing Bowl","floor":45},{"not_picked":["Go for the Eyes","Conserve Battery"],"picked":"Glacier","floor":46},{"not_picked":["Compile Driver+1","Consume+1","Cold Snap+1"],"picked":"Singing Bowl","floor":46}],"player_experience":347882,"relics_obtained":[{"floor":6,"key":"Thread and Needle"},{"floor":7,"key":"Odd Mushroom"},{"floor":8,"key":"Shovel"},{"floor":9,"key":"Ancient Tea Set"},{"floor":13,"key":"Dodecahedron"},{"floor":15,"key":"Oddly Smooth Stone"},{"floor":23,"key":"FossilizedHelix"},{"floor":26,"key":"Bottled Lightning"},{"floor":32,"key":"Girya"},{"floor":38,"key":"Prayer Wheel"},{"floor":39,"key":"Incense Burner"},{"floor":43,"key":"Singing Bowl"}],"event_choices":[{"cards_removed":["Strike_B"],"damage_healed":0,"gold_gain":0,"player_choice":"Purged","damage_taken":0,"max_hp_gain":0,"max_hp_loss":0,"event_name":"Purifier","floor":2,"gold_loss":0},{"damage_healed":0,"gold_gain":0,"player_choice":"Fought Mushrooms","damage_taken":0,"max_hp_gain":0,"max_hp_loss":0,"event_name":"Mushrooms","floor":7,"gold_loss":0},{"damage_healed":0,"gold_gain":0,"player_choice":"Opened","damage_taken":0,"relics_obtained":["DataDisk"],"max_hp_gain":0,"max_hp_loss":0,"event_name":"The Mausoleum","floor":21,"gold_loss":0,"cards_obtained":["Writhe"]},{"damage_healed":0,"gold_gain":0,"player_choice":"Became a vampire","damage_taken":0,"max_hp_gain":0,"max_hp_loss":23,"event_name":"Vampires","floor":22,"gold_loss":0,"cards_obtained":["Bite","Bite","Bite","Bite","Bite"]},{"damage_healed":0,"gold_gain":0,"player_choice":"Ignored","damage_taken":0,"max_hp_gain":0,"max_hp_loss":0,"event_name":"Ghosts","floor":30,"gold_loss":0},{"damage_healed":0,"gold_gain":0,"cards_transformed":["Defend_B","Defend_B"],"player_choice":"Became Test Subject","damage_taken":0,"max_hp_gain":0,"max_hp_loss":0,"event_name":"Drug Dealer","floor":31,"gold_loss":0,"cards_obtained":["Leap","Hyperbeam"]},{"cards_removed":["Hello World"],"damage_healed":0,"gold_gain":0,"player_choice":"Removed Power","damage_taken":0,"max_hp_gain":0,"max_hp_loss":0,"event_name":"Falling","floor":36,"gold_loss":0},{"damage_healed":0,"gold_gain":0,"player_choice":"Fight","damage_taken":0,"max_hp_gain":0,"max_hp_loss":0,"event_name":"MindBloom","floor":38,"gold_loss":0},{"damage_healed":0,"gold_gain":0,"player_choice":"Fight","damage_taken":0,"max_hp_gain":0,"max_hp_loss":0,"event_name":"Mysterious Sphere","floor":39,"gold_loss":0},{"damage_healed":0,"gold_gain":0,"player_choice":"Paid","damage_taken":0,"relics_obtained":["Red Mask"],"max_hp_gain":0,"max_hp_loss":0,"event_name":"Tomb of Lord Red Mask","floor":48,"gold_loss":29}],"is_beta":false,"boss_relics":[{"not_picked":["White Beast Statue","Astrolabe"],"picked":"FrozenCore"},{"not_picked":["Pandora\u0027s Box","Eternal Feather"],"picked":"Lizard Tail"}],"items_purged_floors":[4,25,41],"is_endless":false,"potions_floor_spawned":[1,6,16,18,24,29,33,35,45],"ascension_level":2}