{"gold_per_floor":[112,131,131,149,169,169,203,203,203,107,107,122,132,161,161,266,266,285,285,84,84,96,96,129,140,164,180,32,32,10,27,27,124,124,137,137,153,3,103,103,130,150,150,161,63,81,95,111,111,111],"floor_reached":51,"playtime":2045,"items_purged":["Doubt"],"score":811,"play_id":"eec75b41-5810-4b44-8329-b0ab63a5487d","local_time":"20180726080636","is_ascension_mode":false,"campfire_choices":[{"data":"Metallicize","floor":6.0,"key":"SMITH"},{"data":"Body Slam","floor":8.0,"key":"SMITH"},{"data":"Entrench","floor":11.0,"key":"SMITH"},{"data":"Good Instincts","floor":15.0,"key":"SMITH"},{"data":"Barricade","floor":23.0,"key":"SMITH"},{"data":"Inflame","floor":29.0,"key":"SMITH"},{"data":"Body Slam","floor":32.0,"key":"SMITH"},{"data":"Armaments","floor":40.0,"key":"SMITH"},{"data":"Bash","floor":49,"key":"SMITH"}],"neow_cost":"NONE","seed_source_timestamp":0,"circlet_count":0,"master_deck":["Strike_R","Strike_R","Strike_R","Strike_R","Strike_R","Defend_R","Defend_R","Defend_R+1","Defend_R","Bash+1","Entrench+1","Metallicize+1","Iron Wave","Body Slam+1","Good Instincts+1","Barricade+1","Battle Trance+1","Shrug It Off","Armaments+1","Inflame+1","Shrug It Off","Finesse","Shrug It Off","Body Slam+1","Armaments+1","Flash of Steel","Shrug It Off"],"special_seed":0,"relics":["Burning Blood","Happy Flower","Blood Vial","Mummified Hand","Lizard Tail","Bag of Preparation","Mercury Hourglass","Bird Faced Urn","Anchor","Cursed Key","Bronze Scales","War Paint","Peace Pipe"],"potions_floor_usage":[],"damage_taken":[{"damage":0.0,"enemies":"2 Louse","floor":1.0,"turns":3.0},{"damage":7.0,"enemies":"Small Slimes","floor":2.0,"turns":4.0},{"damage":14.0,"enemies":"Jaw Worm","floor":4.0,"turns":5.0},{"damage":8.0,"enemies":"3 Louse","floor":5.0,"turns":5.0},{"damage":33.0,"enemies":"Lagavulin","floor":7.0,"turns":8.0},{"damage":0.0,"enemies":"Large Slime","floor":12.0,"turns":6.0},{"damage":2.0,"enemies":"Blue Slaver","floor":13.0,"turns":4.0},{"damage":7.0,"enemies":"3 Sentries","floor":14.0,"turns":11.0},{"damage":51.0,"enemies":"The Guardian","floor":16.0,"turns":16.0},{"damage":7.0,"enemies":"Chosen","floor":18.0,"turns":6.0},{"damage":9.0,"enemies":"3 Byrds","floor":22.0,"turns":5.0},{"damage":47.0,"enemies":"Slavers","floor":24.0,"turns":7.0},{"damage":0.0,"enemies":"Sentry and Sphere","floor":25.0,"turns":5.0},{"damage":0.0,"enemies":"Centurion and Healer","floor":27.0,"turns":5.0},{"damage":11.0,"enemies":"Snake Plant","floor":31.0,"turns":4.0},{"damage":0.0,"enemies":"Champ","floor":33.0,"turns":8.0},{"damage":0.0,"enemies":"3 Shapes","floor":35.0,"turns":2.0},{"damage":0.0,"enemies":"Orb Walker","floor":37.0,"turns":4.0},{"damage":10,"enemies":"2 Orb Walkers","floor":41,"turns":5},{"damage":21,"enemies":"Spire Growth","floor":42,"turns":4},{"damage":0,"enemies":"Sphere and 2 Shapes","floor":44,"turns":6},{"damage":0,"enemies":"Flame Bruiser 2 Orb","floor":46,"turns":5},{"damage":0,"enemies":"4 Shapes","floor":47,"turns":6},{"damage":0,"enemies":"Transient","floor":48,"turns":5},{"damage":39,"enemies":"Awakened One","floor":50,"turns":14}],"seed_played":"-9156752689214504321","potions_obtained":[{"floor":1.0,"key":"Block Potion"},{"floor":4.0,"key":"Ancient Potion"},{"floor":13.0,"key":"SkillPotion"},{"floor":22.0,"key":"FairyPotion"},{"floor":25.0,"key":"AttackPotion"},{"floor":35.0,"key":"LiquidBronze"},{"floor":41,"key":"SpeedPotion"},{"floor":44,"key":"FairyPotion"}],"is_trial":false,"path_per_floor":["M","M","$","M","M","R","E","R","T","$","R","M","M","E","R","B",null,"M","?","$","?","M","R","E","M","T","M","$","R","$","M","R","B",null,"M","?","M","$","?","R","E","M","T","M","$","M","M","M","R","B"],"character_chosen":"IRONCLAD","items_purchased":["Good Instincts","Shrug It Off","Bag of Preparation","Shrug It Off","Finesse","Shrug It Off","Bronze Scales","Shrug It Off"],"campfire_rested":0,"item_purchase_floors":[10,20,20,28,28,30,38,45],"current_hp_per_floor":[88,87,87,79,77,77,50,50,50,50,50,58,64,65,65,22,88,87,87,87,87,85,85,46,58,58,72,72,72,72,75,75,88,88,88,88,88,88,88,88,85,75,75,88,88,88,88,88,88,57],"gold":111,"neow_bonus":"TEN_PERCENT_HP_BONUS","is_prod":false,"is_daily":false,"chose_seed":false,"campfire_upgraded":9,"win_rate":0,"timestamp":1532581596,"path_taken":["M","M","$","M","M","R","E","R","T","$","R","M","M","E","R","BOSS","M","?","$","?","M","R","E","?","T","M","?","R","$","M","R","BOSS","M","?","M","$","?","R","E","M","T","M","$","M","M","M","R","BOSS"],"build_version":"2018-07-19v2","purchased_purges":1,"victory":true,"max_hp_per_floor":[88,88,88,88,88,88,88,88,88,88,88,88,88,88,88,88,88,88,88,88,88,88,88,88,88,88,88,88,88,88,88,88,88,88,88,88,88,88,88,88,88,88,88,88,88,88,88,88,88,88],"card_choices":[{"not_picked":["Armaments","Sever Soul"],"picked":"Entrench","floor":1.0},{"not_picked":["Cleave","Warcry"],"picked":"Metallicize","floor":2.0},{"not_picked":["Twin Strike","Thunderclap"],"picked":"Iron Wave","floor":4.0},{"not_picked":["Twin Strike","Warcry","Second Wind"],"picked":"SKIP","floor":5.0},{"not_picked":["Sever Soul","Second Wind"],"picked":"Body Slam","floor":7.0},{"not_picked":["Thunderclap","Blood for Blood","Perfected Strike"],"picked":"SKIP","floor":12.0},{"not_picked":["Clothesline","Headbutt","Pummel"],"picked":"SKIP","floor":13.0},{"not_picked":["Wild Strike","Dropkick","Sever Soul"],"picked":"SKIP","floor":14.0},{"not_picked":["Feed","Demon Form"],"picked":"Barricade","floor":16.0},{"not_picked":["Uppercut","Heavy Blade","Wild Strike+1"],"picked":"SKIP","floor":18.0},{"not_picked":["Blood for Blood","Wild Strike"],"picked":"Armaments+1","floor":22.0},{"not_picked":["Rampage","Clothesline+1","Burning Pact+1"],"picked":"SKIP","floor":24.0},{"not_picked":["Perfected Strike+1","Bloodletting"],"picked":"Inflame","floor":25.0},{"not_picked":["Flex","Carnage+1","Evolve"],"picked":"SKIP","floor":27.0},{"not_picked":["Inflame","Shockwave+1"],"picked":"Body Slam","floor":31.0},{"not_picked":["True Grit+1","Twin Strike"],"picked":"Armaments","floor":35.0},{"not_picked":["Cleave","Clash+1","Fire Breathing+1"],"picked":"SKIP","floor":37.0},{"not_picked":["Corruption","Feel No Pain","Second Wind+1"],"picked":"SKIP","floor":41},{"not_picked":["Flex+1","Havoc","Rampage"],"picked":"SKIP","floor":42},{"not_picked":["Headbutt+1","Cleave","Perfected Strike"],"picked":"SKIP","floor":44},{"not_picked":["Thunderclap","Blood for Blood","Shockwave+1"],"picked":"SKIP","floor":46},{"not_picked":["Intimidate+1","Warcry+1","Headbutt+1"],"picked":"SKIP","floor":47},{"not_picked":["Disarm+1","Headbutt+1","True Grit+1"],"picked":"SKIP","floor":48}],"player_experience":215485,"relics_obtained":[{"floor":7.0,"key":"Happy Flower"},{"floor":9.0,"key":"Blood Vial"},{"floor":14.0,"key":"Mummified Hand"},{"floor":24.0,"key":"Bird Faced Urn"},{"floor":26.0,"key":"Anchor"},{"floor":41,"key":"War Paint"},{"floor":43,"key":"Peace Pipe"}],"event_choices":[{"event_name":"The Library","player_choice":"Read","floor":19.0,"damage_taken":0.0},{"event_name":"The Mausoleum","player_choice":"Yes","floor":21.0,"damage_taken":0.0},{"event_name":"Match and Keep!","player_choice":"1 cards matched","floor":36.0,"damage_taken":0.0},{"event_name":"Golden Shrine","player_choice":"Pray","floor":39.0,"damage_taken":0.0}],"is_beta":false,"boss_relics":[{"not_picked":["Pandora\u0027s Box","Runic Pyramid"],"picked":"Lizard Tail"},{"not_picked":["Snecko Eye","White Beast Statue"],"picked":"Cursed Key"}],"items_purged_floors":[45],"is_endless":false,"potions_floor_spawned":[1,4,13,22,25,35,41,44],"ascension_level":0}