{"gold_per_floor":[119,131,142,90,105,138,138,170,193,207,234,183,199,174,174,274,274,287,307,307,407,426,459,4,36,36,67,81,97,2,16,16,117,117,129,24,36,53,53,87,87,119,174,174,206,306,332,343,343,343],"floor_reached":51,"playtime":1211,"items_purged":[],"score":1972,"play_id":"ef5f67e2-2119-4cfd-9c60-8648fb1ca16f","local_time":"20190701211516","daily_mods":["SealedDeck","Hoarder","Colorless Cards","Elite Swarm"],"is_ascension_mode":false,"campfire_choices":[{"data":"Mind Blast","floor":7,"key":"SMITH"},{"data":"Mind Blast","floor":15,"key":"SMITH"},{"data":"Mind Blast","floor":32,"key":"SMITH"},{"floor":41,"key":"REST"},{"floor":44,"key":"REST"},{"floor":49,"key":"REST"}],"neow_cost":"","seed_source_timestamp":0,"circlet_count":0,"master_deck":["Flex","Flex","Flex","Twin Strike","Twin Strike","Twin Strike","Headbutt","Headbutt","Headbutt","Battle Trance","Battle Trance","Battle Trance","Iron Wave","Iron Wave","Iron Wave","Twin Strike","Twin Strike","Twin Strike","Cleave","Cleave","Cleave","Shrug It Off","Shrug It Off","Shrug It Off","Shrug It Off","Shrug It Off","Shrug It Off","Mind Blast+1","Mind Blast+1","Mind Blast+1","Armaments+1","Armaments","Armaments","Clothesline","Clothesline","Clothesline","Pommel Strike","Pommel Strike","Pommel Strike","Shrug It Off","Shrug It Off+1","Shrug It Off","Heavy Blade","Heavy Blade","Heavy Blade","Impervious","Impervious","Impervious","Feed","Feed","Feed","Body Slam","Body Slam","Body Slam","Violence","Violence","Violence","Headbutt","Headbutt","Headbutt","Secret Weapon","Secret Weapon","Secret Weapon","Mind Blast+1","Mind Blast+1","Mind Blast+1","Cleave","Cleave","Cleave","Swift Strike+1","Swift Strike+1","Swift Strike+1","Pommel Strike","Pommel Strike","Pommel Strike","Mayhem","Mayhem","Mayhem","Shrug It Off","Shrug It Off","Shrug It Off","Sword Boomerang","Sword Boomerang","Sword Boomerang","Swift Strike","Swift Strike","Swift Strike","Deep Breath","Deep Breath","Deep Breath","Flex","Flex","Flex","Flex","Flex","Flex","True Grit","True Grit","True Grit","Shrug It Off","Shrug It Off","Shrug It Off","Inflame","Inflame","Inflame","Clothesline","Clothesline","Clothesline","Secret Technique","Secret Technique","Secret Technique","Shame","Shame","Shame","Apotheosis","Apotheosis","Apotheosis","Mind Blast+1","Mind Blast+1","Mind Blast+1","Whirlwind+1","Whirlwind+1","Whirlwind+1","Warcry","Warcry","Warcry","Iron Wave+1","Iron Wave+1","Iron Wave+1","Armaments","Armaments","Armaments","Thunderclap+1","Thunderclap+1","Thunderclap+1","Secret Technique","Secret Technique","Secret Technique","Jack Of All Trades","Jack Of All Trades","Jack Of All Trades","Searing Blow+1","Searing Blow+1","Searing Blow+1","Heavy Blade+1","Heavy Blade+1","Heavy Blade+1","Flex","Flex","Flex","Headbutt+1","Headbutt+1","Headbutt+1","Perfected Strike+1","Perfected Strike+1","Perfected Strike+1","Madness","Madness","Madness","Madness","Madness","Madness","Transmutation","Transmutation","Transmutation","Thunderclap+1","Thunderclap+1","Thunderclap+1","Barricade","Barricade","Barricade","Clumsy","Clumsy","Clumsy","Swift Strike+1","Swift Strike+1","Swift Strike+1","Impervious","Impervious","Impervious","Clothesline+1","Clothesline+1","Clothesline+1","Transmutation","Transmutation","Transmutation","Inflame+1","Inflame+1","Inflame+1","Perfected Strike+1","Perfected Strike+1","Perfected Strike+1"],"special_seed":0,"relics":["Burning Blood","Ancient Tea Set","Blood Vial","War Paint","Dodecahedron","Cursed Key","Dream Catcher","Ice Cream","The Courier","Meat on the Bone","Bag of Marbles","Molten Egg 2","Potion Belt","Busted Crown","Pocketwatch","Blue Candle","Vajra","Bottled Tornado","Peace Pipe","Kunai"],"potions_floor_usage":[11],"damage_taken":[{"damage":0.0,"enemies":"Cultist","floor":1.0,"turns":2.0},{"damage":0,"enemies":"Small Slimes","floor":2,"turns":2},{"damage":0,"enemies":"2 Louse","floor":3,"turns":3},{"damage":0,"enemies":"Exordium Wildlife","floor":5,"turns":3},{"damage":0,"enemies":"Gremlin Nob","floor":6,"turns":2},{"damage":0,"enemies":"3 Sentries","floor":8,"turns":1},{"damage":0,"enemies":"3 Louse","floor":10,"turns":2},{"damage":0,"enemies":"Lagavulin","floor":11,"turns":1},{"damage":0,"enemies":"2 Fungi Beasts","floor":13,"turns":1},{"damage":0,"enemies":"The Guardian","floor":16,"turns":4},{"damage":0,"enemies":"3 Byrds","floor":18,"turns":1},{"damage":0,"enemies":"Chosen","floor":19,"turns":1},{"damage":0,"enemies":"Colosseum Slavers","floor":21,"turns":1},{"damage":0,"enemies":"Colosseum Nobs","floor":21,"turns":1},{"damage":0,"enemies":"Shelled Parasite and Fungi","floor":22,"turns":1},{"damage":0,"enemies":"Slavers","floor":23,"turns":1},{"damage":0,"enemies":"Gremlin Leader","floor":25,"turns":1},{"damage":0,"enemies":"Book of Stabbing","floor":27,"turns":1},{"damage":0,"enemies":"Sentry and Sphere","floor":28,"turns":1},{"damage":0,"enemies":"Snake Plant","floor":29,"turns":1},{"damage":0,"enemies":"Chosen and Byrds","floor":31,"turns":1},{"damage":0,"enemies":"Champ","floor":33,"turns":1},{"damage":0,"enemies":"Orb Walker","floor":35,"turns":1},{"damage":0,"enemies":"3 Darklings","floor":37,"turns":1},{"damage":0,"enemies":"Maw","floor":38,"turns":1},{"damage":0,"enemies":"Nemesis","floor":40,"turns":1},{"damage":0,"enemies":"Giant Head","floor":42,"turns":1},{"damage":0,"enemies":"Nemesis","floor":45,"turns":1},{"damage":0,"enemies":"Mind Bloom Boss Battle","floor":46,"turns":1},{"damage":0,"enemies":"Giant Head","floor":47,"turns":1},{"damage":0,"enemies":"Writhing Mass","floor":48,"turns":1},{"damage":0,"enemies":"Awakened One","floor":50,"turns":3}],"seed_played":"742128575928079741","potions_obtained":[{"floor":1,"key":"BloodPotion"},{"floor":2,"key":"Energy Potion"},{"floor":10,"key":"EssenceOfSteel"},{"floor":13,"key":"Weak Potion"},{"floor":31,"key":"SkillPotion"},{"floor":33,"key":"Dexterity Potion"}],"is_trial":true,"path_per_floor":["M","M","M","$","M","E","R","E","T","M","E","$","M","?","R","B",null,"M","M","?","?","M","E","$","E","T","E","M","M","$","M","R","B",null,"M","$","M","M","?","E","R","E","T","R","E","?","E","M","R","B",null],"character_chosen":"IRONCLAD","items_purchased":["Shrug It Off","Block Potion","Shrug It Off","Sword Boomerang","Swift Strike","Deep Breath","Flex","Flex","True Grit","Shrug It Off","Inflame","Clothesline","Warcry","Iron Wave+1","Armaments","Searing Blow+1","Heavy Blade+1","Flex"],"campfire_rested":3,"item_purchase_floors":[4,12,24,24,24,24,24,24,24,24,24,24,30,30,30,36,36,36],"current_hp_per_floor":[80,80,80,80,80,80,80,80,80,80,80,80,80,80,80,80,80,80,80,80,80,80,80,80,80,80,80,80,80,80,80,80,80,80,80,80,80,80,70,78,80,80,80,80,80,80,80,80,80,80],"gold":343,"neow_bonus":"","is_prod":false,"is_daily":false,"chose_seed":false,"campfire_upgraded":3,"win_rate":0,"timestamp":1562008516,"path_taken":["M","M","M","$","?","E","R","E","T","M","E","$","M","?","R","BOSS","M","M","?","?","M","E","$","E","T","E","M","?","$","M","R","BOSS","M","$","M","M","?","E","R","E","T","R","E","?","E","M","R","BOSS"],"build_version":"2019-01-23","purchased_purges":0,"victory":true,"max_hp_per_floor":[80,80,80,80,80,80,80,80,80,80,80,80,80,80,80,80,80,80,80,80,80,80,80,80,80,80,80,80,80,80,80,80,80,80,80,80,80,80,80,80,80,80,80,80,80,80,80,80,80,80],"card_choices":[{"not_picked":["Heavy Blade","Perfected Strike"],"picked":"Armaments","floor":1},{"not_picked":["Berserk","Dual Wield"],"picked":"Clothesline","floor":2},{"not_picked":["Clothesline","Havoc"],"picked":"Pommel Strike","floor":3},{"not_picked":["Rupture","Searing Blow"],"picked":"Heavy Blade","floor":5},{"not_picked":["Exhume","Dark Embrace"],"picked":"Impervious","floor":6},{"not_picked":["Chrysalis","Juggernaut"],"picked":"Feed","floor":8},{"not_picked":["Clothesline","Rampage"],"picked":"Body Slam","floor":10},{"not_picked":["Chrysalis","Feed"],"picked":"Violence","floor":11},{"not_picked":["Armaments","Searing Blow"],"picked":"Headbutt","floor":13},{"not_picked":["Panache","Reaper"],"picked":"Secret Weapon","floor":16},{"not_picked":["Shockwave","Shrug It Off"],"picked":"Mind Blast+1","floor":18},{"not_picked":["Clothesline","Wild Strike"],"picked":"Cleave","floor":19},{"not_picked":["Heavy Blade","Thunderclap"],"picked":"Swift Strike+1","floor":21},{"not_picked":["Clash+1","Cleave"],"picked":"Pommel Strike","floor":22},{"not_picked":["Limit Break","Barricade"],"picked":"Mayhem","floor":23},{"not_picked":["Metamorphosis","Double Tap"],"picked":"Secret Technique","floor":25},{"not_picked":["Panache","Double Tap"],"picked":"Apotheosis","floor":27},{"not_picked":["Anger+1","Havoc+1"],"picked":"Mind Blast+1","floor":28},{"not_picked":["Heavy Blade+1","Pommel Strike+1"],"picked":"Whirlwind+1","floor":29},{"not_picked":["Warcry","Sword Boomerang+1"],"picked":"Thunderclap+1","floor":31},{"not_picked":["Sadistic Nature","Magnetism"],"picked":"Secret Technique","floor":33},{"not_picked":[],"picked":"Jack Of All Trades","floor":35},{"not_picked":[],"picked":"Headbutt+1","floor":37},{"not_picked":[],"picked":"Perfected Strike+1","floor":38},{"not_picked":[],"picked":"Transmutation","floor":40},{"not_picked":[],"picked":"Thunderclap+1","floor":41},{"not_picked":[],"picked":"Barricade","floor":42},{"not_picked":[],"picked":"Swift Strike+1","floor":44},{"not_picked":[],"picked":"Impervious","floor":45},{"not_picked":[],"picked":"Clothesline+1","floor":46},{"not_picked":[],"picked":"Transmutation","floor":47},{"not_picked":[],"picked":"Inflame+1","floor":48},{"not_picked":[],"picked":"Perfected Strike+1","floor":49}],"player_experience":309557,"relics_obtained":[{"floor":6,"key":"Ancient Tea Set"},{"floor":8,"key":"Blood Vial"},{"floor":9,"key":"War Paint"},{"floor":11,"key":"Dodecahedron"},{"floor":21,"key":"Ice Cream"},{"floor":21,"key":"The Courier"},{"floor":23,"key":"Meat on the Bone"},{"floor":25,"key":"Bag of Marbles"},{"floor":26,"key":"Molten Egg 2"},{"floor":27,"key":"Potion Belt"},{"floor":40,"key":"Pocketwatch"},{"floor":42,"key":"Blue Candle"},{"floor":43,"key":"Vajra"},{"floor":45,"key":"Bottled Tornado"},{"floor":46,"key":"Peace Pipe"},{"floor":47,"key":"Kunai"}],"event_choices":[{"damage_healed":0,"gold_gain":0,"player_choice":"Left Gold","damage_taken":0,"max_hp_gain":0,"max_hp_loss":0,"event_name":"World of Goop","floor":14,"gold_loss":25},{"damage_healed":0,"gold_gain":0,"player_choice":"Opened","damage_taken":0,"relics_obtained":["Dream Catcher"],"max_hp_gain":0,"max_hp_loss":0,"event_name":"The Mausoleum","floor":20,"gold_loss":0},{"damage_healed":0,"gold_gain":0,"player_choice":"Fight","damage_taken":0,"max_hp_gain":0,"max_hp_loss":0,"event_name":"Colosseum","floor":21,"gold_loss":0},{"damage_healed":0,"gold_gain":0,"player_choice":"Fought Nobs","damage_taken":0,"max_hp_gain":0,"max_hp_loss":0,"event_name":"Colosseum","floor":21,"gold_loss":0},{"damage_healed":0,"gold_gain":0,"player_choice":"Embrace Madness","damage_taken":10,"max_hp_gain":0,"max_hp_loss":0,"event_name":"Winding Halls","floor":39,"gold_loss":0,"cards_obtained":["Madness","Madness"]},{"damage_healed":0,"gold_gain":0,"player_choice":"Fight","damage_taken":0,"max_hp_gain":0,"max_hp_loss":0,"event_name":"MindBloom","floor":46,"gold_loss":0}],"is_beta":false,"boss_relics":[{"not_picked":["Runic Pyramid","Velvet Choker"],"picked":"Cursed Key"},{"not_picked":["Calling Bell","Eternal Feather"],"picked":"Busted Crown"}],"items_purged_floors":[],"is_endless":false,"potions_floor_spawned":[1,2,10,13,21,22,28,31,33,42,46,48],"ascension_level":0}