{"gold_per_floor":[116,91,103,103,114,189,199,199,199,217,217,237,248,248,248,351,401,414,414],"floor_reached":19,"playtime":425,"items_purged":[],"score":161,"play_id":"42763d4e-d41e-4db5-994b-d9ad1610c7ff","local_time":"20181028035043","is_ascension_mode":false,"campfire_choices":[{"data":"Sword Boomerang","floor":8,"key":"SMITH"},{"data":"Bash","floor":11,"key":"SMITH"},{"data":"Inflame","floor":15,"key":"SMITH"}],"neow_cost":"NONE","seed_source_timestamp":301465974956664,"circlet_count":0,"master_deck":["Strike_R","Strike_R","Strike_R","Strike_R+1","Strike_R","Defend_R","Defend_R","Defend_R","Defend_R","Bash+1","Sword Boomerang+1","Inflame+1","Offering","Sword Boomerang"],"relics":["Burning Blood","NeowsBlessing","Oddly Smooth Stone","Meat on the Bone","Tiny House"],"potions_floor_usage":[16],"damage_taken":[{"damage":0,"enemies":"2 Louse","floor":1,"turns":1},{"damage":0,"enemies":"Jaw Worm","floor":3,"turns":1},{"damage":0,"enemies":"Small Slimes","floor":5,"turns":1},{"damage":11,"enemies":"Blue Slaver","floor":7,"turns":4},{"damage":9,"enemies":"2 Fungi Beasts","floor":10,"turns":4},{"damage":28,"enemies":"Gremlin Gang","floor":12,"turns":5},{"damage":9,"enemies":"3 Louse","floor":13,"turns":5},{"damage":36,"enemies":"The Guardian","floor":16,"turns":11},{"damage":28,"enemies":"Shell Parasite","floor":18,"turns":6},{"damage":10,"enemies":"3 Byrds","floor":19,"turns":2}],"seed_played":"-550744435889974754","potions_obtained":[{"floor":3,"key":"Ancient Potion"},{"floor":7,"key":"BloodPotion"},{"floor":10,"key":"PowerPotion"},{"floor":17,"key":"Regen Potion"},{"floor":18,"key":"SteroidPotion"}],"is_trial":false,"path_per_floor":["M","$","M","$","M","?","M","R","T","M","R","M","M","?","R","B",null,"M"],"character_chosen":"IRONCLAD","items_purchased":["Sword Boomerang"],"campfire_rested":0,"item_purchase_floors":[2],"current_hp_per_floor":[80,80,80,80,80,69,64,64,64,61,61,39,36,36,36,26,85,63,53],"gold":414,"neow_bonus":"THREE_ENEMY_KILL","is_prod":false,"is_daily":false,"chose_seed":false,"campfire_upgraded":3,"win_rate":0,"timestamp":1540687843,"path_taken":["M","$","M","$","M","?","M","R","T","M","R","M","M","?","R","BOSS","M","M"],"build_version":"2018-10-25v2","purchased_purges":0,"victory":false,"max_hp_per_floor":[80,80,80,80,80,80,80,80,80,80,80,80,80,80,80,80,85,85,85],"card_choices":[{"not_picked":["Pommel Strike","Evolve","Pummel"],"picked":"SKIP","floor":1},{"not_picked":["Dropkick","Rampage","Pommel Strike"],"picked":"SKIP","floor":3},{"not_picked":["Perfected Strike","Havoc","Reckless Charge"],"picked":"SKIP","floor":5},{"not_picked":["Sever Soul","Thunderclap","Power Through"],"picked":"SKIP","floor":7},{"not_picked":["Headbutt","Sentinel","Dual Wield"],"picked":"SKIP","floor":10},{"not_picked":["Dual Wield","Disarm","Carnage"],"picked":"SKIP","floor":12},{"not_picked":["Sword Boomerang","Cleave"],"picked":"Inflame","floor":13},{"not_picked":["Juggernaut","Brutality"],"picked":"Offering","floor":16},{"not_picked":["Clash","Iron Wave"],"picked":"Sword Boomerang","floor":17},{"not_picked":["Corruption","Uppercut","Flex+1"],"picked":"SKIP","floor":18}],"player_experience":441118,"relics_obtained":[{"floor":9,"key":"Oddly Smooth Stone"}],"event_choices":[{"damage_healed":0,"gold_gain":75,"player_choice":"Gather Gold","damage_taken":11,"max_hp_gain":0,"max_hp_loss":0,"event_name":"World of Goop","floor":6,"gold_loss":0},{"damage_healed":0,"gold_gain":0,"player_choice":"Searched \u00271\u0027 times","damage_taken":0,"relics_obtained":["Meat on the Bone"],"max_hp_gain":0,"max_hp_loss":0,"event_name":"Dead Adventurer","floor":14,"gold_loss":0}],"is_beta":false,"boss_relics":[{"not_picked":["Calling Bell","Pandora\u0027s Box"],"picked":"Tiny House"}],"items_purged_floors":[],"is_endless":false,"potions_floor_spawned":[3,7,10,18],"killed_by":"3 Byrds","ascension_level":0}