{"gold_per_floor":[112,131,131,131,147,147,172,191,191,191,191,205,222,235,235,339,339,350,350,361,371,390,390,407,113,113,138,151,151,151,165,165,269,269,279,145,159,177,232,232,232,255,282,282,314,314,324,8,8,8],"floor_reached":51,"playtime":1790,"items_purged":["Strike_B","Normality","Regret"],"score":701,"play_id":"cd483b8d-b67e-42ba-92b3-3336004fc43d","local_time":"20181004035424","is_ascension_mode":false,"campfire_choices":[{"data":"Consume","floor":6.0,"key":"SMITH"},{"floor":10.0,"key":"REST"},{"data":"Loop","floor":15.0,"key":"SMITH"},{"data":"Defragment","floor":23.0,"key":"SMITH"},{"data":"Static Discharge","floor":29.0,"key":"SMITH"},{"data":"Self Repair","floor":32.0,"key":"SMITH"},{"data":"Zap","floor":40,"key":"SMITH"},{"data":"Reboot","floor":44,"key":"SMITH"},{"data":"Conserve Battery","floor":46,"key":"SMITH"},{"data":"Conserve Battery","floor":49,"key":"SMITH"}],"neow_cost":"PERCENT_DAMAGE","seed_source_timestamp":6217582372858,"circlet_count":0,"master_deck":["Strike_B","Strike_B","Strike_B","Defend_B+1","Defend_B","Defend_B","Defend_B+1","Zap+1","Dualcast","Genetic Algorithm","Conserve Battery+1","Self Repair+1","Consume+1","Seek+1","Loop+1","Leap","Genetic Algorithm","BootSequence","Reboot+1","Conserve Battery+1","Electrodynamics","Electrodynamics","Self Repair+1","Defragment+1","Static Discharge+1","Echo Form+1","Defragment+1","Defragment+1","Loop+1","Heatsinks+1","Writhe","Echo Form+1"],"special_seed":0,"relics":["Cracked Core","Prayer Wheel","Centennial Puzzle","Bronze Scales","Cursed Key","Anchor","Happy Flower","Frozen Egg 2","Orrery","Bird Faced Urn","Dream Catcher","PreservedInsect","Sundial","ClockworkSouvenir"],"potions_floor_usage":[50,50,50],"damage_taken":[{"damage":1.0,"enemies":"2 Louse","floor":1.0,"turns":3.0},{"damage":2.0,"enemies":"Small Slimes","floor":2.0,"turns":3.0},{"damage":0.0,"enemies":"Cultist","floor":5.0,"turns":4.0},{"damage":30.0,"enemies":"Gremlin Nob","floor":7.0,"turns":5.0},{"damage":4.0,"enemies":"Large Slime","floor":8.0,"turns":6.0},{"damage":2.0,"enemies":"Red Slaver","floor":12.0,"turns":5.0},{"damage":1.0,"enemies":"Looter","floor":13.0,"turns":4.0},{"damage":0.0,"enemies":"2 Fungi Beasts","floor":14.0,"turns":2.0},{"damage":19.0,"enemies":"The Guardian","floor":16.0,"turns":10.0},{"damage":2.0,"enemies":"Chosen","floor":18.0,"turns":4.0},{"damage":3.0,"enemies":"Spheric Guardian","floor":20.0,"turns":4.0},{"damage":11.0,"enemies":"Snake Plant","floor":21.0,"turns":4.0},{"damage":5.0,"enemies":"Sentry and Sphere","floor":22.0,"turns":5.0},{"damage":0.0,"enemies":"3 Cultists","floor":24.0,"turns":3.0},{"damage":12.0,"enemies":"Slavers","floor":27.0,"turns":3.0},{"damage":10.0,"enemies":"Snecko","floor":28.0,"turns":5.0},{"damage":9.0,"enemies":"Cultist and Chosen","floor":31.0,"turns":4.0},{"damage":44.0,"enemies":"Automaton","floor":33.0,"turns":10.0},{"damage":19.0,"enemies":"3 Darklings","floor":35.0,"turns":4.0},{"damage":9.0,"enemies":"3 Shapes","floor":37.0,"turns":3.0},{"damage":17.0,"enemies":"Spire Growth","floor":38.0,"turns":5.0},{"damage":16,"enemies":"Mysterious Sphere","floor":39,"turns":4},{"damage":12,"enemies":"2 Orb Walkers","floor":45,"turns":4},{"damage":41,"enemies":"3 Darklings","floor":47,"turns":3},{"damage":43,"enemies":"Time Eater","floor":50,"turns":6}],"seed_played":"-1839473452057125848","potions_obtained":[{"floor":1.0,"key":"Strength Potion"},{"floor":5.0,"key":"Swift Potion"},{"floor":13.0,"key":"Poison Potion"},{"floor":16.0,"key":"Fire Potion"},{"floor":21.0,"key":"Dexterity Potion"}],"is_trial":false,"path_per_floor":["M","M","$","?","M","R","E","M","T","R","?","M","M","M","R","B",null,"M","?","M","M","M","R","M","$","T","E","M","R","?","M","R","B",null,"M","$","M","M","?","R","?","T","T","R","E","R","M","$","R","B"],"character_chosen":"DEFECT","items_purchased":["Static Discharge","Anchor","Loop+1","ClockworkSouvenir"],"campfire_rested":1,"item_purchase_floors":[25,25,36,48],"current_hp_per_floor":[53,51,51,36,43,43,20,23,23,45,45,50,56,56,56,44,75,75,75,75,75,75,75,75,75,75,63,70,70,70,75,75,51,75,75,75,75,75,75,75,75,75,75,75,73,73,56,56,56,69],"gold":8,"neow_bonus":"ONE_RARE_RELIC","is_prod":false,"is_daily":false,"chose_seed":false,"campfire_upgraded":9,"win_rate":0,"timestamp":1538614464,"path_taken":["M","M","$","?","M","R","E","?","T","R","?","M","M","M","R","BOSS","M","?","M","M","M","R","M","$","T","E","M","R","?","M","R","BOSS","M","$","M","M","?","R","?","?","T","R","E","R","?","$","R","BOSS"],"build_version":"2018-09-27","purchased_purges":3,"victory":true,"max_hp_per_floor":[75,75,75,75,75,75,75,75,75,75,75,75,75,75,75,75,75,75,75,75,75,75,75,75,75,75,75,75,75,75,75,75,75,75,75,75,75,75,75,75,75,75,75,75,75,75,75,75,75,75],"card_choices":[{"not_picked":["Ball Lightning","Hologram"],"picked":"Genetic Algorithm","floor":1.0},{"not_picked":["Turbo","Redo"],"picked":"Conserve Battery","floor":1.0},{"not_picked":["Ball Lightning","Hologram"],"picked":"Self Repair","floor":2.0},{"not_picked":["Sweeping Beam","White Noise"],"picked":"Consume","floor":2.0},{"not_picked":["Conserve Battery","Compile Driver"],"picked":"Seek","floor":5.0},{"not_picked":["Barrage","Compile Driver"],"picked":"Loop","floor":5.0},{"not_picked":["Coolheaded","Aggregate"],"picked":"Leap","floor":7.0},{"not_picked":["Tempest","Stack"],"picked":"Genetic Algorithm","floor":8.0},{"not_picked":["Streamline","Skim"],"picked":"BootSequence","floor":8.0},{"not_picked":["Sweeping Beam","Turbo"],"picked":"Conserve Battery","floor":12.0},{"not_picked":["Leap","Go for the Eyes"],"picked":"Electrodynamics","floor":12.0},{"not_picked":["Aggregate","Double Energy","Hologram"],"picked":"SKIP","floor":13.0},{"not_picked":["Force Field","Gash","Hologram"],"picked":"SKIP","floor":13.0},{"not_picked":["Force Field","Stack","Barrage"],"picked":"SKIP","floor":14.0},{"not_picked":["Turbo","Coolheaded","Go for the Eyes"],"picked":"SKIP","floor":14.0},{"not_picked":["Multi-Cast","Core Surge"],"picked":"Electrodynamics","floor":16.0},{"not_picked":["Steam","Hologram"],"picked":"Self Repair+1","floor":18.0},{"not_picked":["Rebound+1","Go for the Eyes+1","Ball Lightning"],"picked":"SKIP","floor":18.0},{"not_picked":["Beam Cell","Ball Lightning"],"picked":"Defragment","floor":20.0},{"not_picked":["Redo+1","Multi-Cast","Sweeping Beam"],"picked":"SKIP","floor":20.0},{"not_picked":["Cold Snap","Sweeping Beam","Conserve Battery"],"picked":"SKIP","floor":21.0},{"not_picked":["Leap+1","Go for the Eyes+1","FTL+1"],"picked":"SKIP","floor":21.0},{"not_picked":["Aggregate","Coolheaded+1","Cold Snap"],"picked":"SKIP","floor":22.0},{"not_picked":["Compile Driver","Creative AI","Steam+1"],"picked":"SKIP","floor":22.0},{"not_picked":["Rip and Tear+1","Self Repair","Conserve Battery"],"picked":"SKIP","floor":24.0},{"not_picked":["Beam Cell","Redo","Scrape+1"],"picked":"SKIP","floor":24.0},{"not_picked":["Streamline+1","Sweeping Beam","Rebound"],"picked":"SKIP","floor":27.0},{"not_picked":["Gash","White Noise","Undo"],"picked":"SKIP","floor":28.0},{"not_picked":["Sweeping Beam","Undo","Gash"],"picked":"SKIP","floor":28.0},{"not_picked":["Go for the Eyes","Barrage","Steam Power"],"picked":"SKIP","floor":31.0},{"not_picked":["Hello World+1","Rebound","Steam"],"picked":"SKIP","floor":31.0},{"not_picked":["Seek","Multi-Cast"],"picked":"Echo Form+1","floor":33.0},{"not_picked":["Conserve Battery","Glacier"],"picked":"Defragment+1","floor":34.0},{"not_picked":["Aggregate+1","Sunder+1"],"picked":"Defragment+1","floor":35.0},{"not_picked":["Leap","Aggregate","Beam Cell"],"picked":"SKIP","floor":35.0},{"not_picked":["Coolheaded+1","Rebound+1","Go for the Eyes+1"],"picked":"SKIP","floor":37.0},{"not_picked":["Undo","Steam Power","Leap"],"picked":"SKIP","floor":37.0},{"not_picked":["Go for the Eyes","Heatsinks+1","Self Repair+1"],"picked":"SKIP","floor":38.0},{"not_picked":["White Noise+1","Leap+1","Fusion+1"],"picked":"SKIP","floor":38.0},{"not_picked":["Streamline+1","Blizzard+1"],"picked":"Heatsinks+1","floor":39},{"not_picked":["Steam","Redo+1"],"picked":"Echo Form+1","floor":45},{"not_picked":["Cold Snap","Beam Cell","Turbo"],"picked":"SKIP","floor":47},{"not_picked":["FTL","Tempest+1","Cold Snap+1"],"picked":"SKIP","floor":47}],"player_experience":361395,"relics_obtained":[{"floor":7.0,"key":"Centennial Puzzle"},{"floor":9.0,"key":"Bronze Scales"},{"floor":26.0,"key":"Happy Flower"},{"floor":27.0,"key":"Frozen Egg 2"},{"floor":39,"key":"Bird Faced Urn"},{"floor":42,"key":"Dream Catcher"},{"floor":43,"key":"PreservedInsect"},{"floor":45,"key":"Sundial"}],"event_choices":[{"event_name":"Shining Light","player_choice":"Entered Light","floor":4.0,"damage_taken":0.0},{"event_name":"Match and Keep!","player_choice":"1 cards matched","floor":11.0,"damage_taken":0.0},{"event_name":"Accursed Blacksmith","player_choice":"Forge","floor":19.0,"damage_taken":0.0},{"event_name":"Ghosts","player_choice":"Ignored","floor":30.0,"damage_taken":0.0},{"event_name":"Mysterious Sphere","player_choice":"Fight","floor":39,"damage_taken":0},{"event_name":"Tomb of Lord Red Mask","player_choice":"Ignored","floor":41,"damage_taken":0}],"is_beta":false,"boss_relics":[{"not_picked":["Runic Dome","Runic Pyramid"],"picked":"Cursed Key"},{"not_picked":["Calling Bell","Tiny House"],"picked":"Orrery"}],"items_purged_floors":[25,36,48],"is_endless":false,"potions_floor_spawned":[1,5,13,16,20,21,22,31,45,47],"ascension_level":0}