{"gold_per_floor":[111,129,142,17,17,51,51,51,51,51,62,81,8,18,18,118,118,136,91,91,107,107,107,7,19,19,31,66,82,82,100,100,196,196,212,232,250,270,127,127,2,2,2,2,21,21,21,35,35,35],"floor_reached":50,"playtime":2432,"items_purged":["Pain","Strike_B","Defend_B"],"score":491,"play_id":"342b8f84-7b9f-4a3f-a15a-554f64df3f67","local_time":"20190126102235","is_ascension_mode":false,"campfire_choices":[{"data":"Gash","floor":7,"key":"SMITH"},{"data":"Zap","floor":10,"key":"SMITH"},{"data":"All For One","floor":15,"key":"SMITH"},{"data":"Go for the Eyes","floor":23,"key":"SMITH"},{"floor":32,"key":"REST"},{"floor":40,"key":"REST"},{"data":"Conserve Battery","floor":44,"key":"SMITH"},{"floor":49,"key":"REST"}],"neow_cost":"CURSE","seed_source_timestamp":58028896155484,"circlet_count":0,"master_deck":["Strike_B","Strike_B","Strike_B","Defend_B+1","Defend_B+1","Defend_B","Zap+1","Dualcast","Cold Snap","Lockon","Tempest","Gash+1","Sweeping Beam","Leap","Barrage","All For One+1","Ball Lightning","Gash","Rebound+1","Gash","Conserve Battery+1","Leap+1","Rainbow","Conserve Battery+1","Parasite","Gash","FTL","Auto Shields"],"special_seed":0,"relics":["Cracked Core","Ginger","Ornamental Fan","Letter Opener","Inserter","Singing Bowl","Oddly Smooth Stone","PreservedInsect","War Paint","Philosopher\u0027s Stone","Incense Burner","Question Card"],"potions_floor_usage":[6,6,16,27,31,35,37,45,48,50],"damage_taken":[{"damage":3.0,"enemies":"2 Louse","floor":1.0,"turns":2.0},{"damage":4.0,"enemies":"Jaw Worm","floor":2.0,"turns":3.0},{"damage":6.0,"enemies":"Small Slimes","floor":3.0,"turns":3.0},{"damage":29,"enemies":"Lagavulin","floor":6,"turns":6},{"damage":0,"enemies":"Exordium Wildlife","floor":11,"turns":3},{"damage":0,"enemies":"Blue Slaver","floor":12,"turns":2},{"damage":4,"enemies":"Gremlin Gang","floor":14,"turns":3},{"damage":5,"enemies":"Slime Boss","floor":16,"turns":6},{"damage":1,"enemies":"Chosen","floor":18,"turns":3},{"damage":7,"enemies":"3 Byrds","floor":21,"turns":4},{"damage":3,"enemies":"Centurion and Healer","floor":25,"turns":6},{"damage":10,"enemies":"Snake Plant","floor":27,"turns":4},{"damage":17,"enemies":"Book of Stabbing","floor":28,"turns":5},{"damage":1,"enemies":"Chosen and Byrds","floor":29,"turns":4},{"damage":0,"enemies":"Centurion and Healer","floor":31,"turns":4},{"damage":44,"enemies":"Collector","floor":33,"turns":9},{"damage":5,"enemies":"3 Darklings","floor":35,"turns":5},{"damage":8,"enemies":"3 Shapes","floor":36,"turns":6},{"damage":19,"enemies":"Writhing Mass","floor":37,"turns":8},{"damage":29,"enemies":"Sphere and 2 Shapes","floor":38,"turns":5},{"damage":0,"enemies":"Spire Growth","floor":45,"turns":6},{"damage":19,"enemies":"4 Shapes","floor":48,"turns":4},{"damage":58,"enemies":"Time Eater","floor":50,"turns":9}],"seed_played":"2234928082541155156","potions_obtained":[{"floor":1.0,"key":"Regen Potion"},{"floor":3.0,"key":"GamblersBrew"},{"floor":11,"key":"Ancient Potion"},{"floor":14,"key":"Fire Potion"},{"floor":16,"key":"AttackPotion"},{"floor":18,"key":"SkillPotion"},{"floor":25,"key":"Swift Potion"},{"floor":29,"key":"EssenceOfSteel"},{"floor":33,"key":"SkillPotion"},{"floor":36,"key":"SpeedPotion"},{"floor":45,"key":"PowerPotion"}],"is_trial":false,"path_per_floor":["M","M","M","$","?","E","R","?","T","R","M","M","$","M","R","B",null,"M","$","?","M","?","R","$","M","T","M","E","M","?","M","R","B",null,"M","M","M","M","$","R","$","T","T","R","M","$","?","M","R","B"],"character_chosen":"DEFECT","items_purchased":["Gash","All For One","Go for the Eyes","FTL","FocusPotion"],"campfire_rested":3,"item_purchase_floors":[4,13,19,39,39],"current_hp_per_floor":[72,68,62,62,62,48,48,73,73,73,73,73,73,69,69,64,75,74,74,74,67,67,67,67,66,66,56,41,40,40,40,63,19,79,76,68,51,22,22,46,46,46,46,46,46,46,46,29,54,0],"gold":35,"neow_bonus":"ONE_RARE_RELIC","is_prod":false,"is_daily":false,"chose_seed":false,"campfire_upgraded":5,"win_rate":1,"timestamp":1548494555,"path_taken":["M","M","M","$","?","E","R","?","T","R","M","M","$","M","R","BOSS","M","$","?","?","?","R","$","M","T","M","E","M","?","M","R","BOSS","M","?","M","M","$","R","$","?","T","R","M","?","?","M","R","BOSS"],"build_version":"2019-01-23","purchased_purges":3,"victory":false,"max_hp_per_floor":[75,75,75,75,75,75,75,75,75,75,75,75,75,75,75,75,75,75,75,75,75,75,75,75,77,77,77,79,79,79,79,79,79,79,81,81,83,83,83,83,83,83,83,83,83,83,83,85,85,85],"card_choices":[{"not_picked":["Beam Cell","Rebound"],"picked":"Cold Snap","floor":1.0},{"not_picked":["Scrape","Steam Power"],"picked":"Lockon","floor":2.0},{"not_picked":["Force Field","Stack"],"picked":"Tempest","floor":3.0},{"not_picked":["Skim","Leap"],"picked":"Sweeping Beam","floor":6},{"not_picked":["Cold Snap","Streamline"],"picked":"Leap","floor":11},{"not_picked":["Stack","Skim"],"picked":"Barrage","floor":12},{"not_picked":["Steam","Coolheaded"],"picked":"Ball Lightning","floor":14},{"not_picked":["Go for the Eyes","Sweeping Beam"],"picked":"Gash","floor":18},{"not_picked":["Heatsinks","Reprogram"],"picked":"Rebound+1","floor":21},{"not_picked":["Darkness","Sunder+1","Rebound"],"picked":"Singing Bowl","floor":25},{"not_picked":["Turbo+1","Beam Cell"],"picked":"Gash","floor":27},{"not_picked":["Steam","Hologram","All For One"],"picked":"Singing Bowl","floor":28},{"not_picked":["Steam Power+1","Rebound+1"],"picked":"Conserve Battery","floor":29},{"not_picked":["Skim+1","Aggregate"],"picked":"Leap+1","floor":31},{"not_picked":["Biased Cognition","Creative AI"],"picked":"Rainbow","floor":33},{"not_picked":["Redo","Compile Driver","Streamline"],"picked":"Singing Bowl","floor":35},{"not_picked":["Ball Lightning+1","Beam Cell+1"],"picked":"Conserve Battery+1","floor":36},{"not_picked":["Double Energy+1","Coolheaded","Undo+1"],"picked":"Singing Bowl","floor":37},{"not_picked":["Chaos","Redo"],"picked":"Gash","floor":38},{"not_picked":["Undo+1","Steam","Lockon"],"picked":"Auto Shields","floor":45},{"not_picked":["Coolheaded","Leap+1","Force Field+1","Hologram"],"picked":"Singing Bowl","floor":48}],"player_experience":233108,"relics_obtained":[{"floor":6,"key":"Ornamental Fan"},{"floor":9,"key":"Letter Opener"},{"floor":26,"key":"PreservedInsect"},{"floor":28,"key":"War Paint"},{"floor":42,"key":"Incense Burner"},{"floor":43,"key":"Question Card"}],"event_choices":[{"damage_healed":0.0,"max_hp_gain":0.0,"max_hp_loss":0.0,"gold_gain":0.0,"event_name":"Liars Game","player_choice":"Ignored","floor":5.0,"gold_loss":0.0,"damage_taken":0.0},{"damage_healed":25,"gold_gain":0,"player_choice":"Banana","damage_taken":0,"max_hp_gain":0,"max_hp_loss":0,"event_name":"Big Fish","floor":8,"gold_loss":0},{"damage_healed":0,"gold_gain":0,"player_choice":"Gave Potion","damage_taken":0,"relics_obtained":["Singing Bowl"],"max_hp_gain":0,"max_hp_loss":0,"event_name":"WeMeetAgain","floor":20,"gold_loss":0},{"damage_healed":0,"gold_gain":0,"player_choice":"Opened","damage_taken":0,"relics_obtained":["Oddly Smooth Stone"],"max_hp_gain":0,"max_hp_loss":0,"event_name":"The Mausoleum","floor":22,"gold_loss":0},{"damage_healed":0,"gold_gain":0,"player_choice":"Bought 0 Potions","damage_taken":0,"max_hp_gain":0,"max_hp_loss":0,"event_name":"The Woman in Blue","floor":30,"gold_loss":0},{"cards_removed":["Go for the Eyes"],"damage_healed":0,"gold_gain":0,"player_choice":"Removed Attack","damage_taken":0,"max_hp_gain":0,"max_hp_loss":0,"event_name":"Falling","floor":47,"gold_loss":0}],"is_beta":false,"boss_relics":[{"not_picked":["Tiny House","Coffee Dripper"],"picked":"Inserter"},{"not_picked":["Pandora\u0027s Box","Calling Bell"],"picked":"Philosopher\u0027s Stone"}],"items_purged_floors":[4,24,41],"is_endless":false,"potions_floor_spawned":[1,3,11,14,16,18,25,29,33,36,45],"killed_by":"Time Eater","ascension_level":0}