{"gold_per_floor":[367,384,384,395,411,411,21,21,93,93,93,113,113,126,126,227,227,245,258,276,276,291,291],"floor_reached":23,"playtime":502,"items_purged":[],"score":185,"play_id":"c0ee52bc-38b3-411d-a59b-54aa31dc22b8","local_time":"20180727131308","is_ascension_mode":false,"campfire_choices":[{"data":"Spot Weakness","floor":6.0,"key":"SMITH"},{"data":"Bash","floor":8.0,"key":"SMITH"},{"data":"Perfected Strike","floor":11.0,"key":"SMITH"},{"data":"Armaments","floor":15,"key":"SMITH"}],"neow_cost":"FIFTY_PERCENT_DAMAGE","seed_source_timestamp":61326782331919,"circlet_count":0,"master_deck":["Strike_R","Strike_R","Strike_R","Strike_R","Strike_R","Defend_R","Defend_R","Defend_R","Defend_R","Bash+1","Perfected Strike+1","Spot Weakness+1","Armaments+1","Limit Break","Whirlwind+1"],"special_seed":0,"relics":["Burning Blood","Shuriken","Orichalcum","Smiling Mask","Sozu"],"potions_floor_usage":[18,22,23],"damage_taken":[{"damage":1.0,"enemies":"Cultist","floor":1.0,"turns":3.0},{"damage":6.0,"enemies":"Jaw Worm","floor":2.0,"turns":4.0},{"damage":5.0,"enemies":"2 Louse","floor":4.0,"turns":3.0},{"damage":14.0,"enemies":"Blue Slaver","floor":5.0,"turns":3.0},{"damage":0,"enemies":"Large Slime","floor":12,"turns":3},{"damage":13,"enemies":"Exordium Wildlife","floor":14,"turns":5},{"damage":31,"enemies":"Slime Boss","floor":16,"turns":12},{"damage":4,"enemies":"Spheric Guardian","floor":18,"turns":3},{"damage":18,"enemies":"2 Thieves","floor":19,"turns":4},{"damage":30,"enemies":"Snake Plant","floor":20,"turns":3},{"damage":26,"enemies":"Slaver and Parasite","floor":22,"turns":4},{"damage":27,"enemies":"Book of Stabbing","floor":23,"turns":3}],"seed_played":"-3172049311770214865","potions_obtained":[{"floor":2.0,"key":"Fire Potion"},{"floor":5.0,"key":"BloodPotion"},{"floor":10.0,"key":"Ancient Potion"},{"floor":10.0,"key":"Strength Potion"},{"floor":10.0,"key":"EntropicBrew"}],"is_trial":false,"path_per_floor":["M","M","$","M","M","R","$","R","T","?","R","M","?","M","R","B",null,"M","M","M","$","M"],"character_chosen":"IRONCLAD","items_purchased":["Shuriken","Orichalcum"],"campfire_rested":0,"item_purchase_floors":[7,7],"current_hp_per_floor":[45,45,45,46,38,38,38,38,38,38,38,44,70,63,63,38,80,80,68,44,44,24,0],"gold":291,"neow_bonus":"TWO_FIFTY_GOLD","is_prod":false,"is_daily":false,"chose_seed":false,"campfire_upgraded":4,"win_rate":0,"timestamp":1532686388,"path_taken":["M","M","$","M","?","R","$","R","T","?","R","M","?","M","R","BOSS","M","M","M","$","M","E"],"build_version":"2018-07-26","purchased_purges":0,"victory":false,"max_hp_per_floor":[80,80,80,80,80,80,80,80,80,80,80,80,80,80,80,80,80,80,80,80,80,80,80],"card_choices":[{"not_picked":["Shrug It Off","Armaments","Headbutt"],"picked":"SKIP","floor":1.0},{"not_picked":["Thunderclap","Rage","Shockwave"],"picked":"SKIP","floor":2.0},{"not_picked":["Twin Strike","Bloodletting"],"picked":"Perfected Strike","floor":4.0},{"not_picked":["Sever Soul","Carnage"],"picked":"Spot Weakness","floor":5.0},{"not_picked":["Flex","Bloodletting","Carnage"],"picked":"SKIP","floor":12},{"not_picked":["Shrug It Off","Hemokinesis"],"picked":"Armaments","floor":14},{"not_picked":["Bludgeon","Exhume"],"picked":"Limit Break","floor":16},{"not_picked":["Body Slam","Armaments+1"],"picked":"Whirlwind+1","floor":18},{"not_picked":["Body Slam","Power Through+1","Anger"],"picked":"SKIP","floor":19},{"not_picked":["Seeing Red","Burning Pact+1","Corruption"],"picked":"SKIP","floor":20},{"not_picked":["Havoc","Perfected Strike","Body Slam"],"picked":"SKIP","floor":22}],"player_experience":241410,"relics_obtained":[{"floor":9.0,"key":"Smiling Mask"}],"event_choices":[{"event_name":"The Lab","player_choice":"Got Potions","floor":10.0,"damage_taken":0.0},{"event_name":"Big Fish","player_choice":"Banana","floor":13,"damage_taken":0}],"is_beta":false,"boss_relics":[{"not_picked":["Runic Dome","Pandora\u0027s Box"],"picked":"Sozu"}],"items_purged_floors":[],"is_endless":false,"potions_floor_spawned":[2,5,12,18,19,22],"killed_by":"Book of Stabbing","ascension_level":0}