{"gold_per_floor":[116,116,66,86,86,86,98,98,153,153,167,181,32,55,67,178,190,219,221,233],"floor_reached":20,"playtime":414,"items_purged":[],"score":189,"play_id":"5352e574-128d-4306-923b-c9d05f755292","local_time":"20190726175017","is_ascension_mode":false,"campfire_choices":[{"data":"Twin Strike","floor":6,"key":"SMITH"},{"data":"Bash","floor":8,"key":"SMITH"},{"data":"Shrug It Off","floor":15,"key":"SMITH"}],"neow_cost":"NONE","seed_source_timestamp":260483929394900,"circlet_count":0,"master_deck":["Strike_R","Strike_R","Strike_R","Strike_R","Strike_R","Defend_R","Defend_R","Defend_R","Defend_R","Bash+1","Twin Strike+1","Shrug It Off+1","Limit Break","Sword Boomerang"],"relics":["Burning Blood","Mango","Tiny Chest","Omamori","MawBank","Sozu"],"potions_floor_usage":[16,19],"damage_taken":[{"damage":6,"enemies":"Cultist","floor":1,"turns":3},{"damage":7,"enemies":"2 Louse","floor":4,"turns":3},{"damage":11,"enemies":"Jaw Worm","floor":7,"turns":2},{"damage":14,"enemies":"Blue Slaver","floor":11,"turns":3},{"damage":12,"enemies":"Looter","floor":12,"turns":3},{"damage":61,"enemies":"The Guardian","floor":16,"turns":12},{"damage":22,"enemies":"3 Byrds","floor":18,"turns":6},{"damage":30,"enemies":"2 Thieves","floor":19,"turns":4},{"damage":65,"enemies":"Masked Bandits","floor":20,"turns":5}],"seed_played":"8948201081779613494","potions_obtained":[{"floor":1,"key":"Energy Potion"},{"floor":12,"key":"PowerPotion"},{"floor":16,"key":"SkillPotion"}],"is_trial":false,"path_per_floor":["M","?","?","M","$","R","M","R","T","$","M","M","$","T","R","B",null,"M","M","?"],"character_chosen":"IRONCLAD","items_purchased":["Omamori"],"campfire_rested":0,"item_purchase_floors":[13],"current_hp_per_floor":[88,102,102,101,101,101,96,96,96,96,88,82,82,82,82,27,102,86,62,0],"gold":233,"neow_bonus":"TEN_PERCENT_HP_BONUS","is_prod":false,"is_daily":false,"chose_seed":false,"campfire_upgraded":3,"win_rate":0,"timestamp":1564152617,"path_taken":["M","?","?","M","?","R","M","R","T","$","M","M","$","?","R","BOSS","M","M","?"],"build_version":"2019-07-17","purchased_purges":0,"victory":false,"max_hp_per_floor":[88,102,102,102,102,102,102,102,102,102,102,102,102,102,102,102,102,102,102,102],"card_choices":[{"not_picked":["Uppercut","Iron Wave","Burning Pact"],"picked":"SKIP","floor":1},{"not_picked":["Metallicize","Hemokinesis"],"picked":"Twin Strike","floor":4},{"not_picked":["Wild Strike","Power Through","Rampage"],"picked":"SKIP","floor":7},{"not_picked":["Wild Strike","Power Through","Rampage"],"picked":"SKIP","floor":7},{"not_picked":["Burning Pact","Clash"],"picked":"Shrug It Off","floor":11},{"not_picked":["Perfected Strike","Havoc","Combust"],"picked":"SKIP","floor":12},{"not_picked":["Demon Form","Dark Embrace"],"picked":"Limit Break","floor":16},{"not_picked":["Headbutt","Heavy Blade+1"],"picked":"Sword Boomerang","floor":18},{"not_picked":["True Grit","Pommel Strike+1","Flame Barrier+1"],"picked":"SKIP","floor":19}],"player_experience":766388,"relics_obtained":[{"floor":9,"key":"Tiny Chest"},{"floor":14,"key":"MawBank"}],"event_choices":[{"damage_healed":0,"gold_gain":0,"player_choice":"Box","damage_taken":0,"relics_obtained":["Mango"],"max_hp_gain":0,"max_hp_loss":0,"event_name":"Big Fish","floor":2,"gold_loss":0,"cards_obtained":["Regret"]},{"cards_removed":["Regret"],"damage_healed":0,"gold_gain":0,"player_choice":"Card Removal","damage_taken":0,"max_hp_gain":0,"max_hp_loss":0,"event_name":"The Cleric","floor":3,"gold_loss":50},{"damage_healed":0,"gold_gain":0,"player_choice":"Fought Bandits","damage_taken":0,"max_hp_gain":0,"max_hp_loss":0,"event_name":"Masked Bandits","floor":20,"gold_loss":0}],"is_beta":false,"boss_relics":[{"not_picked":["Lizard Tail","Calling Bell"],"picked":"Sozu"}],"items_purged_floors":[],"is_endless":false,"potions_floor_spawned":[1,12,16],"killed_by":"Masked Bandits","ascension_level":0}