{"gold_per_floor":[115,61,79,99,115,148,148,175,175,204,204,221,251,271,271,375,375,395,0,0,0,0,0,17,17,43,54,54,54,88,88,88,189,189,199,217,236,246,246,246,2,14,65,81,81,93,15,15,15,15,15,15,15,50,50],"floor_reached":55,"playtime":2196,"items_purged":["Strike_B"],"score":717,"play_id":"ed25c588-0cd9-4ceb-b0bf-699c71fbb4b7","local_time":"20190728112821","is_ascension_mode":false,"campfire_choices":[{"data":"Defragment","floor":15.0,"key":"SMITH"},{"data":"Machine Learning","floor":23.0,"key":"SMITH"},{"data":"Zap","floor":29.0,"key":"SMITH"},{"data":"Buffer","floor":32.0,"key":"SMITH"},{"data":"Double Energy","floor":40.0,"key":"SMITH"},{"floor":49.0,"key":"RECALL"},{"data":"Apotheosis","floor":52.0,"key":"SMITH"}],"neow_cost":"NONE","seed_source_timestamp":44755042514100,"circlet_count":0,"master_deck":["Defend_B","Defend_B","Defend_B","Defend_B","Zap+1","Dualcast","Conserve Battery","Leap","Self Repair","Electrodynamics","Defragment+1","Steam","Buffer+1","Reinforced Body","Machine Learning+1","Conserve Battery","Capacitor+1","Skim","Static Discharge+1","Undo+1","Hologram+1","Double Energy+1","Loop+1","Apotheosis+1","Redo","Machine Learning+1","Capacitor+1","Go for the Eyes"],"special_seed":0,"relics":["Cracked Core","Vajra","Ice Cream","Gambling Chip","Unceasing Top","StoneCalendar","Coffee Dripper","Frozen Egg 2","MutagenicStrength","Juzu Bracelet","Empty Cage","Centennial Puzzle","Cables"],"potions_floor_usage":[55],"damage_taken":[{"damage":0.0,"enemies":"Small Slimes","floor":1.0,"turns":2.0},{"damage":0.0,"enemies":"Cultist","floor":3.0,"turns":3.0},{"damage":0.0,"enemies":"Jaw Worm","floor":4.0,"turns":4.0},{"damage":10.0,"enemies":"2 Fungi Beasts","floor":5.0,"turns":4.0},{"damage":25.0,"enemies":"Lagavulin","floor":6.0,"turns":10.0},{"damage":14.0,"enemies":"3 Sentries","floor":8.0,"turns":4.0},{"damage":22.0,"enemies":"Lagavulin","floor":10.0,"turns":7.0},{"damage":3.0,"enemies":"3 Louse","floor":12.0,"turns":2.0},{"damage":30.0,"enemies":"Gremlin Nob","floor":13.0,"turns":4.0},{"damage":0.0,"enemies":"Looter","floor":14.0,"turns":4.0},{"damage":0.0,"enemies":"Slime Boss","floor":16.0,"turns":6.0},{"damage":0.0,"enemies":"Chosen","floor":18.0,"turns":5.0},{"damage":5.0,"enemies":"Shell Parasite","floor":24.0,"turns":7.0},{"damage":17.0,"enemies":"Shelled Parasite and Fungi","floor":27.0,"turns":4.0},{"damage":8.0,"enemies":"Book of Stabbing","floor":30.0,"turns":7.0},{"damage":13.0,"enemies":"Collector","floor":33.0,"turns":9.0},{"damage":4.0,"enemies":"3 Darklings","floor":35.0,"turns":4.0},{"damage":11.0,"enemies":"3 Shapes","floor":36.0,"turns":4.0},{"damage":17.0,"enemies":"Transient","floor":37.0,"turns":5.0},{"damage":0.0,"enemies":"Maw","floor":38.0,"turns":9.0},{"damage":15.0,"enemies":"Writhing Mass","floor":42.0,"turns":7.0},{"damage":14.0,"enemies":"Transient","floor":44.0,"turns":5.0},{"damage":0.0,"enemies":"Spire Growth","floor":46.0,"turns":6.0},{"damage":63.0,"enemies":"Time Eater","floor":50.0,"turns":12.0},{"damage":39.0,"enemies":"Shield and Spear","floor":54.0,"turns":5.0},{"damage":81,"enemies":"The Heart","floor":55,"turns":3}],"seed_played":"5640323979094409625","potions_obtained":[{"floor":5.0,"key":"Energy Potion"},{"floor":6.0,"key":"AttackPotion"},{"floor":12.0,"key":"FocusPotion"},{"floor":13.0,"key":"SkillPotion"},{"floor":14.0,"key":"Block Potion"},{"floor":18.0,"key":"SkillPotion"},{"floor":37.0,"key":"AttackPotion"},{"floor":42.0,"key":"Ancient Potion"},{"floor":46.0,"key":"Fruit Juice"}],"is_trial":false,"path_per_floor":["M","$","M","M","M","E","$","E","T","E","?","M","E","M","R","B",null,"M","$","?","?","?","R","M","?","T","M","?","R","E","?","R","B",null,"M","M","M","M","?","R","$","M","T","M","?","M","$","?","R","B",null,"R","$","E","B"],"character_chosen":"DEFECT","items_purchased":["Leap","Frozen Egg 2","Capacitor+1","Skim","Apotheosis","Capacitor+1"],"campfire_rested":0,"item_purchase_floors":[2,19,19,19,41,47],"current_hp_per_floor":[82,82,82,82,79,61,61,54,54,39,39,36,13,20,20,27,82,82,82,82,82,82,82,82,82,82,72,72,72,71,71,71,65,82,82,78,68,75,75,75,75,70,70,66,66,78,78,78,78,25,83,83,83,44,0],"gold":50,"neow_bonus":"TEN_PERCENT_HP_BONUS","is_prod":false,"is_daily":false,"chose_seed":false,"campfire_upgraded":6,"win_rate":0,"timestamp":1564302501,"path_taken":["M","$","M","M","M","E","$","E","T","E","?","M","E","M","R","BOSS","M","$","?","?","?","R","M","?","T","M","?","R","E","?","R","BOSS","M","M","M","M","?","R","$","M","T","M","?","M","$","?","R","BOSS","R","$","E","BOSS"],"build_version":"2019-07-17","purchased_purges":1,"victory":false,"max_hp_per_floor":[82,82,82,82,82,82,82,82,82,82,82,82,82,82,82,82,82,82,82,82,82,82,82,82,82,82,82,82,82,82,82,82,82,82,82,82,82,82,78,78,78,78,78,78,78,83,83,83,83,83,83,83,83,83,83],"card_choices":[{"not_picked":["Hologram","Beam Cell"],"picked":"Conserve Battery","floor":1.0},{"not_picked":["Barrage","Capacitor"],"picked":"Self Repair","floor":3.0},{"not_picked":["Redo","Turbo","Glacier"],"picked":"SKIP","floor":4.0},{"not_picked":["Stack","Leap"],"picked":"Electrodynamics","floor":5.0},{"not_picked":["Melter","Chaos","Hologram"],"picked":"SKIP","floor":6.0},{"not_picked":["Chill","Aggregate","Double Energy"],"picked":"SKIP","floor":8.0},{"not_picked":["Redo","BootSequence"],"picked":"Defragment","floor":10.0},{"not_picked":["Hologram","Rebound"],"picked":"Steam","floor":12.0},{"not_picked":["Sweeping Beam","Steam Power"],"picked":"Buffer","floor":13.0},{"not_picked":["Turbo","Redo"],"picked":"Reinforced Body","floor":14.0},{"not_picked":["Biased Cognition","Hyperbeam"],"picked":"Machine Learning","floor":16.0},{"not_picked":["Sweeping Beam","Ball Lightning"],"picked":"Conserve Battery","floor":18.0},{"not_picked":["Capacitor+1","Consume"],"picked":"Static Discharge+1","floor":24.0},{"not_picked":["Darkness","Conserve Battery"],"picked":"Undo+1","floor":27.0},{"not_picked":["Chill","Steam"],"picked":"Hologram+1","floor":30.0},{"not_picked":["Rebound+1","Undo"],"picked":"Stack+1","floor":35.0},{"not_picked":["Redo","Hologram+1"],"picked":"Double Energy","floor":36.0},{"not_picked":["Rebound+1","Stack"],"picked":"Loop+1","floor":37.0},{"not_picked":["Compile Driver+1","Blizzard","Rip and Tear"],"picked":"SKIP","floor":38.0},{"not_picked":["Stack+1","Sunder"],"picked":"Redo","floor":42.0},{"not_picked":["Rebound+1","Go for the Eyes"],"picked":"Machine Learning+1","floor":44.0},{"not_picked":["Genetic Algorithm+1","Fusion+1","Coolheaded"],"picked":"SKIP","floor":46.0},{"not_picked":["Rebound","Sweeping Beam+1"],"picked":"Go for the Eyes","floor":54.0}],"player_experience":782107,"relics_obtained":[{"floor":6.0,"key":"Vajra"},{"floor":8.0,"key":"Ice Cream"},{"floor":9.0,"key":"Gambling Chip"},{"floor":10.0,"key":"Unceasing Top"},{"floor":13.0,"key":"StoneCalendar"},{"floor":30.0,"key":"Juzu Bracelet"},{"floor":43.0,"key":"Centennial Puzzle"},{"floor":54.0,"key":"Cables"}],"event_choices":[{"damage_healed":0.0,"max_hp_gain":0.0,"max_hp_loss":0.0,"gold_gain":0.0,"event_name":"The Woman in Blue","player_choice":"Bought 0 Potions","floor":11.0,"gold_loss":0.0,"damage_taken":0.0},{"damage_healed":0.0,"max_hp_gain":0.0,"max_hp_loss":0.0,"gold_gain":0.0,"event_name":"The Mausoleum","player_choice":"Ignored","floor":21.0,"gold_loss":0.0,"damage_taken":0.0},{"damage_healed":0.0,"max_hp_gain":0.0,"max_hp_loss":0.0,"gold_gain":0.0,"event_name":"Drug Dealer","player_choice":"Inject Mutagens","floor":22.0,"gold_loss":0.0,"damage_taken":0.0,"relics_obtained":["MutagenicStrength"]},{"damage_healed":0.0,"max_hp_gain":0.0,"max_hp_loss":0.0,"gold_gain":0.0,"event_name":"Vampires","player_choice":"Ignored","floor":25.0,"gold_loss":0.0,"damage_taken":0.0},{"damage_healed":0.0,"max_hp_gain":0.0,"max_hp_loss":0.0,"gold_gain":0.0,"event_name":"Cursed Tome","player_choice":"Ignored","floor":28.0,"gold_loss":0.0,"damage_taken":0.0},{"cards_removed":["Strike_B"],"damage_healed":0.0,"max_hp_gain":0.0,"max_hp_loss":0.0,"gold_gain":0.0,"event_name":"Bonfire Elementals","player_choice":"Offered Basic","floor":31.0,"gold_loss":0.0,"damage_taken":0.0},{"damage_healed":0.0,"max_hp_gain":0.0,"max_hp_loss":4.0,"gold_gain":0.0,"event_name":"Winding Halls","player_choice":"Max HP","floor":39.0,"gold_loss":0.0,"damage_taken":0.0},{"damage_healed":0.0,"max_hp_gain":0.0,"max_hp_loss":0.0,"gold_gain":0.0,"event_name":"Mysterious Sphere","player_choice":"Ignored","floor":45.0,"gold_loss":0.0,"damage_taken":0.0},{"cards_removed":["Stack"],"damage_healed":0.0,"max_hp_gain":0.0,"max_hp_loss":0.0,"gold_gain":0.0,"event_name":"Falling","player_choice":"Removed Skill","floor":48.0,"gold_loss":0.0,"damage_taken":0.0}],"is_beta":false,"boss_relics":[{"not_picked":["Astrolabe","Orrery"],"picked":"Coffee Dripper"},{"not_picked":["Lizard Tail","Sozu"],"picked":"Empty Cage"}],"items_purged_floors":[41],"is_endless":false,"potions_floor_spawned":[5,6,12,13,14,18,27,37,42,44,46],"killed_by":"The Heart","ascension_level":0}