{"gold_per_floor":[110,110,125,125,137,169,169,185,210,210,221,70,88,115,115,115],"floor_reached":16,"playtime":582,"items_purged":[],"score":112,"play_id":"3cf6737e-49d0-43e1-9f6d-54312aee36cd","local_time":"20181123021454","is_ascension_mode":false,"campfire_choices":[{"data":"Armaments","floor":7,"key":"SMITH"},{"floor":15,"key":"REST"}],"neow_cost":"NONE","seed_source_timestamp":110054812577084,"circlet_count":0,"master_deck":["Strike_R+1","Strike_R","Strike_R+1","Strike_R","Defend_R","Defend_R","Defend_R","Defend_R","Bash","Armaments+1","Rage"],"relics":["Burning Blood","NeowsBlessing","Centennial Puzzle","Bag of Marbles","Juzu Bracelet","Happy Flower"],"potions_floor_usage":[6,16,16,16],"damage_taken":[{"damage":0,"enemies":"Small Slimes","floor":1,"turns":2},{"damage":0,"enemies":"Cultist","floor":3,"turns":1},{"damage":0,"enemies":"2 Louse","floor":5,"turns":1},{"damage":38,"enemies":"3 Sentries","floor":6,"turns":13},{"damage":14,"enemies":"Large Slime","floor":8,"turns":9},{"damage":2,"enemies":"Blue Slaver","floor":11,"turns":2},{"damage":10,"enemies":"Lots of Slimes","floor":13,"turns":5},{"damage":28,"enemies":"Gremlin Nob","floor":14,"turns":4},{"damage":34,"enemies":"Hexaghost","floor":16,"turns":11}],"seed_played":"4896342252807887063","potions_obtained":[{"floor":3,"key":"Poison Potion"},{"floor":5,"key":"LiquidBronze"},{"floor":8,"key":"Weak Potion"},{"floor":11,"key":"PowerPotion"},{"floor":14,"key":"PowerPotion"}],"is_trial":false,"path_per_floor":["M","?","M","?","M","E","R","M","T","?","M","$","M","E","R","B"],"character_chosen":"IRONCLAD","items_purchased":["Juzu Bracelet"],"campfire_rested":1,"item_purchase_floors":[12],"current_hp_per_floor":[80,80,80,64,70,38,38,30,30,30,34,34,30,8,32,0],"gold":115,"neow_bonus":"THREE_ENEMY_KILL","is_prod":false,"is_daily":false,"chose_seed":false,"campfire_upgraded":1,"win_rate":0,"timestamp":1542932094,"path_taken":["M","?","?","?","M","E","R","M","T","?","M","$","M","E","R","BOSS"],"build_version":"2018-11-15","purchased_purges":0,"victory":false,"max_hp_per_floor":[80,80,80,80,80,80,80,80,80,80,80,80,80,80,80,80],"card_choices":[{"not_picked":["Hemokinesis","Pummel"],"picked":"Armaments","floor":1},{"not_picked":["Anger","Armaments","Reckless Charge"],"picked":"SKIP","floor":3},{"not_picked":["Shrug It Off","Clothesline"],"picked":"Rage","floor":5},{"not_picked":["Bloodletting","Wild Strike","Burning Pact"],"picked":"SKIP","floor":6},{"not_picked":["Clothesline","Heavy Blade","Twin Strike"],"picked":"SKIP","floor":8},{"not_picked":["Iron Wave","Bludgeon","Wild Strike"],"picked":"SKIP","floor":11},{"not_picked":["Clothesline","Sever Soul","Carnage"],"picked":"SKIP","floor":13},{"not_picked":["Blood for Blood","Power Through","Dropkick"],"picked":"SKIP","floor":14}],"player_experience":496001,"relics_obtained":[{"floor":6,"key":"Centennial Puzzle"},{"floor":9,"key":"Bag of Marbles"},{"floor":14,"key":"Happy Flower"}],"event_choices":[{"cards_removed":["Strike_R"],"damage_healed":0,"gold_gain":0,"player_choice":"Offered Basic","damage_taken":0,"max_hp_gain":0,"max_hp_loss":0,"event_name":"Bonfire Elementals","floor":2,"gold_loss":0},{"damage_healed":0,"gold_gain":0,"player_choice":"Entered Light","damage_taken":16,"max_hp_gain":0,"max_hp_loss":0,"event_name":"Shining Light","floor":4,"gold_loss":0,"cards_upgraded":["Strike_R","Strike_R"]},{"damage_healed":0,"gold_gain":0,"player_choice":"Ignored","damage_taken":0,"max_hp_gain":0,"max_hp_loss":0,"event_name":"Golden Wing","floor":10,"gold_loss":0}],"is_beta":false,"boss_relics":[],"items_purged_floors":[],"is_endless":false,"potions_floor_spawned":[3,5,8,11,14],"killed_by":"Hexaghost","ascension_level":0}