{"path_per_floor":["M","?","M","M","M","E","R","E","T","M","R","M","M","$","R"],"character_chosen":"IRONCLAD","items_purchased":["Brutality+1"],"gold_per_floor":[115,115,131,151,169,197,197,226,226,242,242,256,275,55,55,55],"floor_reached":16,"campfire_rested":1,"playtime":1085,"item_purchase_floors":[14],"current_hp_per_floor":[80,80,81,80,65,58,58,20,20,14,14,20,20,20,46,0],"items_purged":["Dark Embrace"],"gold":55,"score":114,"play_id":"4ea37c13-d765-465e-b79a-20f29a25b034","local_time":"20180626110649","is_prod":false,"is_daily":false,"chose_seed":false,"is_ascension_mode":false,"campfire_upgraded":2,"win_rate":0,"timestamp":1530004009,"campfire_choices":[{"data":"True Grit","floor":7,"key":"SMITH"},{"data":"Whirlwind","floor":11,"key":"SMITH"},{"floor":15,"key":"REST"}],"path_taken":["M","?","M","M","M","E","R","E","T","M","R","M","?","$","R","BOSS"],"build_version":"2018-06-21","seed_source_timestamp":100233843904553,"purchased_purges":1,"circlet_count":0,"victory":false,"master_deck":["Strike_R","Strike_R","Strike_R","Strike_R","Strike_R","Defend_R","Defend_R","Defend_R","Defend_R","Bash","Whirlwind+1","True Grit+1","Cleave","Spot Weakness","Ghostly Armor","Battle Trance","Body Slam","Brutality+1"],"max_hp_per_floor":[80,80,81,82,83,84,84,85,85,86,86,87,88,88,88,88],"relics":["Burning Blood","FaceOfCleric","Du-Vu Doll","Frozen Egg 2","Mummified Hand"],"card_choices":[{"not_picked":["Dropkick","Feel No Pain"],"picked":"Whirlwind","floor":1},{"not_picked":["Cleave","Twin Strike"],"picked":"True Grit","floor":3},{"not_picked":["Heavy Blade","Sever Soul"],"picked":"Cleave","floor":4},{"not_picked":["Warcry","Sever Soul"],"picked":"Spot Weakness","floor":5},{"not_picked":["Corruption","Burning Pact","Anger"],"picked":"SKIP","floor":6},{"not_picked":["Dual Wield","Shockwave","True Grit"],"picked":"SKIP","floor":8},{"not_picked":["Cleave","Clash"],"picked":"Ghostly Armor","floor":10},{"not_picked":["Rupture+1","Uppercut"],"picked":"Battle Trance","floor":12},{"not_picked":["Feel No Pain+1","Twin Strike"],"picked":"Body Slam","floor":13}],"player_experience":506643,"potions_floor_usage":[5,6,16,16],"damage_taken":[{"damage":6,"enemies":"Small Slimes","floor":1,"turns":3},{"damage":6,"enemies":"Cultist","floor":3,"turns":4},{"damage":8,"enemies":"Jaw Worm","floor":4,"turns":4},{"damage":30,"enemies":"Exordium Thugs","floor":5,"turns":6},{"damage":14,"enemies":"Gremlin Nob","floor":6,"turns":3},{"damage":45,"enemies":"Lagavulin","floor":8,"turns":6},{"damage":13,"enemies":"Large Slime","floor":10,"turns":6},{"damage":1,"enemies":"3 Louse","floor":12,"turns":2},{"damage":7,"enemies":"Lots of Slimes","floor":13,"turns":3},{"damage":47,"enemies":"Hexaghost","floor":16,"turns":11}],"relics_obtained":[{"floor":6,"key":"Du-Vu Doll"},{"floor":8,"key":"Frozen Egg 2"},{"floor":9,"key":"Mummified Hand"}],"event_choices":[{"event_name":"FaceTrader","player_choice":"Took Face Of Cleric","floor":2,"damage_taken":0}],"boss_relics":[],"items_purged_floors":[14],"is_endless":false,"potions_floor_spawned":[1,4,10,13],"seed_played":"4222495336433224133","killed_by":"Hexaghost","ascension_level":0,"potions_obtained":[{"floor":1,"key":"Strength Potion"},{"floor":4,"key":"BloodPotion"},{"floor":10,"key":"EssenceOfSteel"},{"floor":13,"key":"Fire Potion"}],"is_trial":false}