{"gold_per_floor":[110,120,120,131,145,145,145,2,25,50,50,63,87,118,118,247,247,261,261,280,296,315,315,339,339,365,379,22,22,42,42,42,165,165,180,180,199,199,220,220,244,0,0,0,0,18,18,18,18,18],"floor_reached":51,"playtime":996,"items_purged":[],"score":651,"play_id":"7719cdf1-c84f-4ffb-8081-edb1cc86d957","local_time":"20180815005505","is_ascension_mode":false,"campfire_choices":[{"data":"Armaments","floor":6.0,"key":"SMITH"},{"data":"Double Tap","floor":11.0,"key":"SMITH"},{"data":"Bash","floor":15.0,"key":"SMITH"},{"data":"Offering","floor":23.0,"key":"SMITH"},{"data":"Sword Boomerang","floor":25.0,"key":"SMITH"},{"floor":32.0,"key":"REST"},{"data":"Demon Form","floor":40.0,"key":"SMITH"},{"data":"Inflame","floor":44.0,"key":"SMITH"},{"data":"Twin Strike","floor":49.0,"key":"SMITH"}],"neow_cost":"NONE","seed_source_timestamp":28707399209813,"circlet_count":0,"master_deck":["Strike_R","Strike_R","Strike_R","Strike_R","Strike_R","Defend_R","Defend_R","Defend_R","Defend_R","Bash+1","Double Tap+1","Armaments+1","Twin Strike+1","Sword Boomerang+1","Thunderclap","Offering+1","Twin Strike","Inflame+1","Seeing Red","Demon Form+1","Writhe","Sword Boomerang+1","Doubt"],"special_seed":0,"relics":["Burning Blood","Juzu Bracelet","Golden Idol","Vajra","Blood Vial","Odd Mushroom","Bag of Preparation","Sozu","Centennial Puzzle","Pen Nib","ClockworkSouvenir","Dream Catcher","Coffee Dripper","Red Mask","Molten Egg 2","Gremlin Horn"],"potions_floor_usage":[],"damage_taken":[{"damage":6.0,"enemies":"Cultist","floor":1.0,"turns":3.0},{"damage":0.0,"enemies":"Small Slimes","floor":2.0,"turns":3.0},{"damage":6.0,"enemies":"Jaw Worm","floor":4.0,"turns":3.0},{"damage":6.0,"enemies":"Blue Slaver","floor":5.0,"turns":4.0},{"damage":15.0,"floor":10.0,"turns":4.0},{"damage":5.0,"enemies":"3 Louse","floor":12.0,"turns":3.0},{"damage":0.0,"enemies":"Lots of Slimes","floor":13.0,"turns":1.0},{"damage":14.0,"enemies":"3 Sentries","floor":14.0,"turns":5.0},{"damage":30.0,"enemies":"Slime Boss","floor":16.0,"turns":7.0},{"damage":6.0,"enemies":"Chosen","floor":18.0,"turns":1.0},{"damage":16.0,"enemies":"Spheric Guardian","floor":20.0,"turns":3.0},{"damage":6.0,"enemies":"Centurion and Healer","floor":21.0,"turns":1.0},{"damage":22.0,"enemies":"Snake Plant","floor":22.0,"turns":2.0},{"damage":6.0,"enemies":"Snecko","floor":24.0,"turns":2.0},{"damage":18.0,"enemies":"Centurion and Healer","floor":27.0,"turns":2.0},{"damage":21.0,"enemies":"Snake Plant","floor":30.0,"turns":2.0},{"damage":32.0,"enemies":"Collector","floor":33.0,"turns":4.0},{"damage":22.0,"enemies":"Flame Bruiser 1 Orb","floor":35.0,"turns":3.0},{"damage":0.0,"enemies":"3 Shapes","floor":37.0,"turns":3.0},{"damage":23.0,"enemies":"Flame Bruiser 2 Orb","floor":39.0,"turns":4.0},{"damage":15.0,"enemies":"Transient","floor":41.0,"turns":5.0},{"damage":5.0,"enemies":"Sphere and 2 Shapes","floor":46.0,"turns":3.0},{"damage":72,"enemies":"Time Eater","floor":50,"turns":5}],"seed_played":"4545074338552163724","potions_obtained":[{"floor":2.0,"key":"Explosive Potion"},{"floor":4.0,"key":"Fire Potion"},{"floor":12.0,"key":"SkillPotion"},{"floor":13.0,"key":"SkillPotion"},{"floor":16.0,"key":"SkillPotion"}],"is_trial":false,"path_per_floor":["M","M","?","M","M","R","?","$","T","?","R","M","M","E","R","B",null,"M","$","M","M","M","R","M","R","T","M","$","?","M","?","R","B",null,"M","$","M","?","M","R","M","?","T","R","?","M","?","?","R","B"],"character_chosen":"IRONCLAD","items_purchased":["Vajra","Pen Nib","ClockworkSouvenir"],"campfire_rested":1,"item_purchase_floors":[8,28,28],"current_hp_per_floor":[80,80,80,80,80,80,74,74,74,65,65,68,74,66,66,44,74,74,74,64,66,52,52,54,54,54,44,44,44,31,31,53,29,74,58,58,66,74,57,57,50,50,50,50,74,74,74,74,74,8],"gold":18,"neow_bonus":"ONE_RANDOM_RARE_CARD","is_prod":false,"is_daily":false,"chose_seed":false,"campfire_upgraded":8,"win_rate":0,"timestamp":1534283705,"path_taken":["M","M","?","M","M","R","?","$","T","?","R","M","M","E","R","BOSS","M","$","M","M","M","R","M","R","T","M","$","?","M","?","R","BOSS","M","$","M","?","M","R","M","?","T","R","?","M","?","?","R","BOSS"],"build_version":"2018-08-09","purchased_purges":0,"victory":true,"max_hp_per_floor":[80,80,80,80,80,80,74,74,74,74,74,74,74,74,74,74,74,74,74,74,74,74,74,74,74,74,74,74,74,74,74,74,74,74,74,74,74,74,74,74,74,74,74,74,74,74,74,74,74,74],"card_choices":[{"not_picked":["Clothesline","Sever Soul"],"picked":"Cleave","floor":1.0},{"not_picked":["Shrug It Off","Warcry"],"picked":"Armaments","floor":2.0},{"not_picked":["Burning Pact","Shrug It Off"],"picked":"Twin Strike","floor":4.0},{"not_picked":["Warcry","Juggernaut","Clothesline"],"picked":"SKIP","floor":5.0},{"not_picked":["Headbutt","Warcry"],"picked":"Sword Boomerang","floor":12.0},{"not_picked":["Shrug It Off","Bloodletting","Havoc"],"picked":"SKIP","floor":13.0},{"not_picked":["Uppercut","Flex"],"picked":"Thunderclap","floor":14.0},{"not_picked":["Double Tap","Fiend Fire"],"picked":"Offering","floor":16.0},{"not_picked":["Shrug It Off+1","Warcry","Carnage"],"picked":"SKIP","floor":18.0},{"not_picked":["Bloodletting","Shrug It Off+1"],"picked":"Twin Strike","floor":20.0},{"not_picked":["Combust","Headbutt","Wild Strike+1"],"picked":"SKIP","floor":21.0},{"not_picked":["Armaments","Body Slam","Headbutt"],"picked":"SKIP","floor":22.0},{"not_picked":["Cleave","Intimidate","Headbutt+1"],"picked":"SKIP","floor":24.0},{"not_picked":["Thunderclap+1","Clash","Armaments"],"picked":"SKIP","floor":27.0},{"not_picked":["Pommel Strike","Carnage","Flex"],"picked":"SKIP","floor":30.0},{"not_picked":["Clash+1","Burning Pact+1"],"picked":"Seeing Red","floor":32.0},{"not_picked":["Reaper","Impervious"],"picked":"Demon Form","floor":33.0},{"not_picked":["Clash+1","Shrug It Off+1","Pummel"],"picked":"SKIP","floor":35.0},{"not_picked":["Sever Soul+1","Pommel Strike+1","Shrug It Off"],"picked":"SKIP","floor":37.0},{"not_picked":["Dual Wield","Flame Barrier+1"],"picked":"Sword Boomerang+1","floor":39.0},{"not_picked":["Cleave+1","Thunderclap+1","Bludgeon"],"picked":"SKIP","floor":41.0},{"not_picked":["Spot Weakness+1","Warcry+1","Headbutt+1"],"picked":"SKIP","floor":46.0}],"player_experience":301244,"relics_obtained":[{"floor":9.0,"key":"Blood Vial"},{"floor":10.0,"key":"Odd Mushroom"},{"floor":14.0,"key":"Bag of Preparation"},{"floor":26.0,"key":"Centennial Puzzle"},{"floor":43.0,"key":"Molten Egg 2"}],"event_choices":[{"event_name":"Wheel of Change","player_choice":"Relic","floor":3.0,"damage_taken":0.0},{"event_name":"Golden Idol","player_choice":"Lose Max HP","floor":7.0,"damage_taken":0.0},{"event_name":"Mushrooms","player_choice":"Fought Mushrooms","floor":10.0,"damage_taken":0.0},{"event_name":"Wheel of Change","player_choice":"Relic","floor":29.0,"damage_taken":0.0},{"event_name":"The Library","player_choice":"Read","floor":31.0,"damage_taken":0.0},{"event_name":"Winding Halls","player_choice":"Writhe","floor":38.0,"damage_taken":0.0},{"event_name":"Tomb of Lord Red Mask","player_choice":"Paid","floor":42.0,"damage_taken":0.0},{"event_name":"MindBloom","player_choice":"Heal","floor":45.0,"damage_taken":0.0},{"event_name":"The Moai Head","player_choice":"Ignored","floor":47.0,"damage_taken":0.0},{"event_name":"WeMeetAgain","player_choice":"Card","floor":48.0,"damage_taken":0.0}],"is_beta":false,"boss_relics":[{"not_picked":["Tiny House","Runic Cube"],"picked":"Sozu"},{"not_picked":["Black Star","Empty Cage"],"picked":"Coffee Dripper"}],"items_purged_floors":[],"is_endless":false,"potions_floor_spawned":[2,4,12,13,16,20,22,27,35,37,41],"ascension_level":0}