{"gold_per_floor":[113,113,113,68,79,79,29,29,29,39,39,39,57,68,68,169,169,183,123,123,123,137,147,35,35,62,62,74,74,84,102,102,197,197,216,74,88,88,98,98,109,109,109,124,124,124,224,237,237,237],"floor_reached":51,"playtime":1438,"items_purged":["Strike_R","Strike_R","Strike_R"],"score":714,"play_id":"673629ac-d6b9-4b03-b65b-6b12f1d2e0e1","local_time":"20190219184721","is_ascension_mode":false,"campfire_choices":[{"data":"Armaments","floor":6.0,"key":"SMITH"},{"data":"Body Slam","floor":8.0,"key":"SMITH"},{"data":"Body Slam","floor":12.0,"key":"SMITH"},{"data":"Shrug It Off","floor":15.0,"key":"SMITH"},{"data":"Body Slam","floor":25.0,"key":"SMITH"},{"data":"Defend_R","floor":27.0,"key":"SMITH"},{"data":"Defend_R","floor":29.0,"key":"SMITH"},{"data":"Defend_R","floor":32.0,"key":"SMITH"},{"data":"Barricade","floor":40,"key":"SMITH"},{"data":"Defend_R","floor":42,"key":"SMITH"},{"floor":46,"key":"DIG"},{"floor":49,"key":"DIG"}],"neow_cost":"NONE","seed_source_timestamp":325922054710897,"circlet_count":0,"master_deck":["Defend_R+1","Defend_R+1","Defend_R+1","Defend_R+1","Bash","Body Slam+1","Shrug It Off+1","Armaments+1","Body Slam+1","Metallicize+1","Body Slam+1","Flame Barrier+1","Barricade+1","Shrug It Off+1"],"special_seed":0,"relics":["Burning Blood","The Courier","Toxic Egg 2","Philosopher\u0027s Stone","MutagenicStrength","Art of War","Velvet Choker","Shovel","Pen Nib","Gambling Chip"],"potions_floor_usage":[50,50],"damage_taken":[{"damage":8.0,"enemies":"2 Louse","floor":1.0,"turns":3.0},{"damage":3.0,"enemies":"Jaw Worm","floor":5.0,"turns":6.0},{"damage":0.0,"enemies":"Cultist","floor":10.0,"turns":2.0},{"damage":7.0,"enemies":"Exordium Thugs","floor":13.0,"turns":4.0},{"damage":2.0,"enemies":"Exordium Wildlife","floor":14.0,"turns":6.0},{"damage":51.0,"enemies":"The Guardian","floor":16.0,"turns":11.0},{"damage":4.0,"enemies":"Shell Parasite","floor":18.0,"turns":3.0},{"damage":12.0,"enemies":"2 Thieves","floor":22.0,"turns":3.0},{"damage":17.0,"enemies":"Centurion and Healer","floor":23.0,"turns":7.0},{"damage":0.0,"enemies":"Snake Plant","floor":28.0,"turns":2.0},{"damage":0.0,"enemies":"Chosen and Byrds","floor":30.0,"turns":4.0},{"damage":0.0,"enemies":"Cultist and Chosen","floor":31.0,"turns":4.0},{"damage":75.0,"enemies":"Champ","floor":33.0,"turns":16.0},{"damage":7.0,"enemies":"3 Darklings","floor":35.0,"turns":5.0},{"damage":0.0,"enemies":"3 Shapes","floor":37.0,"turns":6.0},{"damage":0,"enemies":"Writhing Mass","floor":39,"turns":4},{"damage":0,"enemies":"4 Shapes","floor":41,"turns":5},{"damage":8,"enemies":"Spire Growth","floor":44,"turns":4},{"damage":0,"enemies":"Mind Bloom Boss Battle","floor":47,"turns":6},{"damage":0,"enemies":"Maw","floor":48,"turns":4},{"damage":0,"enemies":"Time Eater","floor":50,"turns":7}],"seed_played":"5454486554093226198","potions_obtained":[{"floor":5.0,"key":"SpeedPotion"},{"floor":16.0,"key":"Ancient Potion"},{"floor":18.0,"key":"Energy Potion"},{"floor":30.0,"key":"GamblersBrew"},{"floor":47,"key":"Swift Potion"},{"floor":48,"key":"Dexterity Potion"}],"is_trial":false,"path_per_floor":["M","?","?","$","M","R","$","R","T","M","T","R","M","M","R","B",null,"M","$","?","?","M","M","$","R","T","R","M","R","M","M","R","B",null,"M","$","M","$","M","R","M","R","T","M","?","R","?","M","R","B",null],"character_chosen":"IRONCLAD","items_purchased":["Shrug It Off","Body Slam","Flame Barrier+1","Shrug It Off+1"],"campfire_rested":0,"item_purchase_floors":[4,7,24,36],"current_hp_per_floor":[86,79,79,79,82,82,82,82,82,88,88,88,87,88,88,43,88,88,88,88,88,82,71,71,71,71,71,77,77,83,88,88,19,88,87,87,88,88,88,88,88,88,88,86,84,84,84,84,84,84],"gold":237,"neow_bonus":"TEN_PERCENT_HP_BONUS","is_prod":false,"is_daily":false,"chose_seed":false,"campfire_upgraded":10,"win_rate":0,"timestamp":1550594841,"path_taken":["M","?","?","$","?","R","$","R","T","M","?","R","M","M","R","BOSS","M","$","?","?","M","M","$","R","T","R","?","R","M","M","R","BOSS","M","$","M","$","M","R","M","R","T","M","?","R","?","?","R","BOSS"],"build_version":"2019-01-23","purchased_purges":3,"victory":true,"max_hp_per_floor":[88,88,88,88,88,88,88,88,88,88,88,88,88,88,88,88,88,88,88,88,88,88,88,88,88,88,88,88,88,88,88,88,88,88,88,88,88,88,88,88,88,88,88,88,84,84,84,84,84,84],"card_choices":[{"not_picked":["Searing Blow","Pommel Strike"],"picked":"Body Slam","floor":1.0},{"not_picked":["Sword Boomerang","Havoc"],"picked":"Armaments","floor":5.0},{"not_picked":["Twin Strike","Clothesline","Wild Strike"],"picked":"SKIP","floor":10.0},{"not_picked":["Power Through+1","Infernal Blade+1","Pommel Strike"],"picked":"SKIP","floor":13.0},{"not_picked":["Cleave","Clothesline","Perfected Strike"],"picked":"SKIP","floor":14.0},{"not_picked":["True Grit+1","Twin Strike","Anger"],"picked":"SKIP","floor":18.0},{"not_picked":["Armaments+1","Perfected Strike"],"picked":"Metallicize+1","floor":22.0},{"not_picked":["Heavy Blade","Headbutt"],"picked":"Body Slam","floor":23.0},{"not_picked":["Burning Pact+1","Spot Weakness+1","Headbutt+1"],"picked":"SKIP","floor":28.0},{"not_picked":["Power Through+1","Offering+1","Perfected Strike"],"picked":"SKIP","floor":30.0},{"not_picked":["Armaments+1","Havoc+1","Sword Boomerang"],"picked":"SKIP","floor":31.0},{"not_picked":["Exhume+1","Impervious+1"],"picked":"Barricade","floor":33.0},{"not_picked":["Pommel Strike+1","Sever Soul+1","Rampage"],"picked":"SKIP","floor":35.0},{"not_picked":["Warcry+1","Havoc+1","Iron Wave"],"picked":"SKIP","floor":37.0},{"not_picked":["Sword Boomerang+1","Combust+1","Thunderclap"],"picked":"SKIP","floor":39},{"not_picked":["Sword Boomerang+1","Anger+1","Armaments+1"],"picked":"SKIP","floor":41},{"not_picked":["Headbutt+1","Heavy Blade","Sever Soul+1"],"picked":"SKIP","floor":44},{"not_picked":["Flex+1","Spot Weakness+1","Iron Wave+1"],"picked":"SKIP","floor":48}],"player_experience":589396,"relics_obtained":[{"floor":9.0,"key":"The Courier"},{"floor":11.0,"key":"Toxic Egg 2"},{"floor":26.0,"key":"Art of War"},{"floor":43,"key":"Shovel"},{"floor":46,"key":"Pen Nib"},{"floor":49,"key":"Gambling Chip"}],"event_choices":[{"cards_removed":["Strike_R"],"damage_healed":0.0,"max_hp_gain":0.0,"max_hp_loss":0.0,"gold_gain":0.0,"event_name":"Golden Wing","player_choice":"Card Removal","floor":2.0,"gold_loss":0.0,"damage_taken":7.0},{"cards_removed":["Strike_R"],"damage_healed":0.0,"max_hp_gain":0.0,"max_hp_loss":0.0,"gold_gain":0.0,"event_name":"Bonfire Elementals","player_choice":"Offered Basic","floor":3.0,"gold_loss":0.0,"damage_taken":0.0},{"damage_healed":0.0,"max_hp_gain":0.0,"max_hp_loss":0.0,"gold_gain":0.0,"event_name":"Drug Dealer","player_choice":"Inject Mutagens","floor":20.0,"gold_loss":0.0,"damage_taken":0.0,"relics_obtained":["MutagenicStrength"]},{"damage_healed":0.0,"max_hp_gain":0.0,"max_hp_loss":0.0,"gold_gain":0.0,"event_name":"Wheel of Change","player_choice":"Full Heal","floor":21.0,"gold_loss":0.0,"damage_taken":0.0},{"damage_healed":0,"gold_gain":0,"player_choice":"Max HP","damage_taken":0,"max_hp_gain":0,"max_hp_loss":4,"event_name":"Winding Halls","floor":45,"gold_loss":0},{"damage_healed":0,"gold_gain":0,"player_choice":"Fight","damage_taken":0,"max_hp_gain":0,"max_hp_loss":0,"event_name":"MindBloom","floor":47,"gold_loss":0}],"is_beta":false,"boss_relics":[{"not_picked":["Runic Cube","Runic Dome"],"picked":"Philosopher\u0027s Stone"},{"not_picked":["White Beast Statue","Tiny House"],"picked":"Velvet Choker"}],"items_purged_floors":[19,24,36],"is_endless":false,"potions_floor_spawned":[5,16,18,23,30,47,48],"ascension_level":0}