{"gold_per_floor":[118,118,133,148,28,56,56,67,67,79,97,113,136,169,169,274,274,288,307,307,325,336,365,375,386,431,458,458,470,496,114,114,219,219,239,252,271,146,162,162,173,173,198,213,213,226,237,254,254,254],"floor_reached":50,"playtime":10095,"items_purged":["Strike_B","Strike_B","Strike_B"],"score":766,"play_id":"dab01535-70a6-41f4-a652-e90122c3e164","local_time":"20190719200136","is_ascension_mode":true,"campfire_choices":[{"data":"Buffer","floor":7.0,"key":"SMITH"},{"data":"Scrape","floor":15.0,"key":"SMITH"},{"data":"Creative AI","floor":28,"key":"SMITH"},{"data":"Scrape","floor":32,"key":"SMITH"},{"floor":40,"key":"REST"},{"floor":49,"key":"REST"}],"neow_cost":"TEN_PERCENT_HP_LOSS","seed_source_timestamp":0,"circlet_count":0,"master_deck":["Defend_B","Defend_B","Defend_B+1","Zap+1","Dualcast","Gash","Scrape+1","Buffer+1","Streamline+1","Steam","Gash","Steam","Scrape+1","Go for the Eyes","Gash","FTL","Seek","Self Repair+1","Gash","Steam","Steam","Creative AI+1","FTL","Beam Cell","Scrape+1","Beam Cell+1","Meteor Strike+1","Beam Cell+1","BootSequence","Steam+1","Gash+1","Turbo","Parasite","Gash+1"],"special_seed":0,"relics":["FrozenCore","Thread and Needle","Strawberry","Centennial Puzzle","Odd Mushroom","Darkstone Periapt","Empty Cage","Pantograph","Boot","Ice Cream","Molten Egg 2","Lee\u0027s Waffle","War Paint","Question Card"],"potions_floor_usage":[23,27,27,44,48,50,50],"damage_taken":[{"damage":0.0,"enemies":"2 Louse","floor":1.0,"turns":1.0},{"damage":0.0,"enemies":"Cultist","floor":3.0,"turns":3.0},{"damage":0.0,"enemies":"Small Slimes","floor":4.0,"turns":2.0},{"damage":5.0,"enemies":"Gremlin Nob","floor":6.0,"turns":3.0},{"damage":2.0,"enemies":"Gremlin Gang","floor":8.0,"turns":5.0},{"damage":2.0,"enemies":"Lots of Slimes","floor":10.0,"turns":3.0},{"damage":0.0,"enemies":"3 Louse","floor":11.0,"turns":3.0},{"damage":0.0,"enemies":"Exordium Wildlife","floor":12.0,"turns":2.0},{"damage":5.0,"enemies":"The Mushroom Lair","floor":13.0,"turns":3.0},{"damage":0.0,"enemies":"3 Sentries","floor":14.0,"turns":5.0},{"damage":24.0,"enemies":"Slime Boss","floor":16.0,"turns":8.0},{"damage":0.0,"enemies":"Chosen","floor":18.0,"turns":4.0},{"damage":0.0,"enemies":"3 Byrds","floor":19.0,"turns":5.0},{"damage":2,"enemies":"Centurion and Healer","floor":21,"turns":5},{"damage":6,"enemies":"3 Cultists","floor":22,"turns":5},{"damage":10,"enemies":"Slavers","floor":23,"turns":6},{"damage":2,"enemies":"Cultist and Chosen","floor":24,"turns":5},{"damage":28,"enemies":"Snake Plant","floor":25,"turns":5},{"damage":0,"enemies":"Gremlin Leader","floor":27,"turns":4},{"damage":7,"enemies":"Shelled Parasite and Fungi","floor":29,"turns":5},{"damage":18,"enemies":"Book of Stabbing","floor":30,"turns":5},{"damage":1,"enemies":"Collector","floor":33,"turns":8},{"damage":29,"enemies":"3 Shapes","floor":35,"turns":4},{"damage":46,"enemies":"3 Darklings","floor":36,"turns":4},{"damage":1,"enemies":"Spire Growth","floor":37,"turns":4},{"damage":11,"enemies":"Jaw Worm Horde","floor":39,"turns":3},{"damage":6,"enemies":"4 Shapes","floor":41,"turns":7},{"damage":0,"enemies":"Sphere and 2 Shapes","floor":44,"turns":6},{"damage":0,"enemies":"Transient","floor":46,"turns":5},{"damage":25,"enemies":"Writhing Mass","floor":47,"turns":6},{"damage":15,"enemies":"4 Shapes","floor":48,"turns":5},{"damage":97,"enemies":"Time Eater","floor":50,"turns":9}],"seed_played":"790985957870833367","potions_obtained":[{"floor":3.0,"key":"Fire Potion"},{"floor":4.0,"key":"Poison Potion"},{"floor":8.0,"key":"SpeedPotion"},{"floor":13.0,"key":"Fruit Juice"},{"floor":14.0,"key":"Block Potion"},{"floor":16.0,"key":"Fire Potion"},{"floor":22,"key":"Swift Potion"},{"floor":24,"key":"Swift Potion"},{"floor":25,"key":"Explosive Potion"},{"floor":29,"key":"Fire Potion"},{"floor":33,"key":"AttackPotion"},{"floor":35,"key":"Swift Potion"},{"floor":39,"key":"Dexterity Potion"},{"floor":46,"key":"Ancient Potion"},{"floor":47,"key":"Regen Potion"},{"floor":48,"key":"SkillPotion"}],"is_trial":false,"path_per_floor":["M","?","M","M","$","E","R","M","T","M","M","M","?","E","R","B",null,"M","M","?","M","M","E","M","M","T","E","R","M","E","$","R","B",null,"M","M","M","$","M","R","M","?","T","M","T","M","M","M","R","B"],"character_chosen":"DEFECT","items_purchased":["Gash","Lee\u0027s Waffle","Scrape+1","Beam Cell+1"],"campfire_rested":2,"item_purchase_floors":[5,31,31,31],"current_hp_per_floor":[68,68,68,68,68,70,70,68,68,66,66,66,61,66,66,42,80,80,80,80,80,80,80,80,62,62,72,72,65,57,87,87,86,87,68,22,31,31,20,46,50,50,50,60,60,70,61,60,87,0],"gold":254,"neow_bonus":"ONE_RARE_RELIC","is_prod":false,"is_daily":false,"chose_seed":false,"campfire_upgraded":4,"win_rate":0,"timestamp":1563584496,"path_taken":["M","?","M","M","$","E","R","?","T","?","M","?","?","E","R","BOSS","M","M","?","?","M","E","M","?","T","E","R","M","E","$","R","BOSS","M","M","M","$","?","R","?","?","T","M","?","M","M","M","R","BOSS"],"build_version":"2019-07-17","purchased_purges":3,"victory":false,"max_hp_per_floor":[68,68,68,68,68,75,75,75,75,75,75,75,75,80,80,80,80,80,80,80,80,80,80,80,80,80,80,80,80,80,87,87,87,87,87,87,87,87,87,87,87,87,87,87,87,87,93,93,93,93],"card_choices":[{"not_picked":["Hologram","Fusion"],"picked":"Gash","floor":1.0},{"not_picked":["Barrage","Machine Learning"],"picked":"Streamline","floor":3.0},{"not_picked":["Rebound","Ball Lightning"],"picked":"Steam","floor":4.0},{"not_picked":["Skim","Coolheaded"],"picked":"Steam","floor":6.0},{"not_picked":["Leap","Compile Driver","Static Discharge"],"picked":"SKIP","floor":8.0},{"not_picked":["Double Energy","Turbo"],"picked":"Scrape","floor":10.0},{"not_picked":["Sweeping Beam","Capacitor"],"picked":"Go for the Eyes","floor":11.0},{"not_picked":["Coolheaded","Cold Snap"],"picked":"Gash","floor":12.0},{"not_picked":["Hologram","Barrage"],"picked":"FTL","floor":13.0},{"not_picked":["Fission","Redo","Coolheaded"],"picked":"SKIP","floor":14.0},{"not_picked":["Biased Cognition","Fission"],"picked":"Seek","floor":16.0},{"not_picked":["Ball Lightning","Go for the Eyes"],"picked":"Self Repair+1","floor":18.0},{"not_picked":["Chaos+1","Rebound"],"picked":"Gash","floor":19.0},{"not_picked":["Reprogram","Ball Lightning+1"],"picked":"Steam","floor":21},{"not_picked":["Cold Snap+1","Stack"],"picked":"Steam","floor":22},{"not_picked":["Ball Lightning","Conserve Battery","Loop"],"picked":"SKIP","floor":23},{"not_picked":["Fusion","Sweeping Beam+1"],"picked":"Creative AI","floor":24},{"not_picked":["Consume","Cold Snap"],"picked":"FTL","floor":25},{"not_picked":["Reinforced Body","Tempest+1","Seek"],"picked":"SKIP","floor":27},{"not_picked":["Rebound","Streamline+1"],"picked":"Beam Cell","floor":29},{"not_picked":["Leap","Tempest+1","Electrodynamics"],"picked":"SKIP","floor":30},{"not_picked":["Thunder Strike+1","Fission"],"picked":"Meteor Strike+1","floor":33},{"not_picked":["Sweeping Beam+1","Ball Lightning+1","Heatsinks+1"],"picked":"SKIP","floor":35},{"not_picked":["Streamline+1","Compile Driver+1"],"picked":"Beam Cell+1","floor":36},{"not_picked":["Skim+1","Redo+1"],"picked":"BootSequence","floor":37},{"not_picked":["Sweeping Beam+1","Stack"],"picked":"Steam+1","floor":39},{"not_picked":["Sweeping Beam+1","Buffer"],"picked":"Gash+1","floor":41},{"not_picked":["Stack+1","Chill","Conserve Battery"],"picked":"SKIP","floor":44},{"not_picked":["Aggregate","Capacitor+1","Defragment"],"picked":"Turbo","floor":46},{"not_picked":["Reinforced Body","Rebound+1","Streamline+1","Sweeping Beam+1"],"picked":"SKIP","floor":47},{"not_picked":["Beam Cell+1","Ball Lightning+1","Steam"],"picked":"Gash+1","floor":48}],"player_experience":415673,"relics_obtained":[{"floor":6.0,"key":"Strawberry"},{"floor":9.0,"key":"Centennial Puzzle"},{"floor":13.0,"key":"Odd Mushroom"},{"floor":14.0,"key":"Darkstone Periapt"},{"floor":23,"key":"Pantograph"},{"floor":26,"key":"Boot"},{"floor":27,"key":"Ice Cream"},{"floor":30,"key":"Molten Egg 2"},{"floor":43,"key":"War Paint"},{"floor":45,"key":"Question Card"}],"event_choices":[{"damage_healed":0.0,"max_hp_gain":0.0,"max_hp_loss":0.0,"gold_gain":0.0,"event_name":"Match and Keep!","player_choice":"2 cards matched","floor":2.0,"gold_loss":0.0,"damage_taken":0.0,"cards_obtained":["Scrape","Buffer"]},{"damage_healed":0.0,"max_hp_gain":0.0,"max_hp_loss":0.0,"gold_gain":0.0,"event_name":"Mushrooms","player_choice":"Fought Mushrooms","floor":13.0,"gold_loss":0.0,"damage_taken":0.0},{"damage_healed":0,"gold_gain":0,"player_choice":"Forge","damage_taken":0,"max_hp_gain":0,"max_hp_loss":0,"event_name":"Accursed Blacksmith","floor":20,"gold_loss":0,"cards_upgraded":["Streamline"]},{"damage_healed":0,"gold_gain":0,"player_choice":"Ignored","damage_taken":0,"max_hp_gain":0,"max_hp_loss":0,"event_name":"Mysterious Sphere","floor":42,"gold_loss":0}],"is_beta":false,"boss_relics":[{"not_picked":["Tiny House","White Beast Statue"],"picked":"Empty Cage"},{"not_picked":["Orrery","Lizard Tail"],"picked":"FrozenCore"}],"items_purged_floors":[5,31,38],"is_endless":false,"potions_floor_spawned":[3,4,8,13,14,16,22,24,25,29,33,35,39,46,47,48],"killed_by":"Time Eater","ascension_level":4}