{"path_per_floor":["M","?","?","M","$","R","E","?","T","M","M","R","$","M","R","B",null,"M","?","M","$","?","R","?","M","T","M","$","M","R","$","R","B",null,"M","?","M","T","M","R","$","R","T","$","?","R","M","M","R"],"character_chosen":"IRONCLAD","items_purchased":["Finesse","Bottled Lightning","Energy Potion","Weak Potion"],"gold_per_floor":[112,62,62,74,74,74,104,104,104,124,135,135,43,53,53,155,155,175,175,194,119,119,119,219,230,253,265,27,43,43,43,43,146,146,163,163,179,179,195,195,95,95,119,19,0,0,19,37,37],"floor_reached":50,"campfire_rested":0,"playtime":4686,"current_hp_per_floor":[80,80,64,70,70,70,49,49,49,58,67,67,67,69,69,41,80,80,80,76,76,80,80,80,74,74,80,80,74,74,74,74,24,80,80,80,80,80,71,75,75,79,79,79,79,80,82,84,84],"items_purged":["Defend_R","Defend_R"],"gold":37,"score":390,"play_id":"7d333549-4669-4ef2-b0e0-a8088815f329","is_prod":false,"is_daily":false,"is_ascension_mode":false,"campfire_upgraded":6,"path_taken":["M","?","?","M","$","R","E","?","T","?","M","R","$","M","R","BOSS","M","?","M","$","?","R","?","?","T","M","$","M","R","?","R","BOSS","M","?","M","?","?","R","?","R","T","$","?","R","M","M","R","BOSS"],"build_version":"2018-02-07-BETA1","purchased_purges":2,"victory":false,"master_deck":["Strike_R+1","Strike_R+1","Defend_R","Bash+1","Power Through","Shrug It Off+1","Dropkick+1","Finesse+1","Offering+1","Thunderclap+1","Reckless Charge","Dropkick+1"],"max_hp_per_floor":[80,80,80,80,80,80,80,80,80,80,80,80,80,80,80,80,80,80,80,80,80,80,80,80,80,80,80,80,80,80,80,80,80,80,80,80,80,80,80,80,80,80,80,80,80,80,82,84,84],"relics":["Black Blood","Unceasing Top","Magic Flower","Vajra","Bottled Lightning","Eternal Feather","Shovel","Juzu Bracelet","Singing Bowl","Oddly Smooth Stone","Red Mask","Anchor","Dream Catcher"],"card_choices":[{"not_picked":["Twin Strike","Dark Embrace"],"picked":"Power Through"},{"not_picked":["Combust","Disarm"],"picked":"Shrug It Off"},{"not_picked":["Wild Strike","Rampage"],"picked":"Dropkick"},{"not_picked":["Brutality","Fiend Fire"],"picked":"Offering"},{"not_picked":["Anger","Wild Strike"],"picked":"Thunderclap"},{"not_picked":["Armaments","Ghostly Armor"],"picked":"Dropkick"}],"player_experience":286896,"potions_floor_usage":[16,16,29,33,33,50,50],"damage_taken":[{"damage":3,"enemies":"Small Slimes","floor":1,"turns":3},{"damage":0,"enemies":"Jaw Worm","floor":4,"turns":2},{"damage":27,"enemies":"3 Sentries","floor":7,"turns":9},{"damage":0,"enemies":"Cultist","floor":10,"turns":4},{"damage":0,"enemies":"Large Slime","floor":11,"turns":5},{"damage":7,"enemies":"Gremlin Gang","floor":14,"turns":6},{"damage":37,"enemies":"Slime Boss","floor":16,"turns":17},{"damage":4,"enemies":"Chosen","floor":18,"turns":3},{"damage":19,"enemies":"2 Thieves","floor":20,"turns":4},{"damage":21,"enemies":"Snake Plant","floor":25,"turns":4},{"damage":4,"enemies":"Centurion and Healer","floor":27,"turns":4},{"damage":21,"enemies":"Sentry and Sphere","floor":29,"turns":5},{"damage":65,"enemies":"Collector","floor":33,"turns":14},{"damage":7,"enemies":"3 Shapes","floor":35,"turns":3},{"damage":6,"enemies":"Flame Bruiser 1 Orb","floor":37,"turns":3},{"damage":24,"enemies":"3 Darklings","floor":39,"turns":6},{"damage":4,"enemies":"Flame Bruiser 2 Orb","floor":47,"turns":2},{"damage":4,"enemies":"Spire Growth","floor":48,"turns":2},{"damage":84,"enemies":"Time Eater","floor":50,"turns":9}],"event_choices":[{"event_name":"The Cleric","player_choice":"Card Removal","floor":2,"damage_taken":0},{"event_name":"Shining Light","player_choice":"Entered Light","floor":3,"damage_taken":0},{"event_name":"Living Wall","player_choice":"Forget","floor":8,"damage_taken":0},{"event_name":"The Woman in Blue","player_choice":"Bought 0 Potions","floor":19,"damage_taken":0},{"event_name":"The Library","player_choice":"Heal","floor":22,"damage_taken":0},{"event_name":"Golden Shrine","player_choice":"Pray","floor":24,"damage_taken":0},{"event_name":"Transmorgrifier","player_choice":"Transform","floor":36,"damage_taken":0},{"event_name":"Tomb of Lord Red Mask","player_choice":"Paid","floor":45,"damage_taken":0}],"boss_relics":[{"not_picked":["White Beast Statue","Philosopher\u0027s Stone"],"picked":"Black Blood"},{"not_picked":["Cursed Key","Astrolabe"],"picked":"Eternal Feather"}],"potions_floor_spawned":[10,11,16,18,27,47],"seed_played":"-5740340589480818469","killed_by":"Time Eater","ascension_level":0,"is_trial":false}