{"gold_per_floor":[109,120,120,45,45,45,93,103,103,103,103,132,149,179,179,179],"floor_reached":16,"playtime":662,"items_purged":["Strike_R"],"score":140,"play_id":"7ce432bf-a48c-4595-87bb-b1d158f301f0","local_time":"20181110000816","is_ascension_mode":true,"campfire_choices":[{"data":"True Grit","floor":6,"key":"SMITH"},{"data":"Body Slam","floor":10,"key":"SMITH"},{"floor":15,"key":"REST"}],"neow_cost":"NONE","seed_source_timestamp":39573928391925,"circlet_count":0,"master_deck":["Strike_R","Strike_R","Strike_R+1","Strike_R","Defend_R","Defend_R+1","Defend_R","Defend_R","Bash+1","Body Slam+1","True Grit+1","Dropkick"],"relics":["Burning Blood","Anchor","Du-Vu Doll","Lantern","Paper Frog"],"potions_floor_usage":[14],"damage_taken":[{"damage":4,"enemies":"Jaw Worm","floor":1,"turns":4},{"damage":8,"enemies":"Small Slimes","floor":2,"turns":4},{"damage":0,"enemies":"2 Louse","floor":8,"turns":2},{"damage":16,"enemies":"Gremlin Nob","floor":12,"turns":3},{"damage":2,"enemies":"Looter","floor":13,"turns":4},{"damage":32,"enemies":"Lagavulin","floor":14,"turns":4},{"damage":60,"enemies":"Slime Boss","floor":16,"turns":11}],"seed_played":"2260895039946739889","potions_obtained":[{"floor":2,"key":"Dexterity Potion"},{"floor":8,"key":"SneckoOil"},{"floor":12,"key":"SmokeBomb"}],"is_trial":false,"path_per_floor":["M","M","?","$","?","R","T","M","T","R","?","E","M","E","R","B"],"character_chosen":"IRONCLAD","items_purchased":[],"campfire_rested":1,"item_purchase_floors":[],"current_hp_per_floor":[74,72,77,77,77,77,77,83,83,83,66,56,60,34,59,0],"gold":179,"neow_bonus":"UPGRADE_CARD","is_prod":false,"is_daily":false,"chose_seed":false,"campfire_upgraded":2,"win_rate":0,"timestamp":1541804896,"path_taken":["M","M","?","$","?","R","?","M","T","R","?","E","?","E","R","BOSS"],"build_version":"2018-11-08","purchased_purges":1,"victory":false,"max_hp_per_floor":[80,80,85,85,85,85,85,85,85,85,85,85,85,85,85,85],"card_choices":[{"not_picked":["Clash","Havoc"],"picked":"Body Slam","floor":1},{"not_picked":["Rage","Sever Soul"],"picked":"True Grit","floor":2},{"not_picked":["Anger","Sword Boomerang"],"picked":"Dropkick","floor":8},{"not_picked":["Heavy Blade","Armaments","Sentinel"],"picked":"SKIP","floor":12},{"not_picked":["Headbutt","Disarm","Sword Boomerang"],"picked":"SKIP","floor":13},{"not_picked":["Bloodletting","Impervious","Armaments"],"picked":"SKIP","floor":14}],"player_experience":635903,"relics_obtained":[{"floor":7,"key":"Anchor"},{"floor":9,"key":"Du-Vu Doll"},{"floor":12,"key":"Lantern"},{"floor":14,"key":"Paper Frog"}],"event_choices":[{"damage_healed":0,"gold_gain":0,"player_choice":"Donut","damage_taken":0,"max_hp_gain":5,"max_hp_loss":0,"event_name":"Big Fish","floor":3,"gold_loss":0},{"damage_healed":0,"gold_gain":0,"player_choice":"Leave","damage_taken":0,"max_hp_gain":0,"max_hp_loss":0,"event_name":"The Cleric","floor":5,"gold_loss":0},{"damage_healed":0,"gold_gain":0,"player_choice":"Entered Light","damage_taken":17,"max_hp_gain":0,"max_hp_loss":0,"event_name":"Shining Light","floor":11,"gold_loss":0,"cards_upgraded":["Defend_R","Strike_R"]}],"is_beta":true,"boss_relics":[],"items_purged_floors":[4],"is_endless":false,"potions_floor_spawned":[2,8,12],"killed_by":"Slime Boss","ascension_level":6}