{"gold_per_floor":[111,111,123,134,61,61,90,90,90,107,36,36,50,68,68,165,165,178,192,112,112,112],"floor_reached":22,"playtime":637,"items_purged":[],"score":186,"play_id":"920e70fb-8800-467f-a84d-b3b66f6cb7ff","local_time":"20181117165348","is_ascension_mode":false,"campfire_choices":[{"data":"Defragment","floor":6,"key":"SMITH"},{"data":"Hologram","floor":8,"key":"SMITH"},{"data":"Defragment","floor":12,"key":"SMITH"},{"floor":15,"key":"RECALL"}],"neow_cost":"NONE","seed_source_timestamp":158633533622290,"circlet_count":0,"master_deck":["Strike_B","Strike_B","Strike_B","Defend_B","Defend_B","Defend_B","Defend_B","Zap+1","Dualcast","Hologram+1","Defragment+1","Conserve Battery","Go for the Eyes","Force Field","Defragment+1","Self Repair","Hologram","Steam","Glacier","Electrodynamics"],"relics":["Cracked Core","Pocketwatch","Eternal Feather"],"potions_floor_usage":[7],"damage_taken":[{"damage":1,"enemies":"2 Louse","floor":1,"turns":2},{"damage":0,"enemies":"Cultist","floor":3,"turns":3},{"damage":0,"enemies":"Jaw Worm","floor":4,"turns":2},{"damage":18,"enemies":"Gremlin Nob","floor":7,"turns":5},{"damage":0,"enemies":"Exordium Wildlife","floor":10,"turns":3},{"damage":3,"enemies":"Exordium Thugs","floor":13,"turns":5},{"damage":0,"enemies":"Red Slaver","floor":14,"turns":4},{"damage":7,"enemies":"The Guardian","floor":16,"turns":10},{"damage":40,"enemies":"2 Thieves","floor":18,"turns":5},{"damage":31,"enemies":"Chosen","floor":19,"turns":5},{"damage":20,"enemies":"Colosseum Slavers","floor":22,"turns":3}],"seed_played":"-8284623478769175168","potions_obtained":[{"floor":3,"key":"SkillPotion"},{"floor":10,"key":"FocusPotion"},{"floor":13,"key":"LiquidBronze"},{"floor":14,"key":"Ancient Potion"}],"is_trial":false,"path_per_floor":["M","?","M","M","$","R","E","R","T","M","$","R","M","M","R","B",null,"M","M","$","?","?"],"character_chosen":"DEFECT","items_purchased":["Conserve Battery","Go for the Eyes","Defragment","Electrodynamics"],"campfire_rested":0,"item_purchase_floors":[5,5,11,20],"current_hp_per_floor":[74,74,74,74,74,74,56,56,56,56,56,56,53,60,60,60,75,42,18,18,18,0],"gold":112,"neow_bonus":"UPGRADE_CARD","is_prod":false,"is_daily":false,"chose_seed":false,"campfire_upgraded":3,"win_rate":0,"timestamp":1542466428,"path_taken":["M","?","M","?","?","R","E","R","T","M","$","R","M","M","R","BOSS","M","M","$","?","?"],"build_version":"2018-11-15","purchased_purges":0,"victory":false,"max_hp_per_floor":[75,75,75,75,75,75,75,75,75,75,75,75,75,75,75,75,75,75,75,75,75,75],"card_choices":[{"not_picked":["Sweeping Beam","Streamline","Rip and Tear"],"picked":"SKIP","floor":1},{"not_picked":["Heatsinks","Barrage"],"picked":"Hologram","floor":3},{"not_picked":["Rebound","Auto Shields"],"picked":"Defragment","floor":4},{"not_picked":["Rebound","Consume","Turbo"],"picked":"SKIP","floor":7},{"not_picked":["Lockon","Conserve Battery"],"picked":"Force Field","floor":10},{"not_picked":["Streamline","Conserve Battery"],"picked":"Self Repair","floor":13},{"not_picked":["White Noise","Ball Lightning"],"picked":"Hologram","floor":14},{"not_picked":["Rebound","Ball Lightning"],"picked":"Steam","floor":18},{"not_picked":["Redo","Beam Cell"],"picked":"Glacier","floor":19}],"player_experience":479823,"relics_obtained":[{"floor":7,"key":"Pocketwatch"}],"event_choices":[{"cards_removed":["Strike_B"],"damage_healed":0,"gold_gain":0,"player_choice":"Offered Basic","damage_taken":0,"max_hp_gain":0,"max_hp_loss":0,"event_name":"Bonfire Elementals","floor":2,"gold_loss":0},{"damage_healed":0,"gold_gain":0,"player_choice":"Ignored","damage_taken":0,"max_hp_gain":0,"max_hp_loss":0,"event_name":"Cursed Tome","floor":21,"gold_loss":0},{"damage_healed":0,"gold_gain":0,"player_choice":"Fight","damage_taken":0,"max_hp_gain":0,"max_hp_loss":0,"event_name":"Colosseum","floor":22,"gold_loss":0}],"is_beta":false,"boss_relics":[{"not_picked":["Runic Dome","White Beast Statue"],"picked":"Eternal Feather"}],"items_purged_floors":[],"is_endless":false,"potions_floor_spawned":[3,10,13,14],"killed_by":"Colosseum Slavers","ascension_level":0}