{"gold_per_floor":[113,113,125,76,76,76,76,76,99,128,128,147,147,157,157,256,256,270,270,86,104,123,123,157,167,219,233,252,268,282,295,295,391,391,402,420,471,484,290,290,290,320,320,108,139,239,252,252,252,252],"floor_reached":51,"playtime":1752,"items_purged":[],"score":779,"play_id":"7d7ed23e-960c-4cce-a73c-40fdd044a605","local_time":"20180729160136","is_ascension_mode":false,"campfire_choices":[{"data":"Armaments","floor":6.0,"key":"SMITH"},{"data":"Metallicize","floor":8.0,"key":"SMITH"},{"data":"Bash","floor":11.0,"key":"SMITH"},{"data":"Juggernaut","floor":13.0,"key":"SMITH"},{"data":"Iron Wave","floor":15.0,"key":"SMITH"},{"data":"Apotheosis","floor":23.0,"key":"SMITH"},{"data":"Demon Form","floor":32.0,"key":"SMITH"},{"data":"Barricade","floor":40.0,"key":"SMITH"},{"data":"Flame Barrier","floor":49,"key":"SMITH"}],"neow_cost":"NONE","seed_source_timestamp":9925135972215,"circlet_count":0,"master_deck":["Strike_R","Strike_R","Strike_R+1","Strike_R","Defend_R","Defend_R","Defend_R","Defend_R","Bash+1","Iron Wave+1","Metallicize+1","Iron Wave","Armaments+1","Iron Wave","Juggernaut+1","Demon Form+1","Apotheosis+1","Battle Trance+1","Shrug It Off","Offering","Flame Barrier+1","Barricade+1","Ghostly Armor+1","Brutality","Good Instincts","Iron Wave","Shrug It Off+1"],"special_seed":0,"relics":["Burning Blood","Art of War","Bronze Scales","Coffee Dripper","Blue Candle","Whetstone","Velvet Choker","Incense Burner","TheAbacus","Bag of Preparation","Dodecahedron","Red Skull","Charon\u0027s Ashes"],"potions_floor_usage":[42,42,50,50],"damage_taken":[{"damage":8.0,"enemies":"Jaw Worm","floor":1.0,"turns":3.0},{"damage":0.0,"enemies":"2 Louse","floor":3.0,"turns":3.0},{"damage":6.0,"enemies":"3 Sentries","floor":10.0,"turns":12.0},{"damage":1.0,"enemies":"Small Slimes","floor":12.0,"turns":3.0},{"damage":8.0,"enemies":"Blue Slaver","floor":14.0,"turns":3.0},{"damage":35.0,"enemies":"Hexaghost","floor":16.0,"turns":8.0},{"damage":7.0,"enemies":"Chosen","floor":18.0,"turns":5.0},{"damage":10.0,"enemies":"2 Thieves","floor":21.0,"turns":3.0},{"damage":7.0,"enemies":"Snake Plant","floor":22.0,"turns":4.0},{"damage":7.0,"enemies":"Book of Stabbing","floor":24.0,"turns":5.0},{"damage":5.0,"enemies":"Centurion and Healer","floor":25.0,"turns":6.0},{"damage":11.0,"enemies":"Sentry and Sphere","floor":27.0,"turns":4.0},{"damage":0.0,"enemies":"3 Cultists","floor":28.0,"turns":5.0},{"damage":0.0,"enemies":"Chosen and Byrds","floor":29.0,"turns":5.0},{"damage":15.0,"enemies":"Sentry and Sphere","floor":30.0,"turns":4.0},{"damage":0.0,"enemies":"Snecko","floor":31.0,"turns":4.0},{"damage":52.0,"enemies":"Champ","floor":33.0,"turns":9.0},{"damage":31.0,"enemies":"3 Darklings","floor":35.0,"turns":6.0},{"damage":41.0,"enemies":"Flame Bruiser 1 Orb","floor":36.0,"turns":6.0},{"damage":23.0,"floor":37.0,"turns":5.0},{"damage":10.0,"enemies":"3 Darklings","floor":38.0,"turns":6.0},{"damage":7,"enemies":"Nemesis","floor":42,"turns":7},{"damage":0,"enemies":"Giant Head","floor":45,"turns":9},{"damage":5,"enemies":"4 Shapes","floor":47,"turns":6},{"damage":12,"enemies":"Awakened One","floor":50,"turns":12}],"seed_played":"-8005394623075514108","potions_obtained":[{"floor":1.0,"key":"Energy Potion"},{"floor":3.0,"key":"Weak Potion"},{"floor":5.0,"key":"Energy Potion"},{"floor":5.0,"key":"Dexterity Potion"},{"floor":16.0,"key":"Regen Potion"},{"floor":24.0,"key":"Poison Potion"},{"floor":37.0,"key":"Dexterity Potion"},{"floor":42,"key":"EssenceOfSteel"}],"is_trial":false,"path_per_floor":["M","?","M","$","?","R","$","R","T","E","R","M","R","M","R","B",null,"M","?","$","M","M","R","E","M","T","M","M","M","M","M","R","B",null,"M","M","?","M","$","R","?","E","T","$","E","?","M","T","R","B"],"character_chosen":"IRONCLAD","items_purchased":["Armaments","Apotheosis","TheAbacus","GamblersBrew","Good Instincts","Iron Wave"],"campfire_rested":0,"item_purchase_floors":[4,20,39,44,44,44],"current_hp_per_floor":[78,78,80,80,80,80,80,80,80,80,80,80,80,78,78,49,80,79,79,79,75,74,74,73,74,74,69,75,80,71,77,77,31,80,55,20,18,14,14,14,14,13,13,13,19,19,20,20,20,14],"gold":252,"neow_bonus":"THREE_CARDS","is_prod":false,"is_daily":false,"chose_seed":false,"campfire_upgraded":9,"win_rate":0,"timestamp":1532869296,"path_taken":["M","?","M","$","?","R","?","R","T","E","R","M","R","M","R","BOSS","M","?","$","M","?","R","E","M","T","M","M","M","M","M","R","BOSS","M","M","?","M","$","R","?","E","T","$","E","?","M","?","R","BOSS"],"build_version":"2018-07-26","purchased_purges":0,"victory":true,"max_hp_per_floor":[80,80,80,80,80,80,80,80,80,80,80,80,80,80,80,80,80,80,80,80,80,80,80,80,80,80,80,80,80,80,80,80,80,80,80,80,80,80,80,80,80,80,80,80,80,80,80,80,80,80],"card_choices":[{"not_picked":["Blood for Blood","Anger"],"picked":"Iron Wave","floor":0.0},{"not_picked":["Uppercut","Body Slam"],"picked":"Metallicize","floor":1.0},{"not_picked":["Havoc","Cleave"],"picked":"Iron Wave","floor":3.0},{"not_picked":["Fire Breathing","Uppercut"],"picked":"Iron Wave","floor":10.0},{"not_picked":["True Grit","Anger"],"picked":"Juggernaut","floor":12.0},{"not_picked":["Perfected Strike","Flex","Clothesline"],"picked":"SKIP","floor":14.0},{"not_picked":["Bludgeon","Fiend Fire"],"picked":"Demon Form","floor":16.0},{"not_picked":["Blood for Blood","Armaments","Pommel Strike"],"picked":"SKIP","floor":18.0},{"not_picked":["Second Wind","Sword Boomerang+1"],"picked":"Battle Trance+1","floor":21.0},{"not_picked":["Corruption","Sentinel","Wild Strike"],"picked":"SKIP","floor":22.0},{"not_picked":["Perfected Strike","Anger"],"picked":"Shrug It Off","floor":24.0},{"not_picked":["Anger+1","Bloodletting+1","Second Wind"],"picked":"SKIP","floor":25.0},{"not_picked":["Thunderclap","Dual Wield"],"picked":"Offering","floor":27.0},{"not_picked":["Inflame","Disarm","Rupture"],"picked":"SKIP","floor":28.0},{"not_picked":["Thunderclap","Searing Blow+1"],"picked":"Flame Barrier","floor":29.0},{"not_picked":["Headbutt+1","Dual Wield","Perfected Strike"],"picked":"SKIP","floor":30.0},{"not_picked":["Carnage","Iron Wave","Clash"],"picked":"SKIP","floor":31.0},{"not_picked":["Bludgeon","Fiend Fire"],"picked":"Barricade","floor":33.0},{"not_picked":["Pommel Strike+1","Warcry+1","Blood for Blood"],"picked":"SKIP","floor":35.0},{"not_picked":["Pommel Strike","Infernal Blade"],"picked":"Ghostly Armor+1","floor":36.0},{"not_picked":["Anger","Flex","Heavy Blade+1"],"picked":"SKIP","floor":38.0},{"not_picked":["Bludgeon","Dropkick+1","Sword Boomerang"],"picked":"SKIP","floor":42},{"not_picked":["True Grit","Rupture+1","Thunderclap+1"],"picked":"SKIP","floor":45},{"not_picked":["Seeing Red","Pommel Strike"],"picked":"Shrug It Off+1","floor":47}],"player_experience":263295,"relics_obtained":[{"floor":9.0,"key":"Art of War"},{"floor":10.0,"key":"Bronze Scales"},{"floor":24.0,"key":"Blue Candle"},{"floor":26.0,"key":"Whetstone"},{"floor":37.0,"key":"Incense Burner"},{"floor":42,"key":"Bag of Preparation"},{"floor":43,"key":"Dodecahedron"},{"floor":45,"key":"Red Skull"},{"floor":48,"key":"Charon\u0027s Ashes"}],"event_choices":[{"event_name":"The Cleric","player_choice":"Leave","floor":2.0,"damage_taken":0.0},{"event_name":"The Lab","player_choice":"Got Potions","floor":5.0,"damage_taken":0.0},{"event_name":"Cursed Tome","player_choice":"Ignored","floor":19.0,"damage_taken":0.0},{"event_name":"Mysterious Sphere","player_choice":"Fight","floor":37.0,"damage_taken":0.0},{"event_name":"Transmorgrifier","player_choice":"Transform","floor":41.0,"damage_taken":0.0},{"event_name":"Golden Shrine","player_choice":"Pray","floor":46,"damage_taken":0}],"is_beta":false,"boss_relics":[{"not_picked":["Calling Bell","Runic Pyramid"],"picked":"Coffee Dripper"},{"not_picked":["Snecko Eye","White Beast Statue"],"picked":"Velvet Choker"}],"items_purged_floors":[],"is_endless":false,"potions_floor_spawned":[1,3,16,24,29,30,31,35,37,42],"ascension_level":0}