{"path_per_floor":["M","M","M","M","$","R","E","M","T","M","M","R","M","E","R","B",null,"M","?","$","M","M","E","R","M","T","R","M","M","M","$","R","B",null,"M","M","M","$","?","R","M","M","T","$","M","?","$","M","R"],"character_chosen":"IRONCLAD","items_purchased":["Magnetism","Ginger","Whirlwind","Matryoshka","Rampage","Perfected Strike"],"gold_per_floor":[218,228,243,253,61,61,93,110,136,155,172,172,190,224,224,321,321,341,341,47,65,82,112,112,123,176,176,186,206,221,149,149,254,254,267,286,301,62,62,62,76,89,135,55,70,70,20,32,32,32],"floor_reached":50,"campfire_rested":4,"playtime":2545,"item_purchase_floors":[],"current_hp_per_floor":[78,75,70,74,74,74,45,45,45,48,50,50,56,47,47,19,80,67,67,67,73,48,8,32,15,15,41,46,36,30,30,56,30,87,84,60,44,44,44,44,38,37,37,37,32,56,56,41,71,0],"items_purged":[],"gold":32,"score":559,"play_id":"146bb0c5-544d-4903-8cd9-a0a990d46466","local_time":"20180521220855","is_prod":false,"is_daily":false,"chose_seed":false,"is_ascension_mode":false,"campfire_upgraded":4,"timestamp":1526929735,"campfire_choices":[{"data":"Magnetism","floor":6.0,"key":"SMITH"},{"data":"Evolve","floor":12.0,"key":"SMITH"},{"data":"Perfected Strike","floor":15.0,"key":"SMITH"},{"floor":24.0,"key":"REST"},{"floor":27.0,"key":"REST"},{"floor":32.0,"key":"REST"},{"data":"Perfected Strike","floor":40.0,"key":"SMITH"},{"floor":49.0,"key":"REST"}],"path_taken":["M","M","M","M","$","R","E","M","T","M","M","R","M","E","R","BOSS","M","?","$","M","M","E","R","M","T","R","M","?","M","$","R","BOSS","M","M","M","$","?","R","M","M","T","$","M","?","$","M","R","BOSS"],"build_version":"2018-05-18","seed_source_timestamp":314892723399377,"purchased_purges":0,"victory":false,"master_deck":["Strike_R","Strike_R","Strike_R","Strike_R","Defend_R","Defend_R","Defend_R","Defend_R","Bash","Evolve+1","Twin Strike","Shrug It Off","Thunderclap","Magnetism+1","Shrug It Off+1","Shockwave+1","Ghostly Armor+1","Perfected Strike+1","Feed+1","Flame Barrier+1","Perfected Strike+1","Shrug It Off+1","Perfected Strike+1","Immolate","Whirlwind","Feed","Headbutt","Seeing Red+1","Rampage","Flame Barrier+1","Writhe","Perfected Strike","Twin Strike+1"],"max_hp_per_floor":[80,80,80,80,80,80,80,80,80,80,80,80,80,80,80,80,80,83,83,83,83,83,83,83,87,87,87,87,87,87,87,87,87,87,90,90,90,90,90,90,90,94,94,94,97,97,97,100,100,100],"relics":["Burning Blood","Toxic Egg 2","Pen Nib","Vajra","White Beast Statue","Ginger","Happy Flower","Ancient Tea Set","Sozu","Matryoshka","Juzu Bracelet","Orichalcum"],"card_choices":[{"not_picked":["Bloodletting","Sword Boomerang"],"picked":"Evolve","floor":1.0},{"not_picked":["Anger","Warcry"],"picked":"Twin Strike","floor":2.0},{"not_picked":["Anger","Rupture"],"picked":"Shrug It Off","floor":3.0},{"not_picked":["Warcry","Rage"],"picked":"Thunderclap","floor":4.0},{"not_picked":["Armaments","Havoc","Barricade"],"picked":"SKIP","floor":7.0},{"not_picked":["Cleave","Thunderclap"],"picked":"Shrug It Off+1","floor":8.0},{"not_picked":["Thunderclap","Fire Breathing"],"picked":"Shockwave+1","floor":10.0},{"not_picked":["Warcry+1","Searing Blow"],"picked":"Ghostly Armor+1","floor":11.0},{"not_picked":["Anger","Body Slam","Clash"],"picked":"SKIP","floor":13.0},{"not_picked":["Dual Wield+1","Thunderclap"],"picked":"Perfected Strike","floor":14.0},{"not_picked":["Reaper","Double Tap+1"],"picked":"Feed","floor":16.0},{"not_picked":["Headbutt","Power Through+1"],"picked":"Flame Barrier+1","floor":18.0},{"not_picked":["Clash","Wild Strike"],"picked":"Perfected Strike","floor":21.0},{"not_picked":["Dual Wield+1","Cleave","True Grit+1"],"picked":"SKIP","floor":22.0},{"not_picked":["Combust+1","Feel No Pain","Disarm+1"],"picked":"SKIP","floor":23.0},{"not_picked":["Thunderclap","Heavy Blade+1"],"picked":"Shrug It Off+1","floor":25.0},{"not_picked":["Dual Wield+1","Burning Pact+1"],"picked":"Perfected Strike+1","floor":28.0},{"not_picked":["Iron Wave","Cleave"],"picked":"Immolate","floor":29.0},{"not_picked":["Cleave","Sword Boomerang","Warcry+1"],"picked":"SKIP","floor":30.0},{"not_picked":["Bludgeon","Brutality"],"picked":"Feed","floor":33.0},{"not_picked":["Entrench+1","Cleave+1","Pommel Strike+1"],"picked":"SKIP","floor":35.0},{"not_picked":["Headbutt+1","Clash+1","Armaments+1"],"picked":"SKIP","floor":36.0},{"not_picked":["True Grit+1","Anger","Intimidate+1"],"picked":"SKIP","floor":37.0},{"not_picked":["Dropkick","True Grit+1","Sentinel+1"],"picked":"SKIP","floor":41.0},{"not_picked":["Battle Trance+1","Iron Wave+1"],"picked":"Seeing Red+1","floor":42.0},{"not_picked":["Intimidate+1","Juggernaut"],"picked":"Flame Barrier+1","floor":45.0},{"not_picked":["Metallicize","Whirlwind+1"],"picked":"Twin Strike+1","floor":48.0}],"player_experience":149468,"potions_floor_usage":[],"damage_taken":[{"damage":8.0,"enemies":"2 Louse","floor":1.0,"turns":2.0},{"damage":9.0,"enemies":"Cultist","floor":2.0,"turns":4.0},{"damage":11.0,"enemies":"Jaw Worm","floor":3.0,"turns":3.0},{"damage":2.0,"enemies":"Red Slaver","floor":4.0,"turns":5.0},{"damage":35.0,"enemies":"3 Sentries","floor":7.0,"turns":8.0},{"damage":6.0,"enemies":"Exordium Thugs","floor":8.0,"turns":6.0},{"damage":3.0,"enemies":"Blue Slaver","floor":10.0,"turns":5.0},{"damage":4.0,"enemies":"2 Fungi Beasts","floor":11.0,"turns":4.0},{"damage":0.0,"enemies":"Large Slime","floor":13.0,"turns":7.0},{"damage":15.0,"enemies":"Lagavulin","floor":14.0,"turns":9.0},{"damage":34.0,"enemies":"Slime Boss","floor":16.0,"turns":12.0},{"damage":22.0,"enemies":"Spheric Guardian","floor":18.0,"turns":6.0},{"damage":0.0,"enemies":"3 Byrds","floor":21.0,"turns":4.0},{"damage":36.0,"enemies":"Sentry and Sphere","floor":22.0,"turns":6.0},{"damage":46.0,"enemies":"Book of Stabbing","floor":23.0,"turns":8.0},{"damage":27.0,"enemies":"3 Cultists","floor":25.0,"turns":7.0},{"damage":1.0,"enemies":"Snecko","floor":28.0,"turns":4.0},{"damage":16.0,"enemies":"Chosen and Byrds","floor":29.0,"turns":4.0},{"damage":12.0,"enemies":"Centurion and Healer","floor":30.0,"turns":3.0},{"damage":32.0,"enemies":"Collector","floor":33.0,"turns":6.0},{"damage":12.0,"enemies":"Orb Walker","floor":35.0,"turns":4.0},{"damage":30.0,"enemies":"3 Darklings","floor":36.0,"turns":2.0},{"damage":22.0,"enemies":"Flame Bruiser 2 Orb","floor":37.0,"turns":4.0},{"damage":12.0,"enemies":"Spire Growth","floor":41.0,"turns":2.0},{"damage":11.0,"enemies":"Sphere and 2 Shapes","floor":42.0,"turns":3.0},{"damage":14.0,"enemies":"3 Darklings","floor":45.0,"turns":4.0},{"damage":24.0,"enemies":"Spire Growth","floor":48.0,"turns":5.0},{"damage":74,"enemies":"Time Eater","floor":50,"turns":9}],"relics_obtained":[{"floor":7.0,"key":"Toxic Egg 2"},{"floor":9.0,"key":"Pen Nib"},{"floor":14.0,"key":"Vajra"},{"floor":23.0,"key":"Happy Flower"},{"floor":26.0,"key":"Ancient Tea Set"},{"floor":43.0,"key":"Juzu Bracelet"},{"floor":43.0,"key":"Orichalcum"}],"event_choices":[{"event_name":"Upgrade Shrine","player_choice":"Upgraded","floor":19.0,"damage_taken":0.0},{"event_name":"Transmorgrifier","player_choice":"Transform","floor":39.0,"damage_taken":0.0},{"event_name":"Winding Halls","player_choice":"Writhe","floor":46.0,"damage_taken":0.0}],"boss_relics":[],"items_purged_floors":[],"potions_floor_spawned":[1,4,7,13,14,18,21,22,23,25,28,29,30,33,35,36,37,41,42,45,48],"seed_played":"7989914999535278251","killed_by":"Time Eater","ascension_level":0,"potions_obtained":[{"floor":1.0,"key":"Block Potion"},{"floor":4.0,"key":"Dexterity Potion"},{"floor":7.0,"key":"Regen Potion"},{"floor":14.0,"key":"Explosive Potion"},{"floor":18.0,"key":"Strength Potion"},{"floor":21.0,"key":"Poison Potion"},{"floor":22.0,"key":"Ancient Potion"},{"floor":23.0,"key":"Fire Potion"},{"floor":25.0,"key":"PowerPotion"},{"floor":29.0,"key":"Fire Potion"},{"floor":30.0,"key":"Strength Potion"},{"floor":33.0,"key":"Poison Potion"}],"is_trial":false}