{"gold_per_floor":[114,189,205,218,10,51,51,106,184,223,223,258,274,307,307,411,411,425,29,29,41,41,71,71,83,133,165,197,209,4,54,54,157,157,171,188,188,188,188,188,255,301,301,130,165,188,219,0,0,20],"floor_reached":51,"playtime":1470,"items_purged":["Normality"],"score":736,"play_id":"65f53914-eddb-4998-aa67-9ac170211d3f","local_time":"20180909010320","is_ascension_mode":false,"campfire_choices":[{"data":"HandOfGreed","floor":7.0,"key":"SMITH"},{"data":"Bash","floor":11.0,"key":"SMITH"},{"data":"Rampage","floor":15.0,"key":"SMITH"},{"floor":32.0,"key":"REST"},{"floor":40.0,"key":"REST"},{"floor":49.0,"key":"REST"}],"neow_cost":"NONE","seed_source_timestamp":76555802859688,"circlet_count":0,"master_deck":["Strike_R","Strike_R","Strike_R","Defend_R","Defend_R","Defend_R+1","Bash+1","Rampage+1","Pommel Strike","HandOfGreed+1","Whirlwind","Dropkick","Thunderclap","Battle Trance","Shrug It Off+1","Shrug It Off+1","FTL","HandOfGreed","Flying Knee+1","Finisher+1","Terror+1","Finesse","Sunder","Decay"],"special_seed":0,"relics":["Burning Blood","Torii","Paper Frog","Vajra","Fusion Hammer","Pen Nib","Self Forming Clay","MutagenicStrength","Incense Burner","Bag of Preparation","PrismaticShard","Cursed Key","Calipers","War Paint","Blood Vial","Centennial Puzzle","Red Mask"],"potions_floor_usage":[50,50],"damage_taken":[{"damage":6.0,"enemies":"Cultist","floor":1.0,"turns":3.0},{"damage":6.0,"enemies":"2 Louse","floor":3.0,"turns":3.0},{"damage":0.0,"enemies":"Small Slimes","floor":4.0,"turns":3.0},{"damage":22.0,"enemies":"Gremlin Nob","floor":6.0,"turns":4.0},{"damage":0.0,"enemies":"3 Louse","floor":8.0,"turns":3.0},{"damage":0.0,"enemies":"Large Slime","floor":10.0,"turns":2.0},{"damage":36.0,"enemies":"Lagavulin","floor":12.0,"turns":4.0},{"damage":2.0,"enemies":"Blue Slaver","floor":13.0,"turns":3.0},{"damage":1.0,"enemies":"3 Louse","floor":14.0,"turns":2.0},{"damage":36.0,"enemies":"The Guardian","floor":16.0,"turns":10.0},{"damage":10.0,"enemies":"Spheric Guardian","floor":18.0,"turns":3.0},{"damage":1.0,"enemies":"Chosen","floor":21.0,"turns":3.0},{"damage":24.0,"enemies":"Book of Stabbing","floor":23.0,"turns":3.0},{"damage":0.0,"enemies":"Snake Plant","floor":25.0,"turns":2.0},{"damage":13.0,"enemies":"Centurion and Healer","floor":27.0,"turns":3.0},{"damage":10.0,"enemies":"Shelled Parasite and Fungi","floor":28.0,"turns":5.0},{"damage":0.0,"enemies":"Snake Plant","floor":29.0,"turns":2.0},{"damage":15.0,"enemies":"Centurion and Healer","floor":31.0,"turns":5.0},{"damage":58.0,"enemies":"Champ","floor":33.0,"turns":12.0},{"damage":1.0,"enemies":"Orb Walker","floor":35.0,"turns":2.0},{"damage":16.0,"enemies":"3 Darklings","floor":36.0,"turns":2.0},{"damage":10.0,"enemies":"Mysterious Sphere","floor":41.0,"turns":2.0},{"damage":17.0,"enemies":"4 Shapes","floor":42.0,"turns":3.0},{"damage":13.0,"enemies":"Nemesis","floor":45.0,"turns":3.0},{"damage":1.0,"enemies":"Spire Growth","floor":47.0,"turns":3.0},{"damage":48,"enemies":"Donu and Deca","floor":50,"turns":6}],"seed_played":"7429935896202243787","potions_obtained":[{"floor":1.0,"key":"FairyPotion"},{"floor":3.0,"key":"AttackPotion"},{"floor":6.0,"key":"AttackPotion"},{"floor":12.0,"key":"PowerPotion"},{"floor":13.0,"key":"BloodPotion"},{"floor":45.0,"key":"Swift Potion"}],"is_trial":false,"path_per_floor":["M","?","M","M","$","E","R","M","T","M","R","E","M","M","R","B",null,"M","$","?","M","$","E","?","M","T","M","M","M","$","M","R","B",null,"M","M","?","?","$","R","?","M","T","$","E","T","M","?","R","B"],"character_chosen":"IRONCLAD","items_purchased":["HandOfGreed","Pen Nib","Self Forming Clay","PrismaticShard","Finesse"],"campfire_rested":3,"item_purchase_floors":[5,19,19,30,44],"current_hp_per_floor":[80,69,69,75,75,59,59,65,65,71,71,41,45,50,50,20,80,76,76,76,80,80,62,47,53,53,46,42,48,48,39,64,12,85,85,75,75,75,75,85,81,70,70,70,63,63,70,70,85,43],"gold":20,"neow_bonus":"TRANSFORM_CARD","is_prod":false,"is_daily":false,"chose_seed":false,"campfire_upgraded":3,"win_rate":0,"timestamp":1536444200,"path_taken":["M","?","M","M","$","E","R","M","T","M","R","E","M","M","R","BOSS","M","$","?","M","$","E","?","M","T","M","M","M","$","M","R","BOSS","M","M","?","?","$","R","?","?","T","$","E","?","M","?","R","BOSS"],"build_version":"2018-09-06","purchased_purges":1,"victory":true,"max_hp_per_floor":[80,80,80,80,80,80,80,80,80,80,80,80,80,80,80,80,80,80,80,80,80,80,80,85,85,85,85,85,85,85,85,85,85,85,85,85,85,85,85,85,85,85,85,85,85,85,85,85,85,85],"card_choices":[{"not_picked":["Corruption","Thunderclap","True Grit"],"picked":"SKIP","floor":1.0},{"not_picked":["Sentinel","Clash","Havoc"],"picked":"SKIP","floor":3.0},{"not_picked":["Flame Barrier","Havoc"],"picked":"Pommel Strike","floor":4.0},{"not_picked":["Dual Wield","Cleave","Reckless Charge"],"picked":"SKIP","floor":6.0},{"not_picked":["Twin Strike","Pummel"],"picked":"Whirlwind","floor":8.0},{"not_picked":["Cleave","Double Tap"],"picked":"Dropkick","floor":10.0},{"not_picked":["Flex","Uppercut"],"picked":"Thunderclap","floor":12.0},{"not_picked":["Heavy Blade","Havoc"],"picked":"Battle Trance","floor":13.0},{"not_picked":["Body Slam","Wild Strike"],"picked":"Shrug It Off","floor":14.0},{"not_picked":["Heavy Blade","Perfected Strike","Sever Soul"],"picked":"SKIP","floor":18.0},{"not_picked":["Headbutt+1","Perfected Strike","Corruption+1"],"picked":"SKIP","floor":21.0},{"not_picked":["Wild Strike","Impervious","Thunderclap"],"picked":"SKIP","floor":23.0},{"not_picked":["Second Wind+1","Thunderclap"],"picked":"Shrug It Off+1","floor":25.0},{"not_picked":["Headbutt","Wild Strike","Havoc"],"picked":"SKIP","floor":27.0},{"not_picked":["Clothesline","Cleave","Clash"],"picked":"SKIP","floor":28.0},{"not_picked":["Seeing Red","Searing Blow+1","Power Through"],"picked":"SKIP","floor":29.0},{"not_picked":["Dagger Throw","Reflex+1"],"picked":"FTL","floor":31.0},{"not_picked":["Storm of Steel","Fission"],"picked":"HandOfGreed","floor":33.0},{"not_picked":["Rebound+1","PiercingWail"],"picked":"Flying Knee+1","floor":35.0},{"not_picked":["Blood for Blood+1","Shrug It Off"],"picked":"Finisher+1","floor":36.0},{"not_picked":["Warcry","Deflect"],"picked":"Terror+1","floor":41.0},{"not_picked":["Darkness+1","Perfected Strike+1","Sword Boomerang"],"picked":"SKIP","floor":42.0},{"not_picked":["Fission","Hello World"],"picked":"Sunder","floor":45.0},{"not_picked":["Bouncing Flask+1","Heel Hook+1","Defragment+1"],"picked":"SKIP","floor":47.0}],"player_experience":346846,"relics_obtained":[{"floor":6.0,"key":"Torii"},{"floor":9.0,"key":"Paper Frog"},{"floor":12.0,"key":"Vajra"},{"floor":23.0,"key":"Incense Burner"},{"floor":26.0,"key":"Bag of Preparation"},{"floor":41.0,"key":"Calipers"},{"floor":43.0,"key":"War Paint"},{"floor":45.0,"key":"Blood Vial"},{"floor":46.0,"key":"Centennial Puzzle"}],"event_choices":[{"event_name":"World of Goop","player_choice":"Gather Gold","floor":2.0,"damage_taken":0.0},{"event_name":"Drug Dealer","player_choice":"Inject Mutagens","floor":20.0,"damage_taken":0.0},{"event_name":"Forgotten Altar","player_choice":"Shed Blood","floor":24.0,"damage_taken":0.0},{"event_name":"Bonfire Elementals","player_choice":"BASIC","floor":37.0,"damage_taken":0.0},{"event_name":"Falling","player_choice":"Removed Skill","floor":38.0,"damage_taken":0.0},{"event_name":"Mysterious Sphere","player_choice":"Fight","floor":41.0,"damage_taken":0.0},{"event_name":"Tomb of Lord Red Mask","player_choice":"Paid","floor":48.0,"damage_taken":0.0}],"is_beta":false,"boss_relics":[{"not_picked":["Pandora\u0027s Box","Runic Cube"],"picked":"Fusion Hammer"},{"not_picked":["Eternal Feather","Sozu"],"picked":"Cursed Key"}],"items_purged_floors":[44],"is_endless":false,"potions_floor_spawned":[1,3,6,12,13,16,23,27,28,31,41,45,47],"ascension_level":0}