{"gold_per_floor":[119,132,145,161,336,336,336],"floor_reached":7,"playtime":269,"items_purged":[],"score":118,"play_id":"0e557e29-241c-4265-8815-15befb77227e","local_time":"20180801051043","daily_mods":["Draft","Heirloom","Time Dilation"],"is_ascension_mode":false,"campfire_choices":[{"floor":6,"key":"DIG"}],"neow_cost":"","seed_source_timestamp":29973446152817,"circlet_count":0,"master_deck":["Demon Form","Wraith Form v2","Echo Form","Iron Wave","Shrug It Off","Hemokinesis","Twin Strike","Rupture","Body Slam","Body Slam","Dual Wield","Iron Wave","Iron Wave","Twin Strike","Whirlwind","Iron Wave","Headbutt","Thunderclap","Metallicize","Battle Trance","Doubt"],"relics":["Burning Blood","Shovel","Ancient Tea Set"],"potions_floor_usage":[],"damage_taken":[{"damage":9,"enemies":"Cultist","floor":1,"turns":3},{"damage":0,"enemies":"2 Louse","floor":2,"turns":2},{"damage":11,"enemies":"Small Slimes","floor":3,"turns":4},{"damage":3,"enemies":"2 Fungi Beasts","floor":4,"turns":2},{"damage":6,"enemies":"Large Slime","floor":7,"turns":4}],"seed_played":"-3193901843443723031","potions_obtained":[{"floor":3,"key":"BloodPotion"},{"floor":4,"key":"Weak Potion"}],"is_trial":true,"path_per_floor":["M","M","M","M","?","R"],"character_chosen":"IRONCLAD","items_purchased":[],"campfire_rested":0,"item_purchase_floors":[],"current_hp_per_floor":[77,80,75,78,78,78,72],"gold":336,"neow_bonus":"","is_prod":false,"is_daily":false,"chose_seed":false,"campfire_upgraded":0,"win_rate":0,"timestamp":1533089443,"path_taken":["M","M","M","M","?","R","?"],"build_version":"2018-07-26","purchased_purges":0,"victory":false,"max_hp_per_floor":[80,80,80,80,80,80,80],"card_choices":[{"not_picked":["Clash","Metallicize"],"picked":"Iron Wave","floor":0},{"not_picked":["Anger","Wild Strike"],"picked":"Shrug It Off","floor":0},{"not_picked":["Anger","Havoc"],"picked":"Hemokinesis","floor":0},{"not_picked":["Perfected Strike","Thunderclap"],"picked":"Twin Strike","floor":0},{"not_picked":["Anger","Combust"],"picked":"Rupture","floor":0},{"not_picked":["Heavy Blade","Rupture"],"picked":"Body Slam","floor":0},{"not_picked":["Anger","Clash"],"picked":"Body Slam","floor":0},{"not_picked":["Havoc","Shockwave"],"picked":"Dual Wield","floor":0},{"not_picked":["Havoc","Corruption"],"picked":"Iron Wave","floor":0},{"not_picked":["Dual Wield","Warcry"],"picked":"Iron Wave","floor":0},{"not_picked":["Pummel","Heavy Blade"],"picked":"Twin Strike","floor":0},{"not_picked":["Flex","Havoc"],"picked":"Whirlwind","floor":0},{"not_picked":["Cleave","Feel No Pain"],"picked":"Iron Wave","floor":0},{"not_picked":["Clash","Havoc"],"picked":"Headbutt","floor":0},{"not_picked":["Sword Boomerang","Entrench"],"picked":"Thunderclap","floor":0},{"not_picked":["Reckless Charge","Twin Strike"],"picked":"Metallicize","floor":1},{"not_picked":["Havoc","Iron Wave","Dropkick"],"picked":"SKIP","floor":2},{"not_picked":["Rampage","Pummel","Searing Blow"],"picked":"SKIP","floor":3},{"not_picked":["Flex","Warcry"],"picked":"Battle Trance","floor":4}],"player_experience":290833,"relics_obtained":[{"floor":6,"key":"Ancient Tea Set"}],"event_choices":[{"event_name":"Liars Game","player_choice":"agreed","floor":5,"damage_taken":0}],"is_beta":false,"boss_relics":[],"items_purged_floors":[],"is_endless":true,"potions_floor_spawned":[3,4],"killed_by":"Large Slime","ascension_level":0}