{"gold_per_floor":[110,185,196,196,50,50,64,74,74,84,84,97,115,144,144,144],"floor_reached":16,"playtime":359,"items_purged":[],"score":129,"play_id":"8301b824-5eae-4bbc-9bf8-585cdd2f240d","local_time":"20181012024223","is_ascension_mode":false,"campfire_choices":[{"data":"Fiend Fire","floor":6,"key":"SMITH"},{"data":"Battle Trance","floor":15,"key":"SMITH"}],"neow_cost":"NONE","seed_source_timestamp":139280402378295,"circlet_count":0,"master_deck":["Strike_R","Strike_R","Strike_R","Strike_R","Strike_R","Defend_R","Defend_R","Defend_R","Defend_R","Bash","Fiend Fire+1","Battle Trance+1"],"relics":["Burning Blood","Pen Nib","Singing Bowl","Pear"],"potions_floor_usage":[],"damage_taken":[{"damage":1,"enemies":"2 Louse","floor":1,"turns":3},{"damage":6,"enemies":"Cultist","floor":3,"turns":3},{"damage":6,"enemies":"Jaw Worm","floor":7,"turns":2},{"damage":16,"enemies":"Large Slime","floor":8,"turns":6},{"damage":33,"enemies":"Lots of Slimes","floor":10,"turns":5},{"damage":10,"enemies":"Exordium Wildlife","floor":12,"turns":5},{"damage":0,"enemies":"3 Louse","floor":13,"turns":3},{"damage":18,"enemies":"Lagavulin","floor":14,"turns":3},{"damage":14,"enemies":"Hexaghost","floor":16,"turns":4}],"seed_played":"-2058752016954268900","potions_obtained":[{"floor":7,"key":"Dexterity Potion"},{"floor":8,"key":"Weak Potion"},{"floor":10,"key":"BloodPotion"}],"is_trial":false,"path_per_floor":["M","?","M","?","$","R","M","M","T","M","$","M","M","E","R"],"character_chosen":"IRONCLAD","items_purchased":["Pen Nib"],"campfire_rested":0,"item_purchase_floors":[5],"current_hp_per_floor":[80,72,72,72,72,72,72,62,62,35,35,33,41,41,41,27],"gold":144,"neow_bonus":"ONE_RANDOM_RARE_CARD","is_prod":false,"is_daily":false,"chose_seed":false,"campfire_upgraded":2,"win_rate":0,"timestamp":1539301343,"path_taken":["M","?","M","?","$","R","M","?","T","M","$","M","?","E","R","BOSS"],"build_version":"2018-10-04v2","purchased_purges":0,"victory":false,"max_hp_per_floor":[80,80,80,80,80,80,80,80,80,80,80,82,84,96,96,96],"card_choices":[{"not_picked":["Heavy Blade","Warcry","Hemokinesis"],"picked":"SKIP","floor":1},{"not_picked":["True Grit","Cleave","Thunderclap"],"picked":"SKIP","floor":3},{"not_picked":["Intimidate","Wild Strike","Dropkick"],"picked":"SKIP","floor":7},{"not_picked":["Power Through","True Grit","Clash"],"picked":"SKIP","floor":8},{"not_picked":["Pummel","Dropkick"],"picked":"Battle Trance","floor":10},{"not_picked":["Searing Blow","True Grit","Combust"],"picked":"Singing Bowl","floor":12},{"not_picked":["Clothesline","Second Wind","Rupture"],"picked":"Singing Bowl","floor":13},{"not_picked":["True Grit","Pommel Strike","Bludgeon"],"picked":"Singing Bowl","floor":14}],"player_experience":397150,"relics_obtained":[{"floor":9,"key":"Singing Bowl"},{"floor":14,"key":"Pear"}],"event_choices":[{"event_name":"FaceTrader","player_choice":"Touch","floor":2,"damage_taken":0},{"event_name":"The Cleric","player_choice":"Leave","floor":4,"damage_taken":0}],"is_beta":false,"boss_relics":[],"items_purged_floors":[],"is_endless":false,"potions_floor_spawned":[7,8,10,13],"killed_by":"Hexaghost","ascension_level":0}