{"gold_per_floor":[119,294,313,156,173,173,202,215,260,260,260,276,276,307,307,409,409,422,422,78,93,111,111,123,123,123,133,4,30,50,69,69,164,164,178,47,66,16,0,0,0,0,0,0,15,15,31,51,51,51],"floor_reached":51,"playtime":1924,"items_purged":["Doubt","Strike_B","Strike_B","Strike_B","Strike_B"],"score":679,"play_id":"55a0d2b9-3d07-4f0f-9779-6d311b27ce46","local_time":"20181115233925","is_ascension_mode":false,"campfire_choices":[{"data":"Defragment","floor":6.0,"key":"SMITH"},{"data":"Hologram","floor":15.0,"key":"SMITH"},{"data":"1","floor":23.0,"key":"LIFT"},{"data":"2","floor":25.0,"key":"LIFT"},{"data":"3","floor":32.0,"key":"LIFT"},{"data":"Go for the Eyes","floor":40,"key":"SMITH"},{"data":"Hologram","floor":44,"key":"SMITH"},{"data":"Seek","floor":46,"key":"SMITH"},{"data":"Coolheaded","floor":49,"key":"SMITH"}],"neow_cost":"NONE","seed_source_timestamp":8861722847035,"circlet_count":0,"master_deck":["Defend_B","Defend_B","Defend_B","Defend_B","Zap","Dualcast+1","Gash","Defragment+1","Beam Cell+1","Leap","Go for the Eyes+1","Hologram+1","Seek+1","Coolheaded+1","Coolheaded","Conserve Battery","BootSequence","Coolheaded","Beam Cell","Hologram+1","Capacitor+1","Electrodynamics+1","Gash+1","Seek+1","Defragment+1","Auto Shields+1","Good Instincts","Parasite"],"special_seed":0,"relics":["Cracked Core","Anchor","Frozen Egg 2","DataDisk","Ice Cream","Smiling Mask","Orrery","Girya","Cables","Molten Egg 2","Eternal Feather","Red Mask"],"potions_floor_usage":[50],"damage_taken":[{"damage":0.0,"enemies":"Jaw Worm","floor":1.0,"turns":2.0},{"damage":0.0,"enemies":"Small Slimes","floor":3.0,"turns":3.0},{"damage":0.0,"enemies":"2 Louse","floor":5.0,"turns":3.0},{"damage":30.0,"enemies":"3 Sentries","floor":7.0,"turns":7.0},{"damage":4.0,"enemies":"2 Fungi Beasts","floor":8.0,"turns":3.0},{"damage":0.0,"enemies":"Red Slaver","floor":12.0,"turns":3.0},{"damage":8.0,"enemies":"Lagavulin","floor":14.0,"turns":4.0},{"damage":35.0,"enemies":"Slime Boss","floor":16.0,"turns":10.0},{"damage":7.0,"enemies":"Spheric Guardian","floor":18.0,"turns":6.0},{"damage":5.0,"enemies":"Shell Parasite","floor":21.0,"turns":8.0},{"damage":12.0,"enemies":"3 Cultists","floor":22.0,"turns":10.0},{"damage":10.0,"enemies":"Sentry and Sphere","floor":24.0,"turns":7.0},{"damage":0.0,"enemies":"Snake Plant","floor":27.0,"turns":4.0},{"damage":1.0,"enemies":"Book of Stabbing","floor":29.0,"turns":7.0},{"damage":0.0,"enemies":"Centurion and Healer","floor":30.0,"turns":2.0},{"damage":0.0,"enemies":"Snecko","floor":31.0,"turns":5.0},{"damage":7,"enemies":"Automaton","floor":33,"turns":9},{"damage":0,"enemies":"3 Shapes","floor":35,"turns":3},{"damage":0,"enemies":"Orb Walker","floor":37,"turns":3},{"damage":10,"enemies":"Jaw Worm Horde","floor":45,"turns":3},{"damage":4,"enemies":"Writhing Mass","floor":47,"turns":4},{"damage":0,"enemies":"Transient","floor":48,"turns":5},{"damage":10,"enemies":"Awakened One","floor":50,"turns":14}],"seed_played":"5233104279245939353","potions_obtained":[{"floor":5.0,"key":"LiquidBronze"},{"floor":7.0,"key":"Poison Potion"},{"floor":8.0,"key":"EntropicBrew"},{"floor":16.0,"key":"Energy Potion"},{"floor":21.0,"key":"GamblersBrew"},{"floor":22.0,"key":"Swift Potion"},{"floor":47,"key":"FocusPotion"}],"is_trial":false,"path_per_floor":["M","?","M","$","M","R","E","M","T","?","T","M","?","E","R","B",null,"M","?","$","M","M","R","M","R","T","M","$","E","M","M","R","B",null,"M","$","M","$","?","R","?","?","T","R","M","R","M","M","R","B",null],"character_chosen":"DEFECT","items_purchased":["Defragment","Girya","Capacitor+1","Defragment+1"],"campfire_rested":0,"item_purchase_floors":[4,20,28,36],"current_hp_per_floor":[75,75,75,75,75,75,45,41,41,66,66,66,51,43,43,8,75,68,68,68,63,51,51,41,41,41,41,41,40,40,40,40,33,75,75,75,75,75,75,75,75,71,71,71,61,71,67,67,71,61],"gold":51,"neow_bonus":"RANDOM_COMMON_RELIC","is_prod":false,"is_daily":false,"chose_seed":false,"campfire_upgraded":6,"win_rate":0,"timestamp":1542317965,"path_taken":["M","?","M","$","M","R","E","M","T","?","?","M","?","E","R","BOSS","M","?","$","?","?","R","M","R","T","?","$","E","M","M","R","BOSS","M","$","M","$","?","R","?","?","T","R","M","R","M","M","R","BOSS"],"build_version":"2018-11-08","purchased_purges":5,"victory":true,"max_hp_per_floor":[75,75,75,75,75,75,75,75,75,75,75,75,75,75,75,75,75,75,75,75,75,75,75,75,75,75,75,75,75,75,75,75,75,75,75,75,75,75,75,75,75,71,71,71,71,71,71,71,71,71],"card_choices":[{"not_picked":["Hologram","Aggregate"],"picked":"Gash","floor":1.0},{"not_picked":["Compile Driver","Hello World","Tempest"],"picked":"SKIP","floor":3.0},{"not_picked":["Compile Driver","Loop","Force Field"],"picked":"SKIP","floor":5.0},{"not_picked":["Buffer","Tempest"],"picked":"Beam Cell","floor":7.0},{"not_picked":["Consume","Sweeping Beam"],"picked":"Leap","floor":8.0},{"not_picked":["Beam Cell","Redo"],"picked":"Go for the Eyes","floor":12.0},{"not_picked":["Sweeping Beam","Redo"],"picked":"Hologram","floor":14.0},{"not_picked":["Reboot","Creative AI+1"],"picked":"Seek","floor":16.0},{"not_picked":["Undo","Skim"],"picked":"Coolheaded","floor":17.0},{"not_picked":["Static Discharge+1","FTL"],"picked":"Coolheaded","floor":17.0},{"not_picked":["Fusion","Sweeping Beam"],"picked":"Conserve Battery","floor":17.0},{"not_picked":["Recycle","Loop+1"],"picked":"BootSequence","floor":17.0},{"not_picked":["Barrage","Consume"],"picked":"Coolheaded","floor":18.0},{"not_picked":["Stack","Fission"],"picked":"Beam Cell","floor":21.0},{"not_picked":["Coolheaded","Stack+1"],"picked":"Hologram","floor":22.0},{"not_picked":["Melter","Streamline","Undo"],"picked":"SKIP","floor":24.0},{"not_picked":["Sweeping Beam","Conserve Battery","Lockon"],"picked":"SKIP","floor":27.0},{"not_picked":["Beam Cell","Compile Driver+1"],"picked":"Electrodynamics+1","floor":29.0},{"not_picked":["Beam Cell+1","Sweeping Beam+1"],"picked":"Gash+1","floor":30.0},{"not_picked":["Leap","Fusion","Beam Cell+1"],"picked":"SKIP","floor":31.0},{"not_picked":["Multi-Cast","Thunder Strike+1"],"picked":"Seek","floor":33},{"not_picked":["Tempest","Beam Cell+1","White Noise+1"],"picked":"SKIP","floor":35},{"not_picked":["BootSequence+1","Reinforced Body+1"],"picked":"Auto Shields+1","floor":37},{"not_picked":["The Bomb","Violence"],"picked":"Good Instincts","floor":41},{"not_picked":["Stack+1","Steam","Aggregate+1"],"picked":"SKIP","floor":45},{"not_picked":["Genetic Algorithm","Coolheaded","Compile Driver+1"],"picked":"SKIP","floor":47},{"not_picked":["Aggregate","Beam Cell+1","Sweeping Beam+1"],"picked":"SKIP","floor":48}],"player_experience":463920,"relics_obtained":[{"floor":7.0,"key":"Frozen Egg 2"},{"floor":9.0,"key":"DataDisk"},{"floor":11.0,"key":"Ice Cream"},{"floor":14.0,"key":"Smiling Mask"},{"floor":26.0,"key":"Cables"},{"floor":29.0,"key":"Molten Egg 2"}],"event_choices":[{"damage_healed":0.0,"max_hp_gain":0.0,"max_hp_loss":0.0,"gold_gain":175.0,"event_name":"Liars Game","player_choice":"AGREE","floor":2.0,"gold_loss":0.0,"damage_taken":0.0,"cards_obtained":["Doubt"]},{"damage_healed":25.0,"max_hp_gain":0.0,"max_hp_loss":0.0,"gold_gain":0.0,"event_name":"Big Fish","player_choice":"Banana","floor":10.0,"gold_loss":0.0,"damage_taken":0.0},{"damage_healed":0.0,"max_hp_gain":0.0,"max_hp_loss":0.0,"gold_gain":0.0,"event_name":"Shining Light","player_choice":"Entered Light","floor":13.0,"gold_loss":0.0,"damage_taken":15.0,"cards_upgraded":["Beam Cell","Dualcast"]},{"damage_healed":0.0,"max_hp_gain":0.0,"max_hp_loss":0.0,"gold_gain":0.0,"event_name":"Upgrade Shrine","player_choice":"Upgraded","floor":19.0,"gold_loss":0.0,"damage_taken":0.0,"cards_upgraded":["Seek"]},{"damage_healed":0,"gold_gain":0,"player_choice":"Paid","damage_taken":0,"relics_obtained":["Red Mask"],"max_hp_gain":0,"max_hp_loss":0,"event_name":"Tomb of Lord Red Mask","floor":39,"gold_loss":16},{"damage_healed":0,"gold_gain":0,"player_choice":"Memory 1","damage_taken":0,"max_hp_gain":0,"max_hp_loss":0,"event_name":"SensoryStone","floor":41,"gold_loss":0},{"damage_healed":0,"gold_gain":0,"player_choice":"Max HP","damage_taken":0,"max_hp_gain":0,"max_hp_loss":4,"event_name":"Winding Halls","floor":42,"gold_loss":0}],"is_beta":false,"boss_relics":[{"not_picked":["Empty Cage","Velvet Choker"],"picked":"Orrery"},{"not_picked":["Astrolabe","Runic Dome"],"picked":"Eternal Feather"}],"items_purged_floors":[4,20,28,36,38],"is_endless":false,"potions_floor_spawned":[5,7,8,16,21,22,24,29,35,37,47],"ascension_level":0}