{"gold_per_floor":[117,117,127,81,98,98,114,18,44,44,62,62,97,111,111,211,211,226,226,226,244,0,29,48,67,121,141,141,158,158,173,173,269,269,283,301,53,65,65,65,0,0,30,44,44,73,83,98,98,98],"floor_reached":51,"playtime":1908,"items_purged":[],"score":728,"play_id":"dc7fb91f-6e4e-4345-9925-a147e354b889","local_time":"20180710025828","is_ascension_mode":false,"campfire_choices":[{"data":"Armaments","floor":6.0,"key":"SMITH"},{"data":"Spot Weakness","floor":10.0,"key":"SMITH"},{"data":"Body Slam","floor":12.0,"key":"SMITH"},{"data":"Flame Barrier","floor":15.0,"key":"SMITH"},{"data":"Limit Break","floor":28.0,"key":"SMITH"},{"floor":32.0,"key":"REST"},{"floor":40,"key":"REST"},{"floor":45,"key":"REST"},{"floor":49,"key":"REST"}],"neow_cost":"NONE","seed_source_timestamp":5779102951224,"circlet_count":0,"master_deck":["Strike_R","Defend_R","Defend_R","Defend_R","Defend_R","Bash","Flame Barrier","Flame Barrier+1","Armaments+1","Iron Wave","Spot Weakness+1","Good Instincts","Body Slam+1","Impervious","Limit Break+1","Headbutt","Flame Barrier+1","Inflame","Headbutt","Shrug It Off","Body Slam+1","True Grit","Demon Form","Body Slam","Ghostly Armor","Shrug It Off","Iron Wave+1","Sword Boomerang+1","Inflame+1"],"special_seed":0,"relics":["Burning Blood","Regal Pillow","Pen Nib","Mark of Pain","Mercury Hourglass","Juzu Bracelet","Singing Bowl","Fusion Hammer","TwistedFunnel","Red Mask","Du-Vu Doll","Tiny Chest","Frozen Egg 2"],"potions_floor_usage":[33,33,38,50,50,50],"damage_taken":[{"damage":0.0,"enemies":"2 Louse","floor":1.0,"turns":2.0},{"damage":6.0,"enemies":"Cultist","floor":3.0,"turns":3.0},{"damage":2.0,"enemies":"Jaw Worm","floor":5.0,"turns":4.0},{"damage":1.0,"enemies":"Lots of Slimes","floor":7.0,"turns":4.0},{"damage":12.0,"enemies":"Gremlin Gang","floor":11.0,"turns":6.0},{"damage":28.0,"enemies":"Gremlin Nob","floor":13.0,"turns":6.0},{"damage":1.0,"enemies":"2 Fungi Beasts","floor":14.0,"turns":3.0},{"damage":17.0,"enemies":"The Guardian","floor":16.0,"turns":12.0},{"damage":17.0,"enemies":"3 Byrds","floor":18.0,"turns":7.0},{"damage":6.0,"enemies":"Spheric Guardian","floor":21.0,"turns":5.0},{"damage":34.0,"enemies":"Slavers","floor":23.0,"turns":6.0},{"damage":4.0,"enemies":"Centurion and Healer","floor":24.0,"turns":7.0},{"damage":18.0,"enemies":"Snake Plant","floor":25.0,"turns":5.0},{"damage":0.0,"enemies":"Chosen and Byrds","floor":27.0,"turns":5.0},{"damage":20.0,"enemies":"Slaver and Parasite","floor":29.0,"turns":4.0},{"damage":8.0,"enemies":"Centurion and Healer","floor":31.0,"turns":5.0},{"damage":55,"enemies":"Collector","floor":33,"turns":9},{"damage":34,"enemies":"Orb Walker","floor":35,"turns":4},{"damage":6,"enemies":"3 Darklings","floor":36,"turns":6},{"damage":21,"enemies":"4 Shapes","floor":38,"turns":8},{"damage":0,"floor":42,"turns":8},{"damage":4,"enemies":"Maw","floor":44,"turns":7},{"damage":68,"enemies":"Nemesis","floor":46,"turns":9},{"damage":11,"enemies":"3 Darklings","floor":47,"turns":5},{"damage":0,"enemies":"4 Shapes","floor":48,"turns":6},{"damage":36,"enemies":"Time Eater","floor":50,"turns":7}],"seed_played":"7804583410265308731","potions_obtained":[{"floor":1.0,"key":"EssenceOfSteel"},{"floor":7.0,"key":"Fruit Juice"},{"floor":11.0,"key":"EssenceOfSteel"},{"floor":13.0,"key":"SkillPotion"},{"floor":18.0,"key":"Strength Potion"},{"floor":23.0,"key":"Regen Potion"},{"floor":27.0,"key":"SkillPotion"},{"floor":33,"key":"EssenceOfSteel"},{"floor":35,"key":"SkillPotion"},{"floor":38,"key":"GamblersBrew"}],"is_trial":false,"path_per_floor":["M","?","M","$","M","R","M","$","T","R","M","R","E","M","R","B",null,"M","?","$","M","$","E","M","M","T","M","R","M","?","M","R","B",null,"M","M","$","M","?","R","?","?","T","M","R","E","M","M","R","B"],"character_chosen":"IRONCLAD","items_purchased":["Armaments","Good Instincts","Mercury Hourglass","TwistedFunnel","Ghostly Armor"],"campfire_rested":4,"item_purchase_floors":[4,8,22,37,37],"current_hp_per_floor":[80,80,80,80,80,80,80,85,85,85,79,79,57,62,62,51,85,74,74,74,74,74,46,48,36,36,42,42,28,28,28,69,20,87,59,61,61,46,46,87,87,89,89,89,89,27,24,32,74,59],"gold":98,"neow_bonus":"THREE_CARDS","is_prod":false,"is_daily":false,"chose_seed":false,"campfire_upgraded":5,"win_rate":0,"timestamp":1531180708,"path_taken":["M","?","M","$","?","R","M","$","T","R","M","R","E","M","R","BOSS","M","?","$","M","$","E","M","M","T","M","R","M","?","M","R","BOSS","M","M","$","M","?","R","?","?","T","M","R","E","M","M","R","BOSS"],"build_version":"2018-07-05","purchased_purges":0,"victory":true,"max_hp_per_floor":[80,80,80,80,80,80,80,85,85,85,85,85,85,85,85,85,85,85,85,85,85,85,85,85,85,85,85,85,85,85,87,87,87,87,87,89,89,89,89,89,89,89,89,89,89,89,91,93,93,93],"card_choices":[{"not_picked":["Dropkick","Body Slam"],"picked":"Flame Barrier","floor":0.0},{"not_picked":["Corruption","Clothesline","Uppercut"],"picked":"SKIP","floor":1.0},{"not_picked":["Clash","Iron Wave"],"picked":"Flame Barrier","floor":3.0},{"not_picked":["Havoc","Armaments"],"picked":"Iron Wave","floor":5.0},{"not_picked":["Flex","Bloodletting"],"picked":"Spot Weakness","floor":7.0},{"not_picked":["Hemokinesis","Corruption"],"picked":"Body Slam","floor":11.0},{"not_picked":["Thunderclap","Clash","Rupture"],"picked":"SKIP","floor":13.0},{"not_picked":["Hemokinesis","Thunderclap"],"picked":"Impervious","floor":14.0},{"not_picked":["Exhume","Dark Embrace"],"picked":"Limit Break","floor":16.0},{"not_picked":["Perfected Strike","Dual Wield"],"picked":"Headbutt","floor":18.0},{"not_picked":["Second Wind","Havoc+1"],"picked":"Flame Barrier+1","floor":21.0},{"not_picked":["Wild Strike+1","Rampage+1","Havoc"],"picked":"SKIP","floor":23.0},{"not_picked":["Clothesline","Dual Wield"],"picked":"Inflame","floor":24.0},{"not_picked":["Uppercut","Fire Breathing"],"picked":"Headbutt","floor":25.0},{"not_picked":["Rupture+1","Power Through+1"],"picked":"Shrug It Off","floor":27.0},{"not_picked":["Iron Wave","Bludgeon"],"picked":"Body Slam+1","floor":29.0},{"not_picked":["Thunderclap+1","Twin Strike","Perfected Strike"],"picked":"Singing Bowl","floor":31.0},{"not_picked":["Impervious","Immolate"],"picked":"Demon Form","floor":33},{"not_picked":["Reckless Charge","Warcry+1"],"picked":"Body Slam","floor":35},{"not_picked":["True Grit","Dual Wield","Rampage"],"picked":"Singing Bowl","floor":36},{"not_picked":["Whirlwind+1","Intimidate"],"picked":"Shrug It Off","floor":38},{"not_picked":["Combust+1","Havoc"],"picked":"Iron Wave+1","floor":42},{"not_picked":["Perfected Strike","Shockwave"],"picked":"Sword Boomerang+1","floor":44},{"not_picked":["Pommel Strike+1","Feel No Pain"],"picked":"Inflame","floor":46},{"not_picked":["Flex+1","Entrench","Wild Strike+1"],"picked":"Singing Bowl","floor":47},{"not_picked":["Fire Breathing+1","Clash","Perfected Strike+1"],"picked":"Singing Bowl","floor":48}],"player_experience":189328,"relics_obtained":[{"floor":9.0,"key":"Regal Pillow"},{"floor":13.0,"key":"Pen Nib"},{"floor":23.0,"key":"Juzu Bracelet"},{"floor":26.0,"key":"Singing Bowl"},{"floor":42,"key":"Du-Vu Doll"},{"floor":43,"key":"Tiny Chest"},{"floor":46,"key":"Frozen Egg 2"}],"event_choices":[{"event_name":"Bonfire Elementals","player_choice":"BASIC","floor":2.0,"damage_taken":0.0},{"event_name":"Wheel of Change","player_choice":"Card Removal","floor":19.0,"damage_taken":0.0},{"event_name":"Transmorgrifier","player_choice":"Transform","floor":30.0,"damage_taken":0.0},{"event_name":"Falling","player_choice":"Removed Attack","floor":39,"damage_taken":0},{"event_name":"Tomb of Lord Red Mask","player_choice":"Paid","floor":41,"damage_taken":0},{"event_name":"MindBloom","player_choice":"Fight","floor":42,"damage_taken":0}],"boss_relics":[{"not_picked":["Tiny House","Runic Cube"],"picked":"Mark of Pain"},{"not_picked":["Orrery","Coffee Dripper"],"picked":"Fusion Hammer"}],"items_purged_floors":[],"is_endless":false,"potions_floor_spawned":[1,7,11,13,18,23,27,33,35,38,42,48],"ascension_level":0}