{"gold_per_floor":[114,289,17,17,30,30,56,56,138,138,152,232,132,144,144,249,249,269,283,12,26,38,71,34,34,34,50,82,2,19,19,19,124,124,144,144,144,159,39,39,52,52,52,52,79,94,108,128,128,128],"floor_reached":51,"playtime":2098,"items_purged":["Doubt","Strike_G"],"score":842,"play_id":"f9106d2e-26bb-4b46-b740-7cd665bc88e6","local_time":"20190622055157","is_ascension_mode":false,"campfire_choices":[{"data":"The Bomb","floor":6.0,"key":"SMITH"},{"data":"Well Laid Plans","floor":8.0,"key":"SMITH"},{"data":"Leg Sweep","floor":10.0,"key":"SMITH"},{"data":"Neutralize","floor":15.0,"key":"SMITH"},{"data":"Footwork","floor":25.0,"key":"SMITH"},{"data":"Footwork","floor":32.0,"key":"SMITH"},{"data":"Footwork","floor":40.0,"key":"SMITH"},{"data":"A Thousand Cuts","floor":42.0,"key":"SMITH"},{"floor":49,"key":"REST"}],"neow_cost":"NONE","seed_source_timestamp":714604996381900,"circlet_count":0,"master_deck":["Defend_G","Defend_G","Defend_G","Defend_G","Defend_G","Strike_G","Strike_G","Strike_G","Survivor","Neutralize+1","Well Laid Plans+1","The Bomb+1","Cloak And Dagger","Leg Sweep+1","Deflect","Bullet Time","Bouncing Flask+1","Panache","Finesse","Cloak And Dagger","Footwork+1","Caltrops","Outmaneuver+1","Footwork+1","Backflip","A Thousand Cuts+1","Blur+1","Footwork+1","Dodge and Roll","Backflip+1","Crippling Poison"],"special_seed":0,"relics":["Ring of the Snake","Ancient Tea Set","Meat on the Bone","Tiny Chest","Sozu","Pear","Snake Skull","Singing Bowl","Philosopher\u0027s Stone","Art of War","Bag of Marbles"],"potions_floor_usage":[50,50],"damage_taken":[{"damage":0.0,"enemies":"Jaw Worm","floor":1.0,"turns":5.0},{"damage":0.0,"enemies":"Cultist","floor":5.0,"turns":3.0},{"damage":30.0,"enemies":"Gremlin Nob","floor":7.0,"turns":4.0},{"damage":1.0,"enemies":"Small Slimes","floor":11.0,"turns":3.0},{"damage":0.0,"enemies":"2 Fungi Beasts","floor":14.0,"turns":6.0},{"damage":9.0,"enemies":"Hexaghost","floor":16.0,"turns":10.0},{"damage":1.0,"enemies":"Shell Parasite","floor":18.0,"turns":7.0},{"damage":10.0,"enemies":"2 Thieves","floor":19.0,"turns":3.0},{"damage":1.0,"enemies":"Snecko","floor":21.0,"turns":4.0},{"damage":0.0,"enemies":"Cultist and Chosen","floor":22.0,"turns":4.0},{"damage":0.0,"enemies":"Book of Stabbing","floor":23.0,"turns":5.0},{"damage":12.0,"enemies":"Snake Plant","floor":27.0,"turns":4.0},{"damage":23.0,"enemies":"Gremlin Leader","floor":28.0,"turns":6.0},{"damage":0.0,"enemies":"Snecko","floor":30.0,"turns":5.0},{"damage":38.0,"enemies":"Automaton","floor":33.0,"turns":13.0},{"damage":0.0,"enemies":"Orb Walker","floor":35.0,"turns":4.0},{"damage":9.0,"enemies":"3 Darklings","floor":38.0,"turns":6.0},{"damage":17.0,"enemies":"Spire Growth","floor":41.0,"turns":5.0},{"damage":0.0,"enemies":"Nemesis","floor":45.0,"turns":7.0},{"damage":3.0,"enemies":"4 Shapes","floor":46.0,"turns":3.0},{"damage":0.0,"enemies":"Jaw Worm Horde","floor":47.0,"turns":3.0},{"damage":0,"enemies":"3 Darklings","floor":48,"turns":5},{"damage":0,"enemies":"Donu and Deca","floor":50,"turns":10}],"seed_played":"-1195594808568870206","potions_obtained":[{"floor":1.0,"key":"PowerPotion"},{"floor":16.0,"key":"Swift Potion"}],"is_trial":false,"path_per_floor":["M","?","$","?","M","R","E","R","T","R","M","T","$","M","R","B",null,"M","M","$","M","M","E","$","R","T","M","E","$","M","?","R","B",null,"M","?","?","M","$","R","M","R","T","?","E","M","M","M","R","B",null],"character_chosen":"THE_SILENT","items_purchased":["The Bomb","Panache","Finesse","Caltrops","Footwork","Footwork","Dodge and Roll"],"campfire_rested":1,"item_purchase_floors":[3,20,20,24,29,39,39],"current_hp_per_floor":[77,77,77,77,77,77,47,47,47,47,46,46,46,46,46,49,77,76,66,66,65,65,75,75,75,75,63,54,54,56,56,56,30,91,93,93,88,79,79,79,62,62,62,62,62,61,63,65,93,93],"gold":128,"neow_bonus":"TEN_PERCENT_HP_BONUS","is_prod":false,"is_daily":false,"chose_seed":false,"campfire_upgraded":8,"win_rate":0,"timestamp":1561171917,"path_taken":["M","?","$","?","M","R","E","R","T","R","?","?","$","M","R","BOSS","M","M","$","M","M","E","$","R","T","M","E","$","M","?","R","BOSS","M","?","?","M","$","R","M","R","T","?","E","M","M","M","R","BOSS"],"build_version":"2019-01-23","purchased_purges":2,"victory":true,"max_hp_per_floor":[77,77,77,77,77,77,77,77,77,77,77,77,77,77,77,77,77,77,77,77,77,77,87,87,87,87,87,89,89,91,91,91,91,91,93,93,88,88,88,88,88,88,88,88,88,90,92,94,94,94],"card_choices":[{"not_picked":["Concentrate","Distraction"],"picked":"Well Laid Plans","floor":1.0},{"not_picked":["All Out Attack","Outmaneuver"],"picked":"Cloak And Dagger","floor":5.0},{"not_picked":["Dodge and Roll","Expertise"],"picked":"Leg Sweep","floor":7.0},{"not_picked":["Acrobatics","Bane","Prepared"],"picked":"SKIP","floor":11.0},{"not_picked":["Distraction","Dagger Spray"],"picked":"Deflect","floor":14.0},{"not_picked":["Venomology","Burst"],"picked":"Bullet Time","floor":16.0},{"not_picked":["Accuracy","Escape Plan"],"picked":"Poisoned Stab","floor":18.0},{"not_picked":["Outmaneuver","Heel Hook"],"picked":"Bouncing Flask+1","floor":19.0},{"not_picked":["Flying Knee","Riddle With Holes","Reflex+1"],"picked":"SKIP","floor":21.0},{"not_picked":["Underhanded Strike","Dodge and Roll"],"picked":"Cloak And Dagger","floor":22.0},{"not_picked":["Predator+1","Quick Slash+1"],"picked":"Footwork","floor":23.0},{"not_picked":["Underhanded Strike+1","Dagger Spray"],"picked":"Outmaneuver+1","floor":27.0},{"not_picked":["Blade Dance","Skewer","Slice"],"picked":"Singing Bowl","floor":28.0},{"not_picked":["Outmaneuver","Underhanded Strike+1","Calculated Gamble"],"picked":"Singing Bowl","floor":30.0},{"not_picked":["Die Die Die","Malaise"],"picked":"A Thousand Cuts","floor":33.0},{"not_picked":["Slice+1","Deflect","Dagger Spray"],"picked":"Singing Bowl","floor":35.0},{"not_picked":["Outmaneuver","Bane"],"picked":"Blur+1","floor":38.0},{"not_picked":["Dodge and Roll","Dagger Throw+1"],"picked":"Backflip+1","floor":41.0},{"not_picked":["Underhanded Strike","Well Laid Plans+1"],"picked":"Crippling Poison","floor":45.0},{"not_picked":["Quick Slash","Underhanded Strike+1","Slice"],"picked":"Singing Bowl","floor":46.0},{"not_picked":["Dagger Throw","Poisoned Stab","Acrobatics+1"],"picked":"Singing Bowl","floor":47.0},{"not_picked":["Reflex+1","PiercingWail+1","Poisoned Stab"],"picked":"Singing Bowl","floor":48}],"player_experience":647138,"relics_obtained":[{"floor":7.0,"key":"Ancient Tea Set"},{"floor":9.0,"key":"Meat on the Bone"},{"floor":12.0,"key":"Tiny Chest"},{"floor":23.0,"key":"Pear"},{"floor":26.0,"key":"Snake Skull"},{"floor":28.0,"key":"Singing Bowl"},{"floor":43.0,"key":"Art of War"},{"floor":45.0,"key":"Bag of Marbles"}],"event_choices":[{"damage_healed":0.0,"max_hp_gain":0.0,"max_hp_loss":0.0,"gold_gain":175.0,"event_name":"Liars Game","player_choice":"AGREE","floor":2.0,"gold_loss":0.0,"damage_taken":0.0,"cards_obtained":["Doubt"]},{"cards_removed":["Strike_G"],"damage_healed":0.0,"max_hp_gain":0.0,"max_hp_loss":0.0,"gold_gain":0.0,"event_name":"Purifier","player_choice":"Purged","floor":4.0,"gold_loss":0.0,"damage_taken":0.0},{"damage_healed":0.0,"max_hp_gain":0.0,"max_hp_loss":0.0,"gold_gain":0.0,"event_name":"The Library","player_choice":"Read","floor":31.0,"gold_loss":0.0,"damage_taken":0.0,"cards_obtained":["Backflip"]},{"cards_removed":["Poisoned Stab"],"damage_healed":0.0,"max_hp_gain":0.0,"max_hp_loss":0.0,"gold_gain":0.0,"event_name":"Falling","player_choice":"Removed Attack","floor":36.0,"gold_loss":0.0,"damage_taken":0.0},{"damage_healed":0.0,"max_hp_gain":0.0,"max_hp_loss":5.0,"gold_gain":0.0,"event_name":"Winding Halls","player_choice":"Max HP","floor":37.0,"gold_loss":0.0,"damage_taken":0.0},{"damage_healed":0.0,"max_hp_gain":0.0,"max_hp_loss":0.0,"gold_gain":0.0,"event_name":"FaceTrader","player_choice":"Leave","floor":44.0,"gold_loss":0.0,"damage_taken":0.0}],"is_beta":false,"boss_relics":[{"not_picked":["Ectoplasm","Lizard Tail"],"picked":"Sozu"},{"not_picked":["Runic Dome","WristBlade"],"picked":"Philosopher\u0027s Stone"}],"items_purged_floors":[3,13],"is_endless":false,"potions_floor_spawned":[1,16,23,27,28,30,33,38,45,46,48],"ascension_level":0}