{"gold_per_floor":[118,136,67,79,93,123,134,154,154,154,34,109,109,121,121,224,224,243,129,140,160,178,190,190,206,276,276],"floor_reached":27,"playtime":1133,"items_purged":[],"score":221,"play_id":"204a2ec3-d9c2-4cae-bf80-39f8219e33c7","local_time":"20180816065009","is_ascension_mode":false,"campfire_choices":[{"data":"Metallicize","floor":13.0,"key":"SMITH"},{"data":"Armaments","floor":15.0,"key":"SMITH"},{"data":"Barricade","floor":24,"key":"SMITH"}],"neow_cost":"NONE","seed_source_timestamp":136309834389617,"circlet_count":0,"master_deck":["Strike_R","Strike_R","Strike_R","Strike_R","Strike_R","Defend_R","Defend_R","Defend_R","Defend_R","Bash","Armaments+1","Rage","Metallicize+1","Spot Weakness+1","Shrug It Off","Finesse","Barricade+1","Battle Trance+1","Inflame","Ghostly Armor"],"special_seed":0,"relics":["Black Blood","NeowsBlessing","Centennial Puzzle","Bottled Tornado","Frozen Egg 2"],"potions_floor_usage":[22],"damage_taken":[{"damage":0.0,"enemies":"Small Slimes","floor":1.0,"turns":1.0},{"damage":0.0,"enemies":"Cultist","floor":2.0,"turns":1.0},{"damage":0.0,"enemies":"Jaw Worm","floor":4.0,"turns":1.0},{"damage":0.0,"enemies":"Blue Slaver","floor":5.0,"turns":5.0},{"damage":18.0,"enemies":"Gremlin Nob","floor":6.0,"turns":4.0},{"damage":8.0,"enemies":"Exordium Wildlife","floor":7.0,"turns":5.0},{"damage":17.0,"enemies":"3 Louse","floor":8.0,"turns":5.0},{"damage":2.0,"enemies":"Red Slaver","floor":14.0,"turns":5.0},{"damage":24.0,"enemies":"The Guardian","floor":16.0,"turns":12.0},{"damage":18.0,"enemies":"Chosen","floor":18.0,"turns":10.0},{"damage":10.0,"enemies":"Shell Parasite","floor":20.0,"turns":8.0},{"damage":5,"enemies":"Snake Plant","floor":21,"turns":9},{"damage":25,"enemies":"Centurion and Healer","floor":22,"turns":10},{"damage":19,"enemies":"Cultist and Chosen","floor":23,"turns":9},{"damage":19,"enemies":"Snake Plant","floor":25,"turns":8},{"damage":6,"enemies":"Chosen and Byrds","floor":27,"turns":4}],"seed_played":"390395666546880302","potions_obtained":[{"floor":2.0,"key":"FearPotion"},{"floor":5.0,"key":"AttackPotion"},{"floor":6.0,"key":"SkillPotion"},{"floor":20.0,"key":"Weak Potion"},{"floor":25,"key":"Poison Potion"}],"is_trial":false,"path_per_floor":["M","M","$","M","M","E","M","M","T","?","$","?","R","M","R","B",null,"M","$","M","M","M","M","R","M","T"],"character_chosen":"IRONCLAD","items_purchased":["Metallicize","Shrug It Off","Finesse","Inflame","Ghostly Armor"],"campfire_rested":0,"item_purchase_floors":[3,11,11,19,19],"current_hp_per_floor":[80,80,80,80,80,68,66,55,55,55,55,47,47,51,51,33,80,72,72,72,77,62,53,53,44,44,38],"gold":276,"neow_bonus":"THREE_ENEMY_KILL","is_prod":false,"is_daily":false,"chose_seed":false,"campfire_upgraded":3,"win_rate":0,"timestamp":1534391409,"path_taken":["M","M","$","M","M","E","M","M","T","?","$","?","R","M","R","BOSS","M","$","M","M","M","M","R","M","T","M"],"build_version":"2018-08-09","purchased_purges":0,"victory":false,"max_hp_per_floor":[80,80,80,80,80,80,80,80,80,80,80,80,80,80,80,80,80,80,80,80,80,80,80,80,80,80,80],"card_choices":[{"not_picked":["Perfected Strike","Entrench"],"picked":"Armaments","floor":1.0},{"not_picked":["Cleave","True Grit"],"picked":"Rage","floor":2.0},{"not_picked":["Clash","Pommel Strike","Havoc"],"picked":"SKIP","floor":4.0},{"not_picked":["Shrug It Off","Armaments"],"picked":"Spot Weakness","floor":5.0},{"not_picked":["Infernal Blade","Uppercut","Dropkick"],"picked":"SKIP","floor":6.0},{"not_picked":["Infernal Blade","Uppercut","Dropkick"],"picked":"SKIP","floor":6.0},{"not_picked":["Double Tap","Cleave","Burning Pact"],"picked":"SKIP","floor":7.0},{"not_picked":["Sentinel","Hemokinesis","Heavy Blade"],"picked":"SKIP","floor":8.0},{"not_picked":["Sword Boomerang","Searing Blow","Perfected Strike"],"picked":"SKIP","floor":14.0},{"not_picked":["Fiend Fire","Bludgeon"],"picked":"Barricade","floor":16.0},{"not_picked":["Flex","Infernal Blade"],"picked":"Battle Trance+1","floor":18.0},{"not_picked":["Twin Strike","Disarm","Havoc"],"picked":"SKIP","floor":20.0},{"not_picked":["Warcry","Sever Soul","Perfected Strike"],"picked":"SKIP","floor":21},{"not_picked":["Perfected Strike","Evolve","Clash+1"],"picked":"SKIP","floor":22},{"not_picked":["Heavy Blade","Armaments","Clash"],"picked":"SKIP","floor":23},{"not_picked":["Brutality","Intimidate","Burning Pact"],"picked":"SKIP","floor":25}],"player_experience":335032,"relics_obtained":[{"floor":6.0,"key":"Centennial Puzzle"},{"floor":9.0,"key":"Bottled Tornado"},{"floor":26,"key":"Frozen Egg 2"}],"event_choices":[{"event_name":"Accursed Blacksmith","player_choice":"Forge","floor":10.0,"damage_taken":0.0},{"event_name":"FaceTrader","player_choice":"Touch","floor":12.0,"damage_taken":0.0}],"is_beta":false,"boss_relics":[{"not_picked":["Runic Pyramid","Snecko Eye"],"picked":"Black Blood"}],"items_purged_floors":[],"is_endless":false,"potions_floor_spawned":[2,5,6,20,25],"killed_by":"Chosen and Byrds","ascension_level":0}