{"path_per_floor":["M","?","$","M","M","R","M","R","T","?","R","M","M","M","R","B",null,"M","M","?","?","$","E","R","?","T","R","M","?","R","?","R","B",null,"M","M","?","M","?","R","M","R","T","M","?","R","?","M","R","B"],"character_chosen":"IRONCLAD","items_purchased":["Finesse"],"gold_per_floor":[213,213,32,44,63,63,78,78,78,78,78,98,116,134,134,230,230,230,230,230,155,55,55,55,55,55,55,55,55,55,55,55,55,55,55,55,55,55,55,55,55,55,55,55,55,55,55,55,55,55],"floor_reached":51,"campfire_rested":0,"playtime":3457,"current_hp_per_floor":[80,85,85,85,85,85,85,85,85,68,68,68,66,72,72,76,85,85,85,85,85,85,70,70,55,55,55,57,59,59,59,59,57,90,90,94,94,92,92,92,94,94,94,81,81,81,81,86,86,66],"items_purged":["Strike_R","Defend_R"],"gold":55,"score":632,"play_id":"178d83b1-f615-4fcd-9de5-31daf5d02415","is_prod":false,"is_daily":false,"is_ascension_mode":false,"campfire_upgraded":12,"path_taken":["M","?","$","M","M","R","?","R","T","?","R","M","?","M","R","BOSS","M","M","?","?","$","E","R","?","T","R","M","?","R","?","R","BOSS","M","M","?","M","?","R","M","R","T","M","?","R","?","M","R","BOSS"],"build_version":"2018-02-05-BETA1","purchased_purges":2,"victory":true,"master_deck":["Strike_R","Strike_R+1","Defend_R","Defend_R","Defend_R","Bash","Finesse","Searing Blow+13","Thunderclap","Dropkick","Battle Trance+1","Offering","Armaments+1","Burning Pact+1","Body Slam+1","Reaper","Feed","Metallicize","Disarm"],"max_hp_per_floor":[80,85,85,85,85,85,85,85,85,85,85,85,85,85,85,85,85,85,85,85,85,85,85,85,90,90,90,90,90,90,90,90,90,90,90,94,94,94,94,94,94,94,94,98,98,98,98,98,98,102],"relics":["Burning Blood","Charon\u0027s Ashes","Ectoplasm","Juzu Bracelet","War Paint","Red Mask","Philosopher\u0027s Stone","Lantern","Tiny Chest"],"card_choices":[{"not_picked":["Pommel Strike","Uppercut"],"picked":"Searing Blow"},{"not_picked":["Heavy Blade","Havoc"],"picked":"Thunderclap"},{"not_picked":["Carnage","Pommel Strike"],"picked":"Dropkick"},{"not_picked":["Wild Strike","Clothesline"],"picked":"Battle Trance"},{"not_picked":["Brutality","Impervious"],"picked":"Offering"},{"not_picked":["Clash","Clothesline"],"picked":"Armaments"},{"not_picked":["Heavy Blade","Wild Strike"],"picked":"Body Slam"},{"not_picked":["Wild Strike","Rampage"],"picked":"Reaper"},{"not_picked":["Dark Embrace","Immolate"],"picked":"Feed"},{"not_picked":["Anger","Pommel Strike"],"picked":"Disarm"}],"player_experience":271200,"potions_floor_usage":[7,7,19,23,23,35,44,48,50],"damage_taken":[{"damage":6,"enemies":"Cultist","floor":1,"turns":3},{"damage":4,"enemies":"Small Slimes","floor":4,"turns":3},{"damage":0,"enemies":"2 Louse","floor":5,"turns":2},{"damage":12,"enemies":"Gremlin Gang","floor":7,"turns":7},{"damage":6,"enemies":"Exordium Wildlife","floor":12,"turns":3},{"damage":8,"enemies":"2 Fungi Beasts","floor":13,"turns":3},{"damage":0,"enemies":"Large Slime","floor":14,"turns":3},{"damage":2,"enemies":"Slime Boss","floor":16,"turns":6},{"damage":0,"enemies":"Chosen","floor":18,"turns":2},{"damage":4,"enemies":"3 Byrds","floor":19,"turns":2},{"damage":21,"enemies":"Gremlin Leader","floor":23,"turns":4},{"damage":4,"enemies":"Sentry and Sphere","floor":28,"turns":3},{"damage":4,"enemies":"Masked Bandits","floor":29,"turns":3},{"damage":23,"enemies":"Automaton","floor":33,"turns":5},{"damage":2,"enemies":"3 Darklings","floor":35,"turns":5},{"damage":9,"enemies":"3 Shapes","floor":36,"turns":3},{"damage":8,"enemies":"Spire Growth","floor":38,"turns":2},{"damage":4,"enemies":"Flame Bruiser 2 Orb","floor":41,"turns":2},{"damage":23,"enemies":"Maw","floor":44,"turns":3},{"damage":7,"enemies":"3 Darklings","floor":48,"turns":3},{"damage":46,"enemies":"Awakened One","floor":50,"turns":5}],"event_choices":[{"event_name":"Big Fish","player_choice":"Donut","floor":2,"damage_taken":0},{"event_name":"Shining Light","player_choice":"Entered Light","floor":10,"damage_taken":0},{"event_name":"The Library","player_choice":"Read","floor":20,"damage_taken":0},{"event_name":"Beggar","player_choice":"Gave Gold","floor":21,"damage_taken":0},{"event_name":"Forgotten Altar","player_choice":"Shed Blood","floor":25,"damage_taken":0},{"event_name":"Masked Bandits","player_choice":"Fought over 55 gold","floor":29,"damage_taken":0},{"event_name":"Vampires","player_choice":"Ignored","floor":31,"damage_taken":0},{"event_name":"Transmorgrifier","player_choice":"Transform","floor":37,"damage_taken":0},{"event_name":"Wheel of Change","player_choice":"Relic","floor":39,"damage_taken":0},{"event_name":"The Lab","player_choice":"Got Potions","floor":45,"damage_taken":0},{"event_name":"Golden Shrine","player_choice":"Pray","floor":47,"damage_taken":0}],"boss_relics":[{"not_picked":["Orrery","Eternal Feather"],"picked":"Ectoplasm"},{"not_picked":["Question Card","Runic Pyramid"],"picked":"Philosopher\u0027s Stone"}],"potions_floor_spawned":[1,4,7,16,18,29,33,36,41],"seed_played":"-6934962892911157057","ascension_level":0,"is_trial":false}