{"gold_per_floor":[119,139,63,75,91,91,68,68,68,82,144,9,9,21,21,119,119,138,126,401,415,67,67,77,77,77,77,107,53,53,70,70,167,167,186,68,84,103,119,119,119,119,201,201,211,224,25,39,39,39],"floor_reached":51,"playtime":1558,"items_purged":["Regret"],"score":701,"play_id":"817abfa9-70b0-4179-8080-56c315a0ac05","local_time":"20190107052503","is_ascension_mode":false,"campfire_choices":[{"data":"Metallicize","floor":6.0,"key":"SMITH"},{"data":"Juggernaut","floor":15.0,"key":"SMITH"},{"floor":23.0,"key":"REST"},{"floor":27.0,"key":"REST"},{"floor":32.0,"key":"REST"},{"floor":40.0,"key":"RECALL"},{"floor":42.0,"key":"REST"},{"floor":49.0,"key":"REST"}],"neow_cost":"NONE","seed_source_timestamp":256438556124380,"circlet_count":0,"master_deck":["Strike_R","Strike_R","Strike_R","Strike_R","Defend_R","Defend_R","Defend_R","Defend_R","Bash","Metallicize+1","Flame Barrier","Armaments+1","Body Slam","Juggernaut+1","Ghostly Armor","Shrug It Off+1","Armaments+1","Impervious+1","Battle Trance+1","Body Slam","Ghostly Armor+1","Juggernaut+1"],"special_seed":0,"relics":["Burning Blood","Art of War","Singing Bowl","Tiny Chest","Fusion Hammer","ClockworkSouvenir","Toxic Egg 2","Red Mask","MutagenicStrength","Bottled Tornado","DollysMirror"],"potions_floor_usage":[50],"damage_taken":[{"damage":6.0,"enemies":"Cultist","floor":1.0,"turns":3.0},{"damage":2.0,"enemies":"Small Slimes","floor":2.0,"turns":4.0},{"damage":0.0,"enemies":"2 Louse","floor":4.0,"turns":4.0},{"damage":4.0,"enemies":"2 Fungi Beasts","floor":5.0,"turns":5.0},{"damage":8.0,"enemies":"Lots of Slimes","floor":10.0,"turns":5.0},{"damage":30.0,"enemies":"Gremlin Nob","floor":11.0,"turns":6.0},{"damage":2.0,"enemies":"Large Slime","floor":14.0,"turns":7.0},{"damage":5.0,"enemies":"The Guardian","floor":16.0,"turns":9.0},{"damage":0.0,"enemies":"Chosen","floor":18.0,"turns":4.0},{"damage":4.0,"enemies":"2 Thieves","floor":19.0,"turns":4.0},{"damage":43.0,"enemies":"Shelled Parasite and Fungi","floor":21.0,"turns":5.0},{"damage":17.0,"enemies":"Snake Plant","floor":24.0,"turns":3.0},{"damage":21.0,"enemies":"Masked Bandits","floor":28.0,"turns":6.0},{"damage":0.0,"enemies":"Cultist and Chosen","floor":31.0,"turns":5.0},{"damage":65.0,"enemies":"Collector","floor":33.0,"turns":15.0},{"damage":14.0,"enemies":"Orb Walker","floor":35.0,"turns":5.0},{"damage":0.0,"enemies":"3 Darklings","floor":37.0,"turns":6.0},{"damage":1.0,"enemies":"Jaw Worm Horde","floor":38.0,"turns":4.0},{"damage":3.0,"enemies":"Transient","floor":39.0,"turns":5.0},{"damage":20.0,"enemies":"Writhing Mass","floor":45.0,"turns":6.0},{"damage":8.0,"enemies":"4 Shapes","floor":46.0,"turns":5.0},{"damage":30.0,"enemies":"Jaw Worm Horde","floor":48.0,"turns":4.0},{"damage":84,"enemies":"Donu and Deca","floor":50,"turns":11}],"seed_played":"-827692445279911009","potions_obtained":[{"floor":4.0,"key":"Swift Potion"},{"floor":5.0,"key":"Regen Potion"},{"floor":14.0,"key":"Dexterity Potion"},{"floor":28.0,"key":"SteroidPotion"},{"floor":35.0,"key":"Block Potion"},{"floor":37.0,"key":"SkillPotion"}],"is_trial":false,"path_per_floor":["M","M","$","M","M","R","$","?","T","M","E","$","?","M","R","B",null,"M","M","?","M","$","R","M","?","T","R","?","$","?","M","R","B",null,"M","$","M","M","M","R","?","R","T","?","M","M","$","M","R","B",null],"character_chosen":"IRONCLAD","items_purchased":["Metallicize","Armaments","Juggernaut","ClockworkSouvenir","Ghostly Armor","Armaments+1","Battle Trance+1","Body Slam","DollysMirror"],"campfire_rested":5,"item_purchase_floors":[3,7,12,22,22,29,36,36,47],"current_hp_per_floor":[80,80,80,80,80,80,80,80,80,80,56,56,49,55,55,58,86,88,90,90,55,55,82,73,73,73,94,79,79,79,87,96,37,96,90,90,98,102,104,104,106,106,106,106,94,94,94,72,105,42],"gold":39,"neow_bonus":"RANDOM_COMMON_RELIC","is_prod":false,"is_daily":false,"chose_seed":false,"campfire_upgraded":2,"win_rate":0,"timestamp":1546831503,"path_taken":["M","M","$","M","?","R","?","?","T","?","E","$","?","M","R","BOSS","M","M","?","?","$","R","M","?","T","R","?","$","?","M","R","BOSS","M","$","M","M","M","R","?","R","T","?","?","M","$","M","R","BOSS"],"build_version":"2019-01-03v4","purchased_purges":1,"victory":true,"max_hp_per_floor":[80,80,80,80,80,80,80,80,80,82,82,82,82,84,84,86,86,88,90,90,92,92,92,94,94,94,94,94,94,94,96,96,96,96,98,98,100,102,104,104,106,106,106,106,108,110,110,112,112,112],"card_choices":[{"not_picked":["Wild Strike","Heavy Blade","Clash"],"picked":"SKIP","floor":1.0},{"not_picked":["Sword Boomerang","Second Wind","Evolve"],"picked":"SKIP","floor":2.0},{"not_picked":["Rampage","Disarm"],"picked":"Flame Barrier","floor":4.0},{"not_picked":["True Grit","Fiend Fire","Sword Boomerang"],"picked":"SKIP","floor":5.0},{"not_picked":["Flame Barrier","Havoc","Feel No Pain"],"picked":"Singing Bowl","floor":10.0},{"not_picked":["Iron Wave","Havoc"],"picked":"Body Slam","floor":11.0},{"not_picked":["Rupture","Perfected Strike","Anger"],"picked":"Singing Bowl","floor":14.0},{"not_picked":["Limit Break","Bludgeon","Exhume"],"picked":"Singing Bowl","floor":16.0},{"not_picked":["Rampage","Hemokinesis","Blood for Blood"],"picked":"Singing Bowl","floor":18.0},{"not_picked":["Iron Wave","Blood for Blood","Warcry"],"picked":"Singing Bowl","floor":19.0},{"not_picked":["Clash","Second Wind","Flex+1"],"picked":"Singing Bowl","floor":21.0},{"not_picked":["Cleave","Thunderclap","Heavy Blade"],"picked":"Singing Bowl","floor":24.0},{"not_picked":["Clash","Pommel Strike+1"],"picked":"Shrug It Off+1","floor":28.0},{"not_picked":["Cleave+1","Metallicize+1","Power Through+1"],"picked":"Singing Bowl","floor":31.0},{"not_picked":["Brutality","Dark Embrace"],"picked":"Impervious+1","floor":33.0},{"not_picked":["Heavy Blade+1","Metallicize","Second Wind+1"],"picked":"Singing Bowl","floor":35.0},{"not_picked":["Clothesline+1","Inflame+1","Rupture+1"],"picked":"Singing Bowl","floor":37.0},{"not_picked":["Feel No Pain+1","Twin Strike+1","Rampage"],"picked":"Singing Bowl","floor":38.0},{"not_picked":["Feel No Pain+1","Wild Strike+1","Clothesline+1"],"picked":"Singing Bowl","floor":39.0},{"not_picked":["Flash of Steel","Master of Strategy+1","Deep Breath+1"],"picked":"Singing Bowl","floor":41.0},{"not_picked":["Sword Boomerang","Cleave+1","Perfected Strike"],"picked":"Singing Bowl","floor":45.0},{"not_picked":["Twin Strike+1","Power Through+1","Infernal Blade+1"],"picked":"Singing Bowl","floor":46.0},{"not_picked":["True Grit+1","Second Wind+1","Clothesline+1"],"picked":"Singing Bowl","floor":48.0}],"player_experience":548274,"relics_obtained":[{"floor":9.0,"key":"Singing Bowl"},{"floor":11.0,"key":"Tiny Chest"},{"floor":26.0,"key":"Toxic Egg 2"},{"floor":28.0,"key":"Red Mask"},{"floor":43.0,"key":"Bottled Tornado"}],"event_choices":[{"damage_healed":0.0,"max_hp_gain":0.0,"max_hp_loss":0.0,"gold_gain":0.0,"event_name":"Accursed Blacksmith","player_choice":"Forge","floor":8.0,"gold_loss":0.0,"damage_taken":0.0,"cards_upgraded":["Armaments"]},{"cards_removed":["Strike_R"],"damage_healed":0.0,"max_hp_gain":0.0,"max_hp_loss":0.0,"gold_gain":0.0,"event_name":"Golden Wing","player_choice":"Card Removal","floor":13.0,"gold_loss":0.0,"damage_taken":7.0},{"damage_healed":0.0,"max_hp_gain":0.0,"max_hp_loss":0.0,"gold_gain":275.0,"event_name":"Golden Shrine","player_choice":"Desecrate","floor":20.0,"gold_loss":0.0,"damage_taken":0.0,"cards_obtained":["Regret"]},{"damage_healed":0.0,"max_hp_gain":0.0,"max_hp_loss":0.0,"gold_gain":0.0,"event_name":"Beggar","player_choice":"Ignored","floor":25.0,"gold_loss":0.0,"damage_taken":0.0},{"damage_healed":0.0,"max_hp_gain":0.0,"max_hp_loss":0.0,"gold_gain":0.0,"event_name":"Masked Bandits","player_choice":"Fought Bandits","floor":28.0,"gold_loss":0.0,"damage_taken":0.0},{"damage_healed":0.0,"max_hp_gain":0.0,"max_hp_loss":0.0,"gold_gain":0.0,"event_name":"Drug Dealer","player_choice":"Inject Mutagens","floor":30.0,"gold_loss":0.0,"damage_taken":0.0,"relics_obtained":["MutagenicStrength"]},{"damage_healed":0.0,"max_hp_gain":0.0,"max_hp_loss":0.0,"gold_gain":0.0,"event_name":"SensoryStone","player_choice":"Memory 1","floor":41.0,"gold_loss":0.0,"damage_taken":0.0},{"damage_healed":0.0,"max_hp_gain":0.0,"max_hp_loss":0.0,"gold_gain":0.0,"event_name":"Match and Keep!","player_choice":"1 cards matched","floor":44.0,"gold_loss":0.0,"damage_taken":0.0,"cards_obtained":["Ghostly Armor"]}],"is_beta":false,"boss_relics":[{"not_picked":["Pandora\u0027s Box","Eternal Feather"],"picked":"Fusion Hammer"},{"not_picked":["Snecko Eye","Astrolabe","Runic Dome"]}],"items_purged_floors":[22],"is_endless":false,"potions_floor_spawned":[4,5,14,28,35,37,45],"ascension_level":0}