{"gold_per_floor":[119,119,129,129,129,147,187,187,187,112,137,175,175,190,190,320,320,335,335,89,89,105,105,148,173,224,224,243,243,256,294,294,420,420,436,124,149,167,192,192,232,232,256,381,681,706,706,487,487,487],"floor_reached":51,"playtime":1389,"items_purged":["Regret","Strike_R","Strike_R","Strike_R"],"score":850,"play_id":"b029ec02-a582-4b36-9a8c-9a1010ae294d","local_time":"20190718111751","is_ascension_mode":false,"campfire_choices":[{"data":"Sword Boomerang","floor":8,"key":"SMITH"},{"data":"Bash","floor":15,"key":"SMITH"},{"data":"Demon Form","floor":23,"key":"SMITH"},{"data":"Defend_R","floor":27,"key":"SMITH"},{"data":"Defend_R","floor":29,"key":"SMITH"},{"data":"Defend_R","floor":32,"key":"SMITH"},{"data":"Strike_R","floor":40,"key":"SMITH"},{"data":"Uppercut","floor":49,"key":"SMITH"}],"neow_cost":"NONE","seed_source_timestamp":11651271498700,"circlet_count":0,"master_deck":["Strike_R+1","Strike_R+1","Defend_R+1","Defend_R+1","Defend_R+1","Defend_R+1","Bash+1","Shrug It Off+1","Sword Boomerang+1","Demon Form+1","Fire Breathing","Uppercut+1"],"relics":["Black Blood","Dodecahedron","Golden Idol","Bag of Marbles","Shuriken","PreservedInsect","Busted Crown","Vajra","Blood Vial","Smiling Mask","Strawberry","Lantern","Kunai","Oddly Smooth Stone","Happy Flower","Peace Pipe"],"potions_floor_usage":[7,12,18,28,31,33,33,50],"damage_taken":[{"damage":6,"enemies":"Cultist","floor":1,"turns":3},{"damage":0,"enemies":"Small Slimes","floor":3,"turns":3},{"damage":2,"enemies":"2 Louse","floor":6,"turns":2},{"damage":14,"enemies":"Gremlin Nob","floor":7,"turns":3},{"damage":2,"enemies":"Blue Slaver","floor":11,"turns":4},{"damage":13,"enemies":"3 Sentries","floor":12,"turns":7},{"damage":15,"enemies":"Exordium Wildlife","floor":14,"turns":4},{"damage":40,"enemies":"The Guardian","floor":16,"turns":10},{"damage":0,"enemies":"Spheric Guardian","floor":18,"turns":4},{"damage":10,"enemies":"3 Byrds","floor":22,"turns":6},{"damage":8,"enemies":"Gremlin Leader","floor":24,"turns":5},{"damage":18,"enemies":"Shelled Parasite and Fungi","floor":25,"turns":6},{"damage":14,"enemies":"Cultist and Chosen","floor":28,"turns":6},{"damage":14,"enemies":"3 Cultists","floor":30,"turns":6},{"damage":38,"enemies":"Slavers","floor":31,"turns":4},{"damage":30,"enemies":"Automaton","floor":33,"turns":8},{"damage":0,"enemies":"Orb Walker","floor":35,"turns":2},{"damage":4,"enemies":"3 Shapes","floor":37,"turns":8},{"damage":0,"enemies":"Spire Growth","floor":38,"turns":3},{"damage":32,"enemies":"4 Shapes","floor":39,"turns":7},{"damage":2,"enemies":"Giant Head","floor":41,"turns":6},{"damage":9,"enemies":"Mind Bloom Boss Battle","floor":44,"turns":8},{"damage":30,"enemies":"3 Darklings","floor":46,"turns":7},{"damage":40,"enemies":"Time Eater","floor":50,"turns":7}],"seed_played":"8799649183364703518","potions_obtained":[{"floor":1,"key":"Block Potion"},{"floor":6,"key":"Poison Potion"},{"floor":11,"key":"Explosive Potion"},{"floor":24,"key":"SkillPotion"},{"floor":28,"key":"Strength Potion"},{"floor":30,"key":"Ancient Potion"},{"floor":31,"key":"Block Potion"},{"floor":37,"key":"BloodPotion"},{"floor":41,"key":"Poison Potion"}],"is_trial":false,"path_per_floor":["M","$","M","?","?","M","E","R","T","$","M","E","?","M","R","B",null,"M","?","$","?","M","R","E","M","T","R","M","R","M","E","R","B",null,"M","$","M","M","M","R","E","?","T","?","?","M","?","$","R","B",null],"character_chosen":"IRONCLAD","items_purchased":["Blood Vial","Kunai","Fire Potion","Fire Breathing","Uppercut"],"campfire_rested":0,"item_purchase_floors":[20,36,48,48,48],"current_hp_per_floor":[88,88,88,88,81,81,73,73,73,73,77,70,54,45,45,11,81,81,81,81,81,77,77,77,67,74,74,68,68,62,32,32,10,88,88,88,88,88,66,66,76,76,76,79,79,61,61,61,61,33],"gold":487,"neow_bonus":"TEN_PERCENT_HP_BONUS","is_prod":false,"is_daily":false,"chose_seed":false,"campfire_upgraded":8,"win_rate":0,"timestamp":1563437871,"path_taken":["M","$","M","?","?","M","E","R","T","$","M","E","?","M","R","BOSS","M","?","$","?","M","R","E","M","T","R","M","R","M","E","R","BOSS","M","$","M","M","M","R","E","?","T","?","?","?","?","$","R","BOSS"],"build_version":"2019-07-10","purchased_purges":4,"victory":true,"max_hp_per_floor":[88,88,88,88,81,81,81,81,81,81,81,81,81,81,81,81,81,81,81,81,81,81,81,81,81,88,88,88,88,88,88,88,88,88,88,88,88,88,88,88,88,88,88,88,88,88,88,88,88,88],"card_choices":[{"not_picked":["Dual Wield","Combust","Perfected Strike"],"picked":"SKIP","floor":1},{"not_picked":["Twin Strike","Warcry"],"picked":"Shrug It Off","floor":3},{"not_picked":["Power Through","Twin Strike"],"picked":"Sword Boomerang","floor":6},{"not_picked":["Limit Break","Warcry","Armaments"],"picked":"SKIP","floor":7},{"not_picked":["Rampage","Wild Strike","Headbutt"],"picked":"SKIP","floor":11},{"not_picked":["Iron Wave","Shrug It Off","Dual Wield"],"picked":"SKIP","floor":12},{"not_picked":["Seeing Red","Ghostly Armor","Clash"],"picked":"SKIP","floor":14},{"not_picked":["Bludgeon","Immolate"],"picked":"Demon Form","floor":16},{"not_picked":["Fire Breathing+1"],"picked":"SKIP","floor":18},{"not_picked":["Heavy Blade"],"picked":"SKIP","floor":22},{"not_picked":["Thunderclap"],"picked":"SKIP","floor":24},{"not_picked":["Headbutt"],"picked":"SKIP","floor":25},{"not_picked":["Clothesline"],"picked":"SKIP","floor":28},{"not_picked":["Blood for Blood"],"picked":"SKIP","floor":30},{"not_picked":["Anger"],"picked":"SKIP","floor":31},{"not_picked":["Iron Wave+1"],"picked":"SKIP","floor":35},{"not_picked":["Body Slam"],"picked":"SKIP","floor":37},{"not_picked":["Anger+1"],"picked":"SKIP","floor":38},{"not_picked":["Headbutt"],"picked":"SKIP","floor":39},{"not_picked":["Clothesline+1"],"picked":"SKIP","floor":41},{"not_picked":["Flex+1"],"picked":"SKIP","floor":46}],"player_experience":174521,"relics_obtained":[{"floor":7,"key":"Bag of Marbles"},{"floor":9,"key":"Shuriken"},{"floor":12,"key":"PreservedInsect"},{"floor":24,"key":"Smiling Mask"},{"floor":26,"key":"Strawberry"},{"floor":31,"key":"Lantern"},{"floor":41,"key":"Oddly Smooth Stone"},{"floor":43,"key":"Happy Flower"},{"floor":44,"key":"Peace Pipe"}],"event_choices":[{"damage_healed":0,"gold_gain":0,"player_choice":"Box","damage_taken":0,"relics_obtained":["Dodecahedron"],"max_hp_gain":0,"max_hp_loss":0,"event_name":"Big Fish","floor":4,"gold_loss":0,"cards_obtained":["Regret"]},{"damage_healed":0,"gold_gain":0,"player_choice":"Lose Max HP","damage_taken":0,"relics_obtained":["Golden Idol"],"max_hp_gain":0,"max_hp_loss":7,"event_name":"Golden Idol","floor":5,"gold_loss":0},{"damage_healed":0,"gold_gain":0,"player_choice":"Entered Light","damage_taken":16,"max_hp_gain":0,"max_hp_loss":0,"event_name":"Shining Light","floor":13,"gold_loss":0,"cards_upgraded":["Shrug It Off","Defend_R"]},{"damage_healed":0,"gold_gain":0,"player_choice":"Opened","damage_taken":0,"relics_obtained":["Vajra"],"max_hp_gain":0,"max_hp_loss":0,"event_name":"The Mausoleum","floor":19,"gold_loss":0},{"damage_healed":0,"gold_gain":0,"player_choice":"Ignored","damage_taken":0,"max_hp_gain":0,"max_hp_loss":0,"event_name":"Vampires","floor":21,"gold_loss":0},{"damage_healed":0,"gold_gain":0,"player_choice":"Ignored","damage_taken":0,"max_hp_gain":0,"max_hp_loss":0,"event_name":"Tomb of Lord Red Mask","floor":42,"gold_loss":0},{"damage_healed":0,"gold_gain":0,"player_choice":"Fight","damage_taken":0,"max_hp_gain":0,"max_hp_loss":0,"event_name":"MindBloom","floor":44,"gold_loss":0},{"damage_healed":0,"gold_gain":300,"player_choice":"Gold","damage_taken":0,"max_hp_gain":0,"max_hp_loss":0,"event_name":"Wheel of Change","floor":45,"gold_loss":0},{"damage_healed":0,"gold_gain":0,"player_choice":"Forge","damage_taken":0,"max_hp_gain":0,"max_hp_loss":0,"event_name":"Accursed Blacksmith","floor":47,"gold_loss":0,"cards_upgraded":["Strike_R"]}],"is_beta":true,"boss_relics":[{"not_picked":["Runic Pyramid","Mark of Pain"],"picked":"Busted Crown"},{"not_picked":["Lizard Tail","Runic Dome"],"picked":"Black Blood"}],"items_purged_floors":[10,20,36,48],"is_endless":false,"potions_floor_spawned":[1,6,11,24,28,30,31,37,41],"ascension_level":0}