{"gold_per_floor":[119,119,69,84,259,289,289,302,327,327,29,46,61,81,81,177,177],"floor_reached":17,"playtime":506,"items_purged":["Doubt"],"score":157,"play_id":"4314440b-c25a-4f11-834e-8fd64322857f","local_time":"20190713191337","is_ascension_mode":false,"campfire_choices":[{"data":"Battle Trance","floor":7.0,"key":"SMITH"},{"data":"Demon Form","floor":15.0,"key":"SMITH"}],"neow_cost":"NONE","seed_source_timestamp":242261614098200,"circlet_count":0,"master_deck":["Strike_R","Strike_R","Strike_R","Strike_R","Defend_R","Defend_R","Defend_R","Defend_R","Bash","Battle Trance+1","Shrug It Off","Ghostly Armor+1","Rampage","Demon Form+1","Juggernaut"],"special_seed":0,"relics":["Burning Blood","Art of War","PreservedInsect","Snecko Eye"],"potions_floor_usage":[16,16],"damage_taken":[{"damage":10.0,"enemies":"Jaw Worm","floor":1.0,"turns":4.0},{"damage":5.0,"enemies":"Small Slimes","floor":4.0,"turns":3.0},{"damage":56.0,"enemies":"3 Sentries","floor":6.0,"turns":18.0},{"damage":6.0,"enemies":"2 Louse","floor":8.0,"turns":4.0},{"damage":13.0,"enemies":"Lots of Slimes","floor":12.0,"turns":7.0},{"damage":0.0,"enemies":"Exordium Thugs","floor":13.0,"turns":5.0},{"damage":7.0,"enemies":"Blue Slaver","floor":14.0,"turns":4.0},{"damage":25,"enemies":"The Guardian","floor":16,"turns":10}],"seed_played":"-8174416824627468566","potions_obtained":[{"floor":1.0,"key":"AttackPotion"},{"floor":13.0,"key":"FearPotion"},{"floor":14.0,"key":"GamblersBrew"},{"floor":16,"key":"AttackPotion"}],"is_trial":false,"path_per_floor":["M","?","$","M","?","E","R","M","T","?","$","M","M","M","R","B",null],"character_chosen":"IRONCLAD","items_purchased":["Shrug It Off","Rampage","Demon Form"],"campfire_rested":0,"item_purchase_floors":[3,11,11],"current_hp_per_floor":[84,77,77,78,78,28,28,28,28,28,28,21,27,26,26,7,7],"gold":177,"neow_bonus":"TEN_PERCENT_HP_BONUS","is_prod":false,"is_daily":false,"chose_seed":false,"campfire_upgraded":2,"win_rate":0,"timestamp":1563034417,"path_taken":["M","?","$","M","?","E","R","M","T","?","$","M","M","M","R","BOSS"],"build_version":"2019-07-05","purchased_purges":1,"victory":false,"max_hp_per_floor":[88,88,88,88,88,88,88,88,88,88,88,88,88,88,88,88,88],"card_choices":[{"not_picked":["Warcry","Iron Wave"],"picked":"Battle Trance","floor":1.0},{"not_picked":["Battle Trance","Wild Strike"],"picked":"Ghostly Armor","floor":4.0},{"not_picked":["Twin Strike","Uppercut","Sword Boomerang"],"picked":"SKIP","floor":6.0},{"not_picked":["Anger","Perfected Strike","Wild Strike"],"picked":"SKIP","floor":8.0},{"not_picked":["Seeing Red","Pommel Strike","Ghostly Armor"],"picked":"SKIP","floor":12.0},{"not_picked":["Havoc","Entrench","Corruption"],"picked":"SKIP","floor":13.0},{"not_picked":["Twin Strike","Burning Pact","Corruption"],"picked":"SKIP","floor":14.0},{"not_picked":["Double Tap","Reaper"],"picked":"Juggernaut","floor":16}],"player_experience":702128,"relics_obtained":[{"floor":6.0,"key":"Art of War"},{"floor":9.0,"key":"PreservedInsect"}],"event_choices":[{"cards_removed":["Strike_R"],"damage_healed":0.0,"max_hp_gain":0.0,"max_hp_loss":0.0,"gold_gain":0.0,"event_name":"Golden Wing","player_choice":"Card Removal","floor":2.0,"gold_loss":0.0,"damage_taken":7.0},{"damage_healed":0.0,"max_hp_gain":0.0,"max_hp_loss":0.0,"gold_gain":175.0,"event_name":"Liars Game","player_choice":"AGREE","floor":5.0,"gold_loss":0.0,"damage_taken":0.0,"cards_obtained":["Doubt"]},{"damage_healed":0.0,"max_hp_gain":0.0,"max_hp_loss":0.0,"gold_gain":0.0,"event_name":"Living Wall","player_choice":"Grow","floor":10.0,"gold_loss":0.0,"damage_taken":0.0,"cards_upgraded":["Ghostly Armor"]}],"is_beta":false,"boss_relics":[{"not_picked":["Black Blood","Orrery"],"picked":"Snecko Eye"}],"items_purged_floors":[11],"is_endless":false,"potions_floor_spawned":[1,13,14,16],"ascension_level":0}