{"path_per_floor":["M","?","$","M","M","E","R","E","T","?","R","E","R","M","R","B",null,"M","$","M","M","?","E","R","M","T","M","E","?","M","M","R","B",null,"M","M","?","?","$","R","M","E","T","M","$","E","R","M","R"],"character_chosen":"IRONCLAD","items_purchased":["Flame Barrier","Apotheosis","Vajra","Self Forming Clay","Double Tap","Anchor"],"gold_per_floor":[114,114,34,50,63,101,101,141,167,267,267,307,307,326,326,454,454,473,291,307,328,243,287,287,305,305,318,361,284,297,311,311,431,431,445,461,794,794,227,227,240,567,592,608,465,499,499,510,510,510],"floor_reached":50,"campfire_rested":3,"playtime":1580,"item_purchase_floors":[],"current_hp_per_floor":[80,60,60,60,66,45,69,40,40,40,79,65,65,58,58,47,80,75,75,68,70,70,60,60,62,62,55,57,57,55,53,53,27,80,71,63,63,63,63,73,61,38,38,26,26,21,72,67,79,0],"items_purged":[],"gold":510,"score":612,"play_id":"8ba2dee7-1b0c-4441-8aa1-f793397567bc","local_time":"20180609014418","is_prod":false,"is_daily":false,"chose_seed":false,"is_ascension_mode":false,"campfire_upgraded":6,"win_rate":0,"timestamp":1528497858,"campfire_choices":[{"floor":7.0,"key":"REST"},{"floor":11.0,"key":"REST"},{"data":"Offering","floor":13.0,"key":"SMITH"},{"data":"Evolve","floor":15.0,"key":"SMITH"},{"data":"Apotheosis","floor":24,"key":"SMITH"},{"data":"Demon Form","floor":32,"key":"SMITH"},{"data":"J.A.X.","floor":40,"key":"SMITH"},{"floor":47,"key":"REST"},{"data":"Flame Barrier","floor":49,"key":"SMITH"}],"path_taken":["M","?","$","M","M","E","R","E","T","?","R","E","R","M","R","BOSS","M","$","M","M","?","E","R","M","T","M","E","?","M","M","R","BOSS","M","M","?","?","$","R","M","E","T","M","$","E","R","M","R","BOSS"],"build_version":"2018-06-07v3","seed_source_timestamp":604092589672493,"purchased_purges":0,"victory":false,"master_deck":["Strike_R","Strike_R","Strike_R","Strike_R","Strike_R","Defend_R","Defend_R","Defend_R","Defend_R","Bash","Cleave","Flame Barrier+1","Evolve+1","Offering+1","Twin Strike","Shrug It Off","Demon Form+1","Apotheosis+1","Whirlwind","Perfected Strike","Twin Strike","Offering","J.A.X.+1","Perfected Strike","Twin Strike+1","Offering","Reaper","Shrug It Off+1","Double Tap","Reaper","Shrug It Off+1"],"max_hp_per_floor":[80,80,80,80,80,80,80,80,80,80,80,80,80,80,80,80,80,80,80,80,80,80,80,80,80,80,80,80,80,80,80,80,80,80,80,80,80,80,80,80,80,80,80,80,80,80,80,80,80,80],"relics":["Burning Blood","Bag of Marbles","Oddly Smooth Stone","Regal Pillow","Lantern","Ancient Tea Set","Velvet Choker","Gremlin Horn","Paper Frog","Potion Belt","Prayer Wheel","Eternal Feather","Vajra","Self Forming Clay","Old Coin","Bronze Scales","Anchor","Matryoshka"],"card_choices":[{"not_picked":["Twin Strike","Blood for Blood"],"picked":"Cleave","floor":1.0},{"not_picked":["Body Slam","Exhume","Warcry"],"picked":"SKIP","floor":4.0},{"not_picked":["Body Slam","Shockwave","Clash"],"picked":"SKIP","floor":5.0},{"not_picked":["Rupture","Feel No Pain"],"picked":"Evolve","floor":6.0},{"not_picked":["Armaments","Metallicize"],"picked":"Offering","floor":8.0},{"not_picked":["Ghostly Armor","Anger"],"picked":"Twin Strike","floor":12.0},{"not_picked":["Sever Soul","True Grit"],"picked":"Shrug It Off","floor":14.0},{"not_picked":["Bludgeon","Dark Embrace"],"picked":"Demon Form","floor":16.0},{"not_picked":["Clash","Twin Strike","Second Wind"],"picked":"SKIP","floor":18.0},{"not_picked":["Iron Wave","Second Wind"],"picked":"Whirlwind","floor":20.0},{"not_picked":["Body Slam+1","Corruption+1"],"picked":"Perfected Strike","floor":21},{"not_picked":["Thunderclap","Sentinel"],"picked":"Twin Strike","floor":23},{"not_picked":["Thunderclap","Pommel Strike","Flex+1"],"picked":"SKIP","floor":25},{"not_picked":["Heavy Blade","Uppercut","Sever Soul"],"picked":"SKIP","floor":27},{"not_picked":["Headbutt","Dual Wield+1"],"picked":"Offering","floor":28},{"not_picked":["Shrug It Off","Flex"],"picked":"Perfected Strike","floor":30},{"not_picked":["Armaments","Ghostly Armor"],"picked":"Twin Strike+1","floor":30},{"not_picked":["Cleave","Wild Strike+1"],"picked":"Offering","floor":31},{"not_picked":["Thunderclap","Clash","Searing Blow"],"picked":"SKIP","floor":31},{"not_picked":["Dark Embrace","Exhume"],"picked":"Reaper","floor":33},{"not_picked":["Clash","True Grit","Anger+1"],"picked":"SKIP","floor":35},{"not_picked":["Wild Strike+1","Pummel","Sword Boomerang+1"],"picked":"SKIP","floor":35},{"not_picked":["Clash","Ghostly Armor+1"],"picked":"Shrug It Off+1","floor":36},{"not_picked":["Wild Strike+1","Iron Wave+1","Body Slam"],"picked":"SKIP","floor":36},{"not_picked":["Pommel Strike","Twin Strike"],"picked":"Reaper","floor":41},{"not_picked":["Clash","Wild Strike","Clothesline+1"],"picked":"SKIP","floor":41},{"not_picked":["Power Through+1","Barricade","Cleave"],"picked":"SKIP","floor":42},{"not_picked":["Shockwave+1","Inflame","Shrug It Off"],"picked":"SKIP","floor":44},{"not_picked":["Disarm","Anger","Second Wind"],"picked":"SKIP","floor":44},{"not_picked":["Twin Strike+1","Uppercut"],"picked":"Shrug It Off+1","floor":46},{"not_picked":["Wild Strike","Iron Wave","Sword Boomerang+1"],"picked":"SKIP","floor":48},{"not_picked":["Warcry","Thunderclap+1","Iron Wave"],"picked":"SKIP","floor":48}],"player_experience":102221,"potions_floor_usage":[25,46,46,50,50,50],"damage_taken":[{"damage":0.0,"enemies":"Small Slimes","floor":1.0,"turns":2.0},{"damage":6.0,"enemies":"Jaw Worm","floor":4.0,"turns":3.0},{"damage":0.0,"enemies":"Cultist","floor":5.0,"turns":2.0},{"damage":27.0,"enemies":"3 Sentries","floor":6.0,"turns":8.0},{"damage":35.0,"enemies":"Lagavulin","floor":8.0,"turns":9.0},{"damage":20.0,"enemies":"3 Sentries","floor":12.0,"turns":4.0},{"damage":13.0,"enemies":"2 Fungi Beasts","floor":14.0,"turns":3.0},{"damage":17.0,"enemies":"The Guardian","floor":16.0,"turns":13.0},{"damage":11.0,"enemies":"3 Byrds","floor":18.0,"turns":3.0},{"damage":13.0,"enemies":"Shell Parasite","floor":20.0,"turns":6.0},{"damage":4,"enemies":"Snecko","floor":21,"turns":4},{"damage":16,"enemies":"Slavers","floor":23,"turns":4},{"damage":4,"enemies":"Snake Plant","floor":25,"turns":2},{"damage":13,"enemies":"Chosen and Byrds","floor":27,"turns":4},{"damage":4,"enemies":"Gremlin Leader","floor":28,"turns":3},{"damage":8,"enemies":"Centurion and Healer","floor":30,"turns":1},{"damage":8,"enemies":"Cultist and Chosen","floor":31,"turns":4},{"damage":32,"enemies":"Automaton","floor":33,"turns":5},{"damage":15,"enemies":"3 Shapes","floor":35,"turns":1},{"damage":14,"enemies":"Orb Walker","floor":36,"turns":2},{"damage":18,"enemies":"Sphere and 2 Shapes","floor":41,"turns":4},{"damage":29,"enemies":"Nemesis","floor":42,"turns":5},{"damage":28,"enemies":"Maw","floor":44,"turns":6},{"damage":20,"enemies":"2 Orb Walkers","floor":46,"turns":3},{"damage":27,"enemies":"4 Shapes","floor":48,"turns":3},{"damage":85,"enemies":"Donu and Deca","floor":50,"turns":6}],"relics_obtained":[{"floor":6.0,"key":"Oddly Smooth Stone"},{"floor":8.0,"key":"Regal Pillow"},{"floor":9.0,"key":"Lantern"},{"floor":12.0,"key":"Ancient Tea Set"},{"floor":23,"key":"Paper Frog"},{"floor":26,"key":"Potion Belt"},{"floor":28,"key":"Prayer Wheel"},{"floor":42,"key":"Old Coin"},{"floor":43,"key":"Bronze Scales"},{"floor":46,"key":"Matryoshka"}],"event_choices":[{"event_name":"Golden Idol","player_choice":"Take Damage","floor":2.0,"damage_taken":0.0},{"event_name":"Golden Shrine","player_choice":"Pray","floor":10.0,"damage_taken":0.0},{"event_name":"Addict","player_choice":"Obtained Relic","floor":22,"damage_taken":0},{"event_name":"Drug Dealer","player_choice":"Got JAXXED","floor":29,"damage_taken":0},{"event_name":"The Moai Head","player_choice":"Gave Idol","floor":37,"damage_taken":0},{"event_name":"Tomb of Lord Red Mask","player_choice":"Ignored","floor":38,"damage_taken":0}],"boss_relics":[{"not_picked":["Runic Dome","Sozu"],"picked":"Velvet Choker"},{"not_picked":["Black Blood","Orrery"],"picked":"Eternal Feather"}],"items_purged_floors":[],"potions_floor_spawned":[8,12,14,20,23,27,28,31,33,35,44],"seed_played":"6438561653478440658","killed_by":"Donu and Deca","ascension_level":0,"potions_obtained":[{"floor":8.0,"key":"Poison Potion"},{"floor":12.0,"key":"GamblersBrew"},{"floor":14.0,"key":"LiquidBronze"},{"floor":20.0,"key":"Swift Potion"},{"floor":23,"key":"LiquidBronze"},{"floor":27,"key":"Regen Potion"},{"floor":28,"key":"Regen Potion"},{"floor":31,"key":"AttackPotion"},{"floor":33,"key":"Fire Potion"},{"floor":35,"key":"Block Potion"}],"is_trial":false}