{"gold_per_floor":[113,39,54,2,20,55,55,67,67,67,67,80,96,113,113,216,216,226,243,253,253,266,266,291,304,304,229,229,229,229],"floor_reached":30,"playtime":844,"items_purged":["Strike_B"],"score":254,"play_id":"a74fe913-9533-43cd-aaff-180cb946c4fc","local_time":"20190723173837","is_ascension_mode":false,"campfire_choices":[{"data":"Zap","floor":7.0,"key":"SMITH"},{"data":"Dualcast","floor":10.0,"key":"SMITH"},{"data":"Capacitor","floor":15.0,"key":"SMITH"},{"data":"Consume","floor":23.0,"key":"SMITH"},{"data":"Capacitor","floor":28,"key":"SMITH"}],"neow_cost":"NONE","seed_source_timestamp":129697350000,"circlet_count":0,"master_deck":["Strike_B+1","Strike_B+1","Defend_B+1","Defend_B+1","Defend_B+1","Defend_B+1","Zap+1","Dualcast+1","Leap","Capacitor+1","Ball Lightning","Go for the Eyes","Self Repair","Genetic Algorithm","Consume+1","Conserve Battery","Defragment","Capacitor+1","Force Field+1"],"special_seed":0,"relics":["Cracked Core","Art of War","Bronze Scales","Vajra","Cursed Key","Symbiotic Virus"],"potions_floor_usage":[],"damage_taken":[{"damage":0.0,"enemies":"Small Slimes","floor":1.0,"turns":2.0},{"damage":0.0,"enemies":"Cultist","floor":3.0,"turns":3.0},{"damage":1.0,"enemies":"Jaw Worm","floor":5.0,"turns":3.0},{"damage":21.0,"enemies":"3 Sentries","floor":6.0,"turns":7.0},{"damage":4.0,"enemies":"Blue Slaver","floor":8.0,"turns":3.0},{"damage":2.0,"enemies":"Exordium Wildlife","floor":12.0,"turns":4.0},{"damage":1.0,"enemies":"Looter","floor":13.0,"turns":3.0},{"damage":0.0,"enemies":"3 Louse","floor":14.0,"turns":3.0},{"damage":37.0,"enemies":"The Guardian","floor":16.0,"turns":9.0},{"damage":8.0,"enemies":"Spheric Guardian","floor":18.0,"turns":4.0},{"damage":8.0,"enemies":"Shell Parasite","floor":19.0,"turns":5.0},{"damage":22.0,"enemies":"Snake Plant","floor":20.0,"turns":4.0},{"damage":21.0,"enemies":"Sentry and Sphere","floor":22.0,"turns":6.0},{"damage":21.0,"enemies":"Book of Stabbing","floor":24.0,"turns":6.0},{"damage":13.0,"enemies":"Shelled Parasite and Fungi","floor":25.0,"turns":6.0},{"damage":17,"enemies":"Centurion and Healer","floor":30,"turns":6}],"seed_played":"181843977655776810","potions_obtained":[{"floor":1.0,"key":"Swift Potion"},{"floor":5.0,"key":"EssenceOfSteel"},{"floor":13.0,"key":"Ancient Potion"},{"floor":22.0,"key":"Strength Potion"},{"floor":24.0,"key":"SteroidPotion"}],"is_trial":false,"path_per_floor":["M","$","M","$","M","E","R","M","T","R","?","M","M","M","R","B",null,"M","M","M","?","M","R","E","M","T","$","R","?","M"],"character_chosen":"DEFECT","items_purchased":["Capacitor","Ball Lightning"],"campfire_rested":0,"item_purchase_floors":[2,4],"current_hp_per_floor":[75,75,75,75,74,53,53,56,56,56,56,61,60,67,67,37,75,74,73,58,58,44,44,23,17,17,17,17,17,0],"gold":229,"neow_bonus":"RANDOM_COMMON_RELIC","is_prod":false,"is_daily":false,"chose_seed":false,"campfire_upgraded":5,"win_rate":0,"timestamp":1563892717,"path_taken":["M","$","M","$","M","E","R","M","T","R","?","M","M","M","R","BOSS","M","M","?","?","M","R","E","M","T","$","R","?","M"],"build_version":"2019-07-17","purchased_purges":1,"victory":false,"max_hp_per_floor":[75,75,75,75,75,75,75,75,75,75,75,75,75,75,75,75,75,75,75,75,75,75,75,75,75,75,75,75,75,75],"card_choices":[{"not_picked":["Tempest","Hologram"],"picked":"Leap","floor":1.0},{"not_picked":["Steam","Beam Cell","Compile Driver"],"picked":"SKIP","floor":3.0},{"not_picked":["Ball Lightning","Darkness"],"picked":"Go for the Eyes","floor":5.0},{"not_picked":["Go for the Eyes","Stack"],"picked":"Self Repair","floor":6.0},{"not_picked":["Coolheaded","Steam Power"],"picked":"Genetic Algorithm","floor":8.0},{"not_picked":["Consume","Compile Driver","Melter"],"picked":"SKIP","floor":12.0},{"not_picked":["Compile Driver","Melter"],"picked":"Consume","floor":12.0},{"not_picked":["Reinforced Body","Blizzard"],"picked":"Conserve Battery","floor":13.0},{"not_picked":["Compile Driver","Redo","Sweeping Beam"],"picked":"SKIP","floor":14.0},{"not_picked":["FTL","Beam Cell","Rip and Tear+1"],"picked":"SKIP","floor":18.0},{"not_picked":["Redo","Cold Snap+1"],"picked":"Defragment","floor":19.0},{"not_picked":["FTL+1","Coolheaded+1","Chaos"],"picked":"SKIP","floor":20.0},{"not_picked":["Leap","Aggregate"],"picked":"Capacitor","floor":22.0},{"not_picked":["Recycle","Rebound+1"],"picked":"Force Field+1","floor":24.0},{"not_picked":["Barrage+1","Chill","Doom and Gloom+1"],"picked":"SKIP","floor":25.0}],"player_experience":742899,"relics_obtained":[{"floor":6.0,"key":"Bronze Scales"},{"floor":9.0,"key":"Vajra"},{"floor":24.0,"key":"Symbiotic Virus"}],"event_choices":[{"cards_removed":["Strike_B"],"damage_healed":0.0,"max_hp_gain":0.0,"max_hp_loss":0.0,"gold_gain":0.0,"event_name":"Bonfire Elementals","player_choice":"Offered Basic","floor":11.0,"gold_loss":0.0,"damage_taken":0.0},{"damage_healed":0.0,"max_hp_gain":0.0,"max_hp_loss":0.0,"gold_gain":0.0,"event_name":"Ghosts","player_choice":"Ignored","floor":21.0,"gold_loss":0.0,"damage_taken":0.0},{"damage_healed":0,"gold_gain":0,"player_choice":"Simplicity","damage_taken":0,"max_hp_gain":0,"max_hp_loss":0,"event_name":"Back to Basics","floor":29,"gold_loss":0,"cards_upgraded":["Strike_B","Strike_B","Defend_B","Defend_B","Defend_B","Defend_B"]}],"is_beta":false,"boss_relics":[{"not_picked":["Orrery","Black Star"],"picked":"Cursed Key"}],"items_purged_floors":[27],"is_endless":false,"potions_floor_spawned":[1,5,13,18,19,22,24],"killed_by":"Centurion and Healer","ascension_level":0}