{"gold_per_floor":[118,50,64,80,45,45,45,45,45,80,94,104,133,145,145,145],"floor_reached":16,"playtime":538,"items_purged":[],"score":112,"play_id":"12ed16ad-d4cf-4585-b869-5bc92328c4e6","local_time":"20180726083739","is_ascension_mode":false,"campfire_choices":[{"data":"Juggernaut","floor":6.0,"key":"SMITH"},{"data":"Limit Break","floor":15,"key":"SMITH"}],"neow_cost":"FIFTY_PERCENT_DAMAGE","seed_source_timestamp":53182040091841,"circlet_count":0,"master_deck":["Strike_R","Strike_R","Strike_R","Defend_R","Defend_R","Defend_R","Defend_R","Bash","Warcry","Juggernaut+1","Inflame+1","Flame Barrier","Injury","Entrench","Inflame","Limit Break+1","Iron Wave"],"special_seed":0,"relics":["Burning Blood","Bottled Lightning","Bag of Marbles","Meat on the Bone"],"potions_floor_usage":[11],"damage_taken":[{"damage":9.0,"enemies":"2 Louse","floor":1.0,"turns":3.0},{"damage":5.0,"enemies":"Small Slimes","floor":3.0,"turns":5.0},{"damage":8.0,"enemies":"Jaw Worm","floor":4.0,"turns":5.0},{"damage":15.0,"enemies":"Lagavulin","floor":10.0,"turns":9.0},{"damage":6,"enemies":"3 Louse","floor":11,"turns":3},{"damage":10,"enemies":"Lots of Slimes","floor":12,"turns":6},{"damage":28,"enemies":"3 Sentries","floor":13,"turns":11},{"damage":3,"enemies":"2 Fungi Beasts","floor":14,"turns":4},{"damage":36,"enemies":"Hexaghost","floor":16,"turns":7}],"seed_played":"2805337675105274610","potions_obtained":[{"floor":1.0,"key":"Explosive Potion"},{"floor":4.0,"key":"Fire Potion"},{"floor":11,"key":"Regen Potion"},{"floor":12,"key":"Fire Potion"},{"floor":14,"key":"EssenceOfSteel"}],"is_trial":false,"path_per_floor":["M","$","M","M","?","R","?","$","T","E","M","M","E","M","R"],"character_chosen":"IRONCLAD","items_purchased":["Inflame"],"campfire_rested":0,"item_purchase_floors":[2],"current_hp_per_floor":[37,37,38,36,56,56,56,56,56,47,47,43,21,36,36,0],"gold":145,"neow_bonus":"TRANSFORM_TWO_CARDS","is_prod":false,"is_daily":false,"chose_seed":false,"campfire_upgraded":2,"win_rate":0,"timestamp":1532583459,"path_taken":["M","$","M","M","?","R","?","$","T","E","M","M","E","M","R","BOSS"],"build_version":"2018-07-19v2","purchased_purges":0,"victory":false,"max_hp_per_floor":[80,80,80,80,80,80,80,80,80,80,80,80,80,80,80,80],"card_choices":[{"not_picked":["Pummel","Clothesline","True Grit"],"picked":"SKIP","floor":1.0},{"not_picked":["Cleave","Feel No Pain","Uppercut"],"picked":"SKIP","floor":3.0},{"not_picked":["Flex","Anger"],"picked":"Flame Barrier","floor":4.0},{"not_picked":["Second Wind","Shockwave","Dropkick"],"picked":"SKIP","floor":10.0},{"not_picked":["Sword Boomerang","Clothesline"],"picked":"Entrench","floor":11},{"not_picked":["Headbutt","Evolve"],"picked":"Inflame","floor":12},{"not_picked":["Flex","Dropkick"],"picked":"Limit Break","floor":13},{"not_picked":["Dropkick","True Grit"],"picked":"Iron Wave","floor":14}],"player_experience":218726,"relics_obtained":[{"floor":9.0,"key":"Bottled Lightning"},{"floor":10.0,"key":"Bag of Marbles"},{"floor":13,"key":"Meat on the Bone"}],"event_choices":[{"event_name":"The Cleric","player_choice":"Healed","floor":5.0,"damage_taken":0.0},{"event_name":"Accursed Blacksmith","player_choice":"Forge","floor":7.0,"damage_taken":0.0}],"is_beta":false,"boss_relics":[],"items_purged_floors":[],"is_endless":false,"potions_floor_spawned":[1,4,11,12,14],"killed_by":"Hexaghost","ascension_level":0}