{"gold_per_floor":[111,124,49,49,49,81,81,113,113,140,40,55,74,74,74,200,200,216,216,216,229,254,254,298,322,397,431,449,324,347,382,382,505,505,528,378,378,401,426,426,441,441,441,441,480,499,499,518,518,518,518,518,37,73,73],"floor_reached":56,"playtime":19479,"items_purged":["Defend_R","Strike_R","Clumsy","Strike_R+1","Normality"],"score":1382,"play_id":"5a026f80-6b0f-4508-98f5-883d03618887","local_time":"20190704150957","is_ascension_mode":true,"campfire_choices":[{"floor":15.0,"key":"REST"},{"data":"Rampage","floor":23.0,"key":"SMITH"},{"floor":32.0,"key":"REST"},{"floor":40,"key":"RECALL"},{"data":"Double Tap","floor":42,"key":"SMITH"},{"data":"Uppercut","floor":47,"key":"SMITH"},{"floor":49,"key":"REST"},{"data":"Evolve","floor":52,"key":"SMITH"}],"neow_cost":"NONE","seed_source_timestamp":0,"circlet_count":0,"master_deck":["Strike_R+1","Strike_R+1","Defend_R+1","Defend_R+1","Defend_R+1","Bash","Rampage+1","Immolate","Second Wind","Infernal Blade","Ghostly Armor","Anger+1","Double Tap+1","Demon Form","Burning Pact+1","Blood for Blood","Disarm","Headbutt","Shrug It Off+1","Uppercut+1","Power Through","Brutality","Evolve+1","Thinking Ahead","Pain","Iron Wave+1","Intimidate+1","Heavy Blade+1","Dropkick","Brutality"],"special_seed":0,"relics":["Burning Blood","Torii","Blood Vial","Centennial Puzzle","Mummified Hand","Golden Idol","Cursed Key","Happy Flower","Question Card","Champion Belt","Regal Pillow","Philosopher\u0027s Stone","Strawberry","Letter Opener","Pear","Mango","Bottled Flame"],"potions_floor_usage":[50,55],"damage_taken":[{"damage":0.0,"enemies":"2 Louse","floor":1.0,"turns":3.0},{"damage":0.0,"enemies":"Small Slimes","floor":2.0,"turns":4.0},{"damage":28.0,"enemies":"Gremlin Nob","floor":6.0,"turns":4.0},{"damage":28.0,"enemies":"Lagavulin","floor":8.0,"turns":5.0},{"damage":14.0,"enemies":"Gremlin Nob","floor":10.0,"turns":3.0},{"damage":1.0,"enemies":"Jaw Worm","floor":12.0,"turns":2.0},{"damage":1.0,"enemies":"Looter","floor":13.0,"turns":2.0},{"damage":0.0,"enemies":"Slime Boss","floor":16.0,"turns":3.0},{"damage":22.0,"enemies":"Chosen","floor":18.0,"turns":5.0},{"damage":25.0,"enemies":"Shell Parasite","floor":21.0,"turns":5.0},{"damage":9.0,"enemies":"Cultist and Chosen","floor":22.0,"turns":5.0},{"damage":30.0,"enemies":"Book of Stabbing","floor":24.0,"turns":6.0},{"damage":10.0,"enemies":"Snecko","floor":25.0,"turns":5.0},{"damage":39.0,"enemies":"Slavers","floor":27.0,"turns":4.0},{"damage":8.0,"enemies":"Shelled Parasite and Fungi","floor":28.0,"turns":2.0},{"damage":1.0,"enemies":"Cultist and Chosen","floor":30.0,"turns":3.0},{"damage":31.0,"enemies":"Gremlin Leader","floor":31.0,"turns":6.0},{"damage":50.0,"enemies":"Collector","floor":33.0,"turns":11.0},{"damage":9,"enemies":"Orb Walker","floor":35,"turns":3},{"damage":32,"enemies":"3 Darklings","floor":39,"turns":3},{"damage":12,"enemies":"Writhing Mass","floor":41,"turns":7},{"damage":5,"enemies":"Nemesis","floor":45,"turns":5},{"damage":12,"enemies":"Maw","floor":46,"turns":6},{"damage":27,"enemies":"Sphere and 2 Shapes","floor":48,"turns":4},{"damage":74,"enemies":"Time Eater","floor":50,"turns":7},{"damage":68,"enemies":"Shield and Spear","floor":54,"turns":6},{"damage":91,"enemies":"The Heart","floor":55,"turns":7}],"seed_played":"-6517088813196456728","potions_obtained":[{"floor":1.0,"key":"EntropicBrew"},{"floor":8.0,"key":"BloodPotion"},{"floor":10.0,"key":"Energy Potion"},{"floor":13.0,"key":"PowerPotion"},{"floor":21.0,"key":"Strength Potion"},{"floor":24.0,"key":"Strength Potion"},{"floor":27.0,"key":"Fire Potion"},{"floor":28.0,"key":"FairyPotion"},{"floor":33.0,"key":"Energy Potion"},{"floor":35,"key":"AttackPotion"},{"floor":39,"key":"FearPotion"},{"floor":48,"key":"BloodPotion"}],"is_trial":false,"path_per_floor":["M","M","$","?","?","E","?","E","T","E","$","M","M","?","R","B",null,"M","?","?","M","M","R","E","M","T","E","M","$","M","E","R","B",null,"M","$","?","T","M","R","M","R","T","?","E","M","R","M","R","B",null,"R","$","E","B",null],"character_chosen":"IRONCLAD","items_purchased":["Mango"],"campfire_rested":3,"item_purchase_floors":[53],"current_hp_per_floor":[88,88,88,93,93,71,71,51,51,45,45,52,59,36,63,71,93,77,77,77,60,59,59,37,58,58,27,27,27,34,11,53,11,93,90,90,90,97,73,73,69,69,69,69,82,78,78,59,107,41,110,110,124,62,10],"gold":73,"neow_bonus":"TEN_PERCENT_HP_BONUS","is_prod":false,"is_daily":false,"chose_seed":false,"campfire_upgraded":4,"win_rate":0,"timestamp":1562270997,"path_taken":["M","M","$","?","?","E","?","E","T","E","$","M","M","?","R","BOSS","M","?","?","M","M","R","E","M","T","E","M","$","M","E","R","BOSS","M","?","?","?","M","R","M","R","T","?","E","M","R","M","R","BOSS","R","$","E","BOSS"],"build_version":"2019-07-01","purchased_purges":5,"victory":true,"max_hp_per_floor":[88,88,88,93,93,93,93,93,93,93,93,93,93,93,93,93,93,93,93,93,93,93,93,93,93,93,93,93,93,93,93,93,93,93,93,93,93,100,100,100,100,100,100,100,110,110,110,110,110,110,110,110,124,124,124],"card_choices":[{"not_picked":["Wild Strike","Cleave"],"picked":"Rampage","floor":1.0},{"not_picked":["Searing Blow","Burning Pact","Cleave"],"picked":"SKIP","floor":2.0},{"not_picked":["Sword Boomerang","Rampage"],"picked":"Second Wind","floor":6.0},{"not_picked":["Iron Wave","Rupture"],"picked":"Infernal Blade","floor":8.0},{"not_picked":["Intimidate","Cleave"],"picked":"Ghostly Armor","floor":10.0},{"not_picked":["Searing Blow","Pommel Strike"],"picked":"Anger","floor":12.0},{"not_picked":["Flex","Thunderclap"],"picked":"Double Tap","floor":13.0},{"not_picked":["Limit Break","Bludgeon"],"picked":"Demon Form","floor":16.0},{"not_picked":["Perfected Strike+1","Clothesline"],"picked":"Burning Pact+1","floor":18.0},{"not_picked":["Burning Pact","Body Slam"],"picked":"Disarm","floor":21.0},{"not_picked":["Ghostly Armor","Searing Blow","Iron Wave"],"picked":"SKIP","floor":22.0},{"not_picked":["Anger","Reckless Charge"],"picked":"Headbutt","floor":24.0},{"not_picked":["True Grit","Flex","Uppercut+1"],"picked":"SKIP","floor":25.0},{"not_picked":["Immolate","Sword Boomerang","Clash+1","Feed"],"picked":"SKIP","floor":27.0},{"not_picked":["Fire Breathing","Thunderclap","Anger"],"picked":"Shrug It Off+1","floor":28.0},{"not_picked":["Perfected Strike","Anger+1","Sword Boomerang"],"picked":"Uppercut","floor":30.0},{"not_picked":["Clash+1","Body Slam","Corruption"],"picked":"Power Through","floor":31.0},{"not_picked":["Bludgeon","Impervious","Offering"],"picked":"Brutality","floor":33.0},{"not_picked":["Blood for Blood+1","Cleave+1","Heavy Blade"],"picked":"Evolve","floor":35},{"not_picked":["Swift Strike","Magnetism","Bandage Up"],"picked":"Thinking Ahead","floor":37},{"not_picked":["Combust","Perfected Strike","Spot Weakness+1"],"picked":"Iron Wave+1","floor":39},{"not_picked":["Reckless Charge+1","Entrench","Burning Pact+1","Wild Strike+1"],"picked":"SKIP","floor":41},{"not_picked":["Warcry","Cleave","Spot Weakness"],"picked":"Intimidate+1","floor":45},{"not_picked":["Iron Wave","Thunderclap+1","Flex"],"picked":"Heavy Blade+1","floor":46},{"not_picked":["Clothesline+1","Corruption","Pommel Strike"],"picked":"Dropkick","floor":48},{"not_picked":["Armaments+1","Cleave+1","Heavy Blade"],"picked":"Brutality","floor":54}],"player_experience":227128,"relics_obtained":[{"floor":6.0,"key":"Torii"},{"floor":8.0,"key":"Centennial Puzzle"},{"floor":10.0,"key":"Mummified Hand"},{"floor":24.0,"key":"Happy Flower"},{"floor":26.0,"key":"Question Card"},{"floor":27.0,"key":"Champion Belt"},{"floor":31.0,"key":"Regal Pillow"},{"floor":38,"key":"Strawberry"},{"floor":43,"key":"Letter Opener"},{"floor":45,"key":"Pear"},{"floor":54,"key":"Bottled Flame"}],"event_choices":[{"damage_healed":0.0,"max_hp_gain":5.0,"max_hp_loss":0.0,"gold_gain":0.0,"event_name":"Big Fish","player_choice":"Donut","floor":4.0,"gold_loss":0.0,"damage_taken":0.0},{"damage_healed":0.0,"max_hp_gain":0.0,"max_hp_loss":0.0,"gold_gain":0.0,"cards_transformed":["Strike_R"],"event_name":"Living Wall","player_choice":"Change","floor":5.0,"gold_loss":0.0,"damage_taken":0.0,"cards_obtained":["Immolate"]},{"damage_healed":0.0,"max_hp_gain":0.0,"max_hp_loss":0.0,"gold_gain":0.0,"event_name":"Dead Adventurer","player_choice":"Searched \u00272\u0027 times","floor":7.0,"gold_loss":0.0,"damage_taken":0.0,"relics_obtained":["Blood Vial"]},{"damage_healed":0.0,"max_hp_gain":0.0,"max_hp_loss":0.0,"gold_gain":0.0,"event_name":"Golden Idol","player_choice":"Take Damage","floor":14.0,"gold_loss":0.0,"damage_taken":23.0,"relics_obtained":["Golden Idol"]},{"damage_healed":0.0,"max_hp_gain":0.0,"max_hp_loss":0.0,"gold_gain":0.0,"event_name":"Back to Basics","player_choice":"Simplicity","floor":19.0,"gold_loss":0.0,"damage_taken":0.0,"cards_upgraded":["Strike_R","Strike_R","Strike_R","Defend_R","Defend_R","Defend_R"]},{"damage_healed":0.0,"max_hp_gain":0.0,"max_hp_loss":0.0,"gold_gain":0.0,"event_name":"Match and Keep!","player_choice":"1 cards matched","floor":20.0,"gold_loss":0.0,"damage_taken":0.0,"cards_obtained":["Blood for Blood"]},{"damage_healed":0,"gold_gain":0,"player_choice":"Memory 1","damage_taken":0,"max_hp_gain":0,"max_hp_loss":0,"event_name":"SensoryStone","floor":37,"gold_loss":0},{"damage_healed":0,"gold_gain":0,"player_choice":"Forge","damage_taken":0,"max_hp_gain":0,"max_hp_loss":0,"event_name":"Accursed Blacksmith","floor":44,"gold_loss":0,"cards_upgraded":["Anger"]}],"is_beta":false,"boss_relics":[{"not_picked":["Empty Cage","Sozu"],"picked":"Cursed Key"},{"not_picked":["White Beast Statue","Eternal Feather"],"picked":"Philosopher\u0027s Stone"}],"items_purged_floors":[3,11,29,36,53],"is_endless":false,"potions_floor_spawned":[1,8,10,13,21,24,27,28,33,35,39,46,48],"ascension_level":1}