{"gold_per_floor":[114,114,8,23,23,23,52,52,52,68,68,68,143,161,161,258,258,269,1,15,34,54,54,80,96,96,107,107,107,7,25,25,122,122,133,145,145,162,162,162,162,162,162,178,193,193,206,222,222,222],"floor_reached":50,"playtime":2364,"items_purged":["Strike_B","Strike_B"],"score":466,"play_id":"cfe9697b-0c18-407e-98c3-01482207ced7","local_time":"20190716085919","is_ascension_mode":false,"campfire_choices":[{"data":"Go for the Eyes","floor":6.0,"key":"SMITH"},{"data":"Beam Cell","floor":8.0,"key":"SMITH"},{"data":"Self Repair","floor":11.0,"key":"SMITH"},{"data":"Seek","floor":15.0,"key":"SMITH"},{"data":"Zap","floor":23.0,"key":"SMITH"},{"data":"Reboot","floor":28,"key":"SMITH"},{"data":"FTL","floor":32,"key":"SMITH"},{"data":"Echo Form","floor":40,"key":"SMITH"},{"data":"Coolheaded","floor":42,"key":"SMITH"},{"data":"Hologram","floor":49,"key":"SMITH"}],"neow_cost":"NONE","seed_source_timestamp":159795844111200,"circlet_count":0,"master_deck":["Defend_B","Defend_B","Defend_B+1","Defend_B+1","Zap+1","Dualcast","Self Repair+1","Beam Cell+1","FTL+1","Go for the Eyes+1","Seek+1","Coolheaded+1","Beam Cell","Reboot+1","Cold Snap","Stack","Steam","Gash+1","Coolheaded+1","Coolheaded+1","Rebound","Hologram+1","Go for the Eyes+1","Gash"],"special_seed":0,"relics":["Cracked Core","Darkstone Periapt","Mercury Hourglass","Centennial Puzzle","Philosopher\u0027s Stone","Bag of Preparation","Mummified Hand","Bronze Scales","Empty Cage","Orichalcum"],"potions_floor_usage":[25,50,50,50,50,50,50],"damage_taken":[{"damage":0.0,"enemies":"Small Slimes","floor":1.0,"turns":3.0},{"damage":3.0,"enemies":"2 Louse","floor":4.0,"turns":3.0},{"damage":21.0,"enemies":"Lagavulin","floor":7.0,"turns":5.0},{"damage":0.0,"enemies":"Jaw Worm","floor":10.0,"turns":2.0},{"damage":2.0,"enemies":"Gremlin Gang","floor":14.0,"turns":4.0},{"damage":24.0,"enemies":"The Guardian","floor":16.0,"turns":11.0},{"damage":0.0,"enemies":"Chosen","floor":18.0,"turns":4.0},{"damage":4.0,"enemies":"Shell Parasite","floor":20.0,"turns":3.0},{"damage":5.0,"enemies":"Sentry and Sphere","floor":21.0,"turns":6.0},{"damage":0.0,"enemies":"Centurion and Healer","floor":22.0,"turns":5.0},{"damage":4.0,"enemies":"Gremlin Leader","floor":24.0,"turns":5.0},{"damage":0,"enemies":"Snecko","floor":25,"turns":3},{"damage":0,"enemies":"3 Cultists","floor":27,"turns":4},{"damage":3,"enemies":"Snake Plant","floor":31,"turns":3},{"damage":66,"enemies":"Collector","floor":33,"turns":11},{"damage":0,"enemies":"3 Shapes","floor":35,"turns":3},{"damage":0,"enemies":"Orb Walker","floor":36,"turns":2},{"damage":6,"enemies":"Maw","floor":38,"turns":8},{"damage":6,"enemies":"Transient","floor":44,"turns":5},{"damage":3,"enemies":"4 Shapes","floor":45,"turns":4},{"damage":7,"enemies":"Maw","floor":47,"turns":7},{"damage":1,"enemies":"3 Darklings","floor":48,"turns":5},{"damage":110,"enemies":"Time Eater","floor":50,"turns":13}],"seed_played":"-5415937493893395064","potions_obtained":[{"floor":1.0,"key":"Swift Potion"},{"floor":7.0,"key":"FearPotion"},{"floor":10.0,"key":"Ancient Potion"},{"floor":16.0,"key":"EntropicBrew"},{"floor":27,"key":"Ancient Potion"},{"floor":31,"key":"LiquidBronze"},{"floor":35,"key":"EntropicBrew"}],"is_trial":false,"path_per_floor":["M","?","$","M","$","R","E","R","T","M","R","?","?","M","R","B",null,"M","$","M","M","M","R","E","M","T","M","R","?","$","M","R","B",null,"M","M","?","M","$","R","?","R","T","M","M","$","M","M","R","B"],"character_chosen":"DEFECT","items_purchased":["Beam Cell","FTL","Bag of Preparation","Stack"],"campfire_rested":0,"item_purchase_floors":[3,3,19,19],"current_hp_per_floor":[75,57,57,61,61,61,47,47,47,54,54,39,28,36,36,22,75,75,75,75,75,75,75,75,75,75,75,75,75,75,75,75,19,75,75,75,75,75,75,75,85,85,85,85,85,85,85,85,85,0],"gold":222,"neow_bonus":"THREE_CARDS","is_prod":false,"is_daily":false,"chose_seed":false,"campfire_upgraded":10,"win_rate":0,"timestamp":1563256759,"path_taken":["M","?","$","M","$","R","E","R","T","M","R","?","?","M","R","BOSS","M","$","M","M","M","R","E","M","T","M","R","?","$","M","R","BOSS","M","M","?","M","$","R","?","R","T","M","M","$","M","?","R","BOSS"],"build_version":"2019-07-10","purchased_purges":2,"victory":false,"max_hp_per_floor":[75,75,75,75,75,75,75,75,75,75,75,75,75,75,75,75,75,75,75,75,75,75,75,75,75,75,75,75,75,75,75,75,75,75,75,75,75,75,75,75,85,85,85,85,85,85,85,85,85,85],"card_choices":[{"not_picked":["Storm","Turbo"],"picked":"Self Repair","floor":0.0},{"not_picked":["Fusion","Leap","Sweeping Beam"],"picked":"SKIP","floor":1.0},{"not_picked":["Undo","Hologram"],"picked":"Go for the Eyes","floor":4.0},{"not_picked":["Steam","Static Discharge"],"picked":"Seek","floor":7.0},{"not_picked":["Rebound","Redo"],"picked":"Coolheaded","floor":10.0},{"not_picked":["Leap","Tempest"],"picked":"Beam Cell","floor":14.0},{"not_picked":["Fission","Buffer"],"picked":"Reboot","floor":16.0},{"not_picked":["Consume+1","Ball Lightning"],"picked":"Cold Snap","floor":18.0},{"not_picked":["Reprogram","Heatsinks"],"picked":"Sweeping Beam","floor":20.0},{"not_picked":["Streamline","Meteor Strike","Hologram"],"picked":"SKIP","floor":21.0},{"not_picked":["Redo","Cold Snap+1"],"picked":"Steam","floor":22.0},{"not_picked":["Beam Cell","Stack"],"picked":"Gash+1","floor":24.0},{"not_picked":["Compile Driver","Rip and Tear","Sweeping Beam"],"picked":"SKIP","floor":25},{"not_picked":["Ball Lightning","Barrage"],"picked":"Coolheaded+1","floor":27},{"not_picked":["Tempest","Rebound","Fusion"],"picked":"SKIP","floor":31},{"not_picked":["Buffer","Reboot"],"picked":"Echo Form","floor":33},{"not_picked":["Cold Snap","Streamline+1","Lockon"],"picked":"SKIP","floor":35},{"not_picked":["Stack","Sweeping Beam"],"picked":"Coolheaded+1","floor":36},{"not_picked":["Rainbow","Redo+1"],"picked":"Rebound","floor":38},{"not_picked":["White Noise","Blizzard"],"picked":"Hologram","floor":44},{"not_picked":["Force Field+1","Beam Cell"],"picked":"Go for the Eyes+1","floor":45},{"not_picked":["Beam Cell+1","Barrage"],"picked":"Gash","floor":47},{"not_picked":["Hologram","Melter+1","Fusion"],"picked":"SKIP","floor":48}],"player_experience":158362,"relics_obtained":[{"floor":7.0,"key":"Mercury Hourglass"},{"floor":9.0,"key":"Centennial Puzzle"},{"floor":24.0,"key":"Mummified Hand"},{"floor":26,"key":"Bronze Scales"},{"floor":43,"key":"Orichalcum"}],"event_choices":[{"damage_healed":0.0,"max_hp_gain":0.0,"max_hp_loss":0.0,"gold_gain":0.0,"event_name":"Scrap Ooze","player_choice":"Success","floor":2.0,"gold_loss":0.0,"damage_taken":18.0,"relics_obtained":["Darkstone Periapt"]},{"damage_healed":0.0,"max_hp_gain":0.0,"max_hp_loss":0.0,"gold_gain":0.0,"event_name":"Shining Light","player_choice":"Entered Light","floor":12.0,"gold_loss":0.0,"damage_taken":15.0,"cards_upgraded":["Defend_B","Defend_B"]},{"damage_healed":0.0,"max_hp_gain":0.0,"max_hp_loss":0.0,"gold_gain":75.0,"event_name":"World of Goop","player_choice":"Gather Gold","floor":13.0,"gold_loss":0.0,"damage_taken":11.0},{"damage_healed":0,"gold_gain":0,"player_choice":"Ignored","damage_taken":0,"max_hp_gain":0,"max_hp_loss":0,"event_name":"Ghosts","floor":29,"gold_loss":0},{"cards_removed":["Sweeping Beam"],"damage_healed":0,"gold_gain":0,"player_choice":"Removed Attack","damage_taken":0,"max_hp_gain":0,"max_hp_loss":0,"event_name":"Falling","floor":37,"gold_loss":0},{"cards_removed":["Echo Form"],"damage_healed":0,"gold_gain":0,"player_choice":"Offered Rare","damage_taken":0,"max_hp_gain":10,"max_hp_loss":0,"event_name":"Bonfire Elementals","floor":41,"gold_loss":0}],"is_beta":true,"boss_relics":[{"not_picked":["Lizard Tail","Tiny House"],"picked":"Philosopher\u0027s Stone"},{"not_picked":["Snecko Eye","Black Star"],"picked":"Empty Cage"}],"items_purged_floors":[19,30],"is_endless":false,"potions_floor_spawned":[1,7,10,16,18,20,27,31,35,36,38,47],"killed_by":"Time Eater","ascension_level":0}