{"gold_per_floor":[115,15,28,28,28,28,43,61,61,61,76,76,76,76,76,181,181,200,53,69,87,104,104,124,124,149,163,0,0,11,11,11,106,106,123,123,1,18,18,18,30,30,30,50,50,70,70,80,80,80],"floor_reached":51,"playtime":1905,"items_purged":["Strike_G","Strike_G"],"score":641,"play_id":"8daeadd2-2606-4ecf-8310-3433ee93a7b3","local_time":"20181224184138","is_ascension_mode":false,"campfire_choices":[{"data":"A Thousand Cuts","floor":6.0,"key":"SMITH"},{"data":"Accuracy","floor":10.0,"key":"SMITH"},{"data":"Infinite Blades","floor":12.0,"key":"SMITH"},{"data":"Leg Sweep","floor":15.0,"key":"SMITH"},{"data":"Accuracy","floor":23.0,"key":"SMITH"},{"data":"After Image","floor":25.0,"key":"SMITH"},{"data":"Cloak And Dagger","floor":29.0,"key":"SMITH"},{"data":"Well Laid Plans","floor":32.0,"key":"SMITH"},{"data":"Footwork","floor":40,"key":"SMITH"},{"data":"Blade Dance","floor":42,"key":"SMITH"},{"data":"Blade Dance","floor":47,"key":"SMITH"},{"data":"Neutralize","floor":49,"key":"SMITH"}],"neow_cost":"PERCENT_DAMAGE","seed_source_timestamp":336792627598043,"circlet_count":0,"master_deck":["Defend_G","Defend_G","Defend_G","Defend_G","Defend_G","Strike_G","Survivor","Neutralize+1","A Thousand Cuts+1","Cloak And Dagger+1","Accuracy+1","Backflip","Slice","Infinite Blades+1","Leg Sweep+1","After Image+1","Blade Dance+1","Accuracy+1","Prepared+1","Backflip","Well Laid Plans+1","Cloak And Dagger+1","Footwork+1","Finesse","Adrenaline","Accuracy+1","Blade Dance+1","Calculated Gamble+1","Infinite Blades+1"],"special_seed":0,"relics":["Ring of the Snake","Ninja Scroll","Eternal Feather","Bag of Preparation","Busted Crown","Meat on the Bone"],"potions_floor_usage":[38,50,50],"damage_taken":[{"damage":0.0,"enemies":"Small Slimes","floor":1.0,"turns":3.0},{"damage":0.0,"enemies":"Cultist","floor":3.0,"turns":5.0},{"damage":0.0,"enemies":"2 Louse","floor":7.0,"turns":2.0},{"damage":2.0,"enemies":"Blue Slaver","floor":8.0,"turns":4.0},{"damage":0.0,"enemies":"Exordium Thugs","floor":11.0,"turns":5.0},{"damage":34.0,"enemies":"The Guardian","floor":16.0,"turns":10.0},{"damage":4.0,"enemies":"Chosen","floor":18.0,"turns":4.0},{"damage":7.0,"enemies":"2 Thieves","floor":20.0,"turns":3.0},{"damage":5.0,"enemies":"Chosen and Byrds","floor":21.0,"turns":4.0},{"damage":4.0,"enemies":"Snake Plant","floor":22.0,"turns":5.0},{"damage":4.0,"enemies":"Centurion and Healer","floor":24.0,"turns":6.0},{"damage":9.0,"enemies":"Sentry and Sphere","floor":27.0,"turns":4.0},{"damage":1.0,"enemies":"Snecko","floor":30.0,"turns":4.0},{"damage":4.0,"enemies":"Collector","floor":33.0,"turns":9.0},{"damage":1,"enemies":"Orb Walker","floor":35,"turns":3},{"damage":3,"enemies":"3 Darklings","floor":38,"turns":4},{"damage":5,"enemies":"Sphere and 2 Shapes","floor":41,"turns":3},{"damage":31,"enemies":"Writhing Mass","floor":44,"turns":3},{"damage":3,"enemies":"Spire Growth","floor":46,"turns":4},{"damage":0,"enemies":"Maw","floor":48,"turns":6},{"damage":31,"enemies":"Awakened One","floor":50,"turns":9}],"seed_played":"-4705102807275352140","potions_obtained":[{"floor":3.0,"key":"SteroidPotion"},{"floor":7.0,"key":"GhostInAJar"},{"floor":18.0,"key":"SpeedPotion"},{"floor":20.0,"key":"Energy Potion"},{"floor":24.0,"key":"Weak Potion"},{"floor":27.0,"key":"Block Potion"},{"floor":38,"key":"SneckoOil"},{"floor":46,"key":"Swift Potion"}],"is_trial":false,"path_per_floor":["M","$","M","?","$","R","M","M","T","R","M","R","?","?","R","B",null,"M","$","M","M","M","R","M","R","T","M","$","R","M","?","R","B",null,"M","?","$","M","$","R","M","R","T","M","$","M","R","M","R","B",null],"character_chosen":"THE_SILENT","items_purchased":["Accuracy","Backflip","Accuracy","Footwork","Finesse","Blade Dance"],"campfire_rested":0,"item_purchase_floors":[2,2,19,28,28,37],"current_hp_per_floor":[49,49,49,49,49,49,49,47,47,47,47,47,47,40,40,6,70,66,66,59,54,50,62,58,70,70,61,61,70,69,69,70,66,70,69,69,69,66,66,70,65,70,70,39,39,36,51,51,66,47],"gold":80,"neow_bonus":"THREE_RARE_CARDS","is_prod":false,"is_daily":false,"chose_seed":false,"campfire_upgraded":12,"win_rate":0,"timestamp":1545669698,"path_taken":["M","$","M","?","$","R","M","M","T","R","?","R","?","?","R","BOSS","M","$","M","M","M","R","M","R","T","M","$","R","M","?","R","BOSS","M","?","$","M","$","R","M","R","T","M","$","M","R","M","R","BOSS"],"build_version":"2018-12-20","purchased_purges":2,"victory":true,"max_hp_per_floor":[70,70,70,70,70,70,70,70,70,70,70,70,70,70,70,70,70,70,70,70,70,70,70,70,70,70,70,70,70,70,70,70,70,70,70,70,70,70,70,70,70,70,70,70,70,70,70,70,70,70],"card_choices":[{"not_picked":["Venomology","Burst"],"picked":"A Thousand Cuts","floor":0.0},{"not_picked":["Bane","Underhanded Strike"],"picked":"Cloak And Dagger","floor":1.0},{"not_picked":["PiercingWail","Heel Hook"],"picked":"Slice","floor":3.0},{"not_picked":["Sucker Punch","Phantasmal Killer"],"picked":"Infinite Blades","floor":7.0},{"not_picked":["Underhanded Strike","Acrobatics"],"picked":"Leg Sweep","floor":8.0},{"not_picked":["Outmaneuver","Catalyst","All Out Attack"],"picked":"SKIP","floor":11.0},{"not_picked":["Unload","Burst"],"picked":"After Image","floor":16.0},{"not_picked":["Eviscerate","Poisoned Stab"],"picked":"Blade Dance","floor":18.0},{"not_picked":["Distraction+1","Dash","Underhanded Strike"],"picked":"SKIP","floor":20.0},{"not_picked":["Tactician","Finisher"],"picked":"Prepared+1","floor":21.0},{"not_picked":["Underhanded Strike","Quick Slash"],"picked":"Backflip","floor":22.0},{"not_picked":["Backstab","Poisoned Stab"],"picked":"Well Laid Plans","floor":24.0},{"not_picked":["PiercingWail","Flying Knee"],"picked":"Cloak And Dagger","floor":27.0},{"not_picked":["Poisoned Stab","Catalyst","Sucker Punch"],"picked":"SKIP","floor":30.0},{"not_picked":["Die Die Die","Venomology"],"picked":"Adrenaline","floor":33.0},{"not_picked":[],"picked":"Accuracy+1","floor":35},{"not_picked":[],"picked":"Calculated Gamble+1","floor":38},{"not_picked":["Flying Knee+1"],"picked":"SKIP","floor":41},{"not_picked":["Poisoned Stab+1"],"picked":"SKIP","floor":44},{"not_picked":[],"picked":"Infinite Blades+1","floor":46},{"not_picked":["Skewer+1"],"picked":"SKIP","floor":48}],"player_experience":524078,"relics_obtained":[{"floor":9.0,"key":"Ninja Scroll"},{"floor":26.0,"key":"Bag of Preparation"},{"floor":43,"key":"Meat on the Bone"}],"event_choices":[{"cards_removed":["Strike_G"],"damage_healed":0.0,"max_hp_gain":0.0,"max_hp_loss":0.0,"gold_gain":0.0,"event_name":"Bonfire Elementals","player_choice":"Offered Basic","floor":4.0,"gold_loss":0.0,"damage_taken":0.0},{"damage_healed":0.0,"max_hp_gain":0.0,"max_hp_loss":0.0,"gold_gain":0.0,"event_name":"Living Wall","player_choice":"Grow","floor":13.0,"gold_loss":0.0,"damage_taken":0.0,"cards_upgraded":["Cloak And Dagger"]},{"cards_removed":["Strike_G"],"damage_healed":0.0,"max_hp_gain":0.0,"max_hp_loss":0.0,"gold_gain":0.0,"event_name":"Golden Wing","player_choice":"Card Removal","floor":14.0,"gold_loss":0.0,"damage_taken":7.0},{"damage_healed":0.0,"max_hp_gain":0.0,"max_hp_loss":0.0,"gold_gain":0.0,"event_name":"Vampires","player_choice":"Ignored","floor":31.0,"gold_loss":0.0,"damage_taken":0.0},{"damage_healed":0,"gold_gain":0,"player_choice":"Ignored","damage_taken":0,"max_hp_gain":0,"max_hp_loss":0,"event_name":"Tomb of Lord Red Mask","floor":36,"gold_loss":0}],"is_beta":false,"boss_relics":[{"not_picked":["Tiny House","Pandora\u0027s Box"],"picked":"Eternal Feather"},{"not_picked":["Empty Cage","Ring of the Serpent"],"picked":"Busted Crown"}],"items_purged_floors":[19,37],"is_endless":false,"potions_floor_spawned":[3,7,18,20,24,27,38,46,48],"ascension_level":0}