{"gold_per_floor":[218,218,69,82,7,41,41,73,98,132,132,143,153,170,170,272,272,287,305,322,114,24,24,24,24,48,60,71,88,88],"floor_reached":30,"playtime":911,"items_purged":["Reprogram","Strike_B"],"score":277,"play_id":"91076585-16c1-4e06-9740-82c3c47b0b71","local_time":"20181010054312","is_ascension_mode":true,"campfire_choices":[{"data":"Defragment","floor":7.0,"key":"SMITH"},{"data":"Zap","floor":15,"key":"SMITH"},{"data":"Loop","floor":23,"key":"SMITH"},{"data":"Static Discharge","floor":25,"key":"SMITH"}],"neow_cost":"NONE","seed_source_timestamp":180338273377771,"circlet_count":0,"master_deck":["Strike_B","Defend_B","Defend_B","Defend_B","Defend_B","Zap+1","Dualcast","Conserve Battery","Defragment+1","Auto Shields+1","Conserve Battery","Electrodynamics","Leap","Self Repair","Steam","Skim+1","Static Discharge+1","Loop+1","Storm","BootSequence","Defragment"],"special_seed":0,"relics":["Cracked Core","Bronze Scales","The Courier","Strawberry","Orichalcum","Eternal Feather","Oddly Smooth Stone"],"potions_floor_usage":[10,28,30],"damage_taken":[{"damage":2.0,"enemies":"Jaw Worm","floor":1.0,"turns":3.0},{"damage":0.0,"enemies":"Cultist","floor":4.0,"turns":4.0},{"damage":16.0,"enemies":"Lagavulin","floor":6.0,"turns":9.0},{"damage":20.0,"enemies":"3 Sentries","floor":8.0,"turns":7.0},{"damage":19,"enemies":"Gremlin Nob","floor":10,"turns":4},{"damage":0,"enemies":"2 Louse","floor":12,"turns":2},{"damage":2,"enemies":"Large Slime","floor":13,"turns":4},{"damage":0,"enemies":"Exordium Thugs","floor":14,"turns":4},{"damage":14,"enemies":"The Guardian","floor":16,"turns":10},{"damage":11,"enemies":"Spheric Guardian","floor":18,"turns":5},{"damage":13,"enemies":"Chosen","floor":19,"turns":6},{"damage":25,"enemies":"Snake Plant","floor":20,"turns":4},{"damage":25,"enemies":"Centurion and Healer","floor":27,"turns":4},{"damage":4,"enemies":"3 Cultists","floor":28,"turns":3},{"damage":24,"enemies":"Sentry and Sphere","floor":29,"turns":4},{"damage":17,"enemies":"Book of Stabbing","floor":30,"turns":5}],"seed_played":"-5070978509728113534","potions_obtained":[{"floor":1.0,"key":"Strength Potion"},{"floor":10,"key":"FocusPotion"},{"floor":13,"key":"FearPotion"},{"floor":14,"key":"LiquidBronze"},{"floor":18,"key":"FocusPotion"},{"floor":28,"key":"Swift Potion"}],"is_trial":false,"path_per_floor":["M","?","$","M","$","E","R","E","T","E","?","M","M","M","R","B",null,"M","M","M","$","?","R","?","R","T","M","M","M"],"character_chosen":"DEFECT","items_purchased":["Defragment","Auto Shields","Static Discharge","Loop"],"campfire_rested":0,"item_purchase_floors":[3,3,21,21],"current_hp_per_floor":[73,73,73,73,73,57,57,37,44,25,25,25,30,37,37,30,82,78,72,54,54,54,63,47,56,56,31,34,17,0],"gold":88,"neow_bonus":"HUNDRED_GOLD","is_prod":false,"is_daily":false,"chose_seed":false,"campfire_upgraded":4,"win_rate":0,"timestamp":1539139392,"path_taken":["M","?","$","M","$","E","R","E","T","E","?","M","M","M","R","BOSS","M","M","M","$","?","R","?","R","T","M","M","M","E"],"build_version":"2018-10-04v2","purchased_purges":2,"victory":false,"max_hp_per_floor":[75,75,75,75,75,75,75,75,82,82,82,82,82,82,82,82,82,82,82,82,82,82,82,87,87,87,87,87,87,87],"card_choices":[{"not_picked":["Consume","Streamline"],"picked":"Conserve Battery","floor":1.0},{"not_picked":["Redo","Undo"],"picked":"Conserve Battery","floor":4.0},{"not_picked":["Consume","Rip and Tear","Darkness"],"picked":"SKIP","floor":6.0},{"not_picked":["Leap","Undo"],"picked":"Electrodynamics","floor":8.0},{"not_picked":["Sweeping Beam","Steam Power"],"picked":"Leap","floor":10},{"not_picked":["Double Energy","Compile Driver"],"picked":"Self Repair","floor":12},{"not_picked":["Melter","Hologram"],"picked":"Steam","floor":13},{"not_picked":["Streamline","Rip and Tear","Stack"],"picked":"SKIP","floor":14},{"not_picked":["Auto Shields","Compile Driver","Sweeping Beam"],"picked":"SKIP","floor":18},{"not_picked":["Gash","Hologram"],"picked":"Skim+1","floor":19},{"not_picked":["Coolheaded","Turbo","Go for the Eyes+1"],"picked":"SKIP","floor":20},{"not_picked":["White Noise","Gash+1"],"picked":"Storm","floor":27},{"not_picked":["Melter","Conserve Battery"],"picked":"BootSequence","floor":28},{"not_picked":["Leap","Capacitor"],"picked":"Defragment","floor":29}],"player_experience":385484,"relics_obtained":[{"floor":6.0,"key":"Bronze Scales"},{"floor":8.0,"key":"The Courier"},{"floor":9.0,"key":"Strawberry"},{"floor":10,"key":"Orichalcum"},{"floor":26,"key":"Oddly Smooth Stone"}],"event_choices":[{"event_name":"Transmorgrifier","player_choice":"Transform","floor":2.0,"damage_taken":0.0},{"event_name":"Golden Wing","player_choice":"Ignored","floor":11,"damage_taken":0},{"event_name":"Designer","player_choice":"Full Service","floor":22,"damage_taken":0},{"event_name":"Forgotten Altar","player_choice":"Shed Blood","floor":24,"damage_taken":0}],"is_beta":false,"boss_relics":[{"not_picked":["Runic Dome","Astrolabe"],"picked":"Eternal Feather"}],"items_purged_floors":[5,21],"is_endless":false,"potions_floor_spawned":[1,10,13,14,18,28,29],"killed_by":"Book of Stabbing","ascension_level":2}