{"gold_per_floor":[115,127,51,62,62,88,88,102,127,127,73,88,163,163,163,163],"floor_reached":16,"playtime":438,"items_purged":[],"score":100,"play_id":"cb9fdbe7-0e9b-42b8-a44e-b34045ec71b9","local_time":"20181112000440","is_ascension_mode":false,"campfire_choices":[{"floor":7.0,"key":"REST"},{"data":"Entrench","floor":10.0,"key":"SMITH"},{"data":"Body Slam","floor":15,"key":"SMITH"}],"neow_cost":"PERCENT_DAMAGE","seed_source_timestamp":309767718267368,"circlet_count":0,"master_deck":["Strike_R","Strike_R","Strike_R","Strike_R","Strike_R","Defend_R","Defend_R","Defend_R","Defend_R","Bash","Barricade","Entrench+1","Body Slam+1","Shrug It Off","Parasite"],"special_seed":0,"relics":["Burning Blood","Art of War","Juzu Bracelet"],"potions_floor_usage":[12],"damage_taken":[{"damage":11.0,"enemies":"2 Louse","floor":1.0,"turns":4.0},{"damage":6.0,"enemies":"Jaw Worm","floor":2.0,"turns":6.0},{"damage":0.0,"enemies":"Small Slimes","floor":4.0,"turns":5.0},{"damage":68.0,"enemies":"Lagavulin","floor":6.0,"turns":13.0},{"damage":13.0,"enemies":"Red Slaver","floor":8.0,"turns":6.0},{"damage":13,"enemies":"Large Slime","floor":12,"turns":9},{"damage":22,"enemies":"Slime Boss","floor":16,"turns":6}],"seed_played":"7688204453256740491","potions_obtained":[{"floor":1.0,"key":"Ancient Potion"},{"floor":8.0,"key":"SteroidPotion"}],"is_trial":false,"path_per_floor":["M","M","$","M","?","E","R","M","T","R","$","M","?","?","R","B"],"character_chosen":"IRONCLAD","items_purchased":["Entrench","Shrug It Off"],"campfire_rested":1,"item_purchase_floors":[3,11],"current_hp_per_floor":[51,51,51,57,80,18,42,35,35,35,35,28,17,37,37,15],"gold":163,"neow_bonus":"THREE_RARE_CARDS","is_prod":false,"is_daily":false,"chose_seed":false,"campfire_upgraded":2,"win_rate":0,"timestamp":1541973880,"path_taken":["M","M","$","M","?","E","R","M","T","R","$","M","?","?","R","BOSS"],"build_version":"2018-11-08","purchased_purges":0,"victory":false,"max_hp_per_floor":[80,80,80,80,80,80,80,80,80,80,80,80,80,80,80,80],"card_choices":[{"not_picked":["Dark Embrace","Immolate"],"picked":"Barricade","floor":0.0},{"not_picked":["Rage","Havoc","Blood for Blood"],"picked":"SKIP","floor":1.0},{"not_picked":["Fire Breathing","Spot Weakness","Wild Strike"],"picked":"SKIP","floor":2.0},{"not_picked":["Iron Wave","Wild Strike","Feel No Pain"],"picked":"SKIP","floor":4.0},{"not_picked":["Thunderclap","Anger","Perfected Strike"],"picked":"SKIP","floor":6.0},{"not_picked":["Pommel Strike","Perfected Strike"],"picked":"Body Slam","floor":8.0},{"not_picked":["Reaper","Clash","Cleave"],"picked":"SKIP","floor":12}],"player_experience":456437,"relics_obtained":[{"floor":6.0,"key":"Art of War"},{"floor":9.0,"key":"Juzu Bracelet"}],"event_choices":[{"damage_healed":26.0,"max_hp_gain":0.0,"max_hp_loss":0.0,"gold_gain":0.0,"event_name":"Big Fish","player_choice":"Banana","floor":5.0,"gold_loss":0.0,"damage_taken":0.0},{"damage_healed":0,"gold_gain":75,"player_choice":"Gather Gold","damage_taken":11,"max_hp_gain":0,"max_hp_loss":0,"event_name":"World of Goop","floor":13,"gold_loss":0},{"damage_healed":20,"gold_gain":0,"player_choice":"Healed and dodged fight","damage_taken":0,"max_hp_gain":0,"max_hp_loss":0,"event_name":"Mushrooms","floor":14,"gold_loss":0,"cards_obtained":["Parasite"]}],"is_beta":false,"boss_relics":[],"items_purged_floors":[],"is_endless":false,"potions_floor_spawned":[1,8],"killed_by":"Slime Boss","ascension_level":0}