{"path_per_floor":["M","?","M","$","?","R","E","M","T","R","M","R","$","M","R","B",null,"M","?","M","M","$"],"character_chosen":"IRONCLAD","items_purchased":["Finesse"],"gold_per_floor":[114,189,201,126,126,126,155,174,255,255,265,265,72,88,88,183,183,193,193,211,227,102],"floor_reached":23,"campfire_rested":0,"playtime":1108,"current_hp_per_floor":[72,61,69,69,69,69,42,50,50,50,63,63,63,64,64,13,72,62,62,60,56,56],"items_purged":["Strike_R","Strike_R","Uppercut"],"gold":102,"play_id":"aa36d238-7576-437d-896f-5ab7794aa3c0","is_prod":false,"is_daily":false,"is_ascension_mode":true,"campfire_upgraded":4,"path_taken":["M","?","?","$","?","R","E","?","T","R","M","R","$","M","R","BOSS","M","?","M","M","$","E"],"build_version":"2018-01-30-BETA2","purchased_purges":3,"victory":false,"master_deck":["Strike_R","Strike_R","Defend_R","Defend_R","Bash+1","Armaments+1","Finesse+1","Offering","Whirlwind+1","Uppercut+1","Searing Blow+1"],"max_hp_per_floor":[72,72,72,72,72,72,72,72,72,72,72,72,72,72,72,72,72,72,72,72,72,72],"relics":["Burning Blood","Magic Flower","Bottled Flame","Gremlin Horn","Astrolabe"],"card_choices":[{"not_picked":["Pommel Strike","True Grit"],"picked":"Armaments"},{"not_picked":["Infernal Blade","Anger"],"picked":"Uppercut"},{"not_picked":["Limit Break","Feed"],"picked":"Offering"}],"player_experience":172107,"potions_floor_usage":[11,16,20,23],"damage_taken":[{"damage":2,"enemies":"Jaw Worm","floor":1,"turns":3},{"damage":1,"enemies":"2 Louse","floor":3,"turns":3},{"damage":36,"enemies":"Gremlin Nob","floor":7,"turns":5},{"damage":1,"enemies":"Cultist","floor":8,"turns":3},{"damage":21,"enemies":"Red Slaver","floor":11,"turns":6},{"damage":8,"enemies":"Looter","floor":14,"turns":3},{"damage":60,"enemies":"Hexaghost","floor":16,"turns":11},{"damage":19,"enemies":"Chosen","floor":18,"turns":3},{"damage":11,"enemies":"Spheric Guardian","floor":20,"turns":3},{"damage":13,"enemies":"Snake Plant","floor":21,"turns":3},{"damage":60,"enemies":"Book of Stabbing","floor":23,"turns":4}],"event_choices":[{"event_name":"World of Goop","player_choice":"Gather Gold","floor":2,"damage_taken":0},{"event_name":"The Lab","player_choice":"Got Potions","floor":5,"damage_taken":0},{"event_name":"Vampires","player_choice":"Ignored","floor":19,"damage_taken":0}],"boss_relics":[{"not_picked":["Question Card","Runic Dome"],"picked":"Astrolabe"}],"potions_floor_spawned":[3,16,18,21],"seed_played":"5226239616871442353","killed_by":"Book of Stabbing","ascension_level":4,"is_trial":false}