{"path_per_floor":["M","?","?","?","M","R","M","R","T","?","$","R","M","M","R","B",null,"M","?","M","$","M","R","M","R","T","?","$","M","M","M","R","B",null,"M","M","M","?","M","R","$","M","T","R","M","M","?","?","R","B"],"character_chosen":"THE_SILENT","items_purchased":["Deflect","Master of Strategy","Blur","Escape Plan","Oddly Smooth Stone"],"gold_per_floor":[16,16,16,16,30,30,40,40,40,40,16,16,30,54,54,174,174,198,198,216,41,59,59,72,72,72,72,31,50,71,84,84,215,215,238,251,266,266,280,280,13,31,31,31,46,71,71,71,71,71],"floor_reached":51,"campfire_rested":2,"playtime":5286,"current_hp_per_floor":[70,70,52,52,50,50,50,50,50,33,33,33,28,28,28,25,70,48,32,25,25,22,22,4,25,25,25,25,25,25,16,37,2,70,70,59,59,49,46,56,56,56,63,73,55,55,55,55,65,21],"items_purged":["Strike_G"],"gold":71,"play_id":"3390b917-6686-46ae-a46d-124a441e04ee","is_prod":false,"is_daily":false,"is_ascension_mode":false,"campfire_upgraded":8,"path_taken":["M","?","?","?","M","R","M","R","T","?","$","R","?","M","R","BOSS","M","?","?","$","M","R","M","R","T","?","$","M","M","M","R","BOSS","M","M","M","?","M","R","$","?","T","R","M","M","?","?","R","BOSS"],"build_version":"2018-01-25-BETA1","purchased_purges":1,"victory":true,"master_deck":["Defend_G","Defend_G","Defend_G","Defend_G","Strike_G","Strike_G","Survivor","Neutralize+1","Adrenaline","Caltrops","Bullet Time+1","Acrobatics+1","Calculated Gamble+1","Deflect","A Thousand Cuts+1","Prepared+1","Unload","Acrobatics+1","Master of Strategy","Blur","Backflip","After Image+1","Madness","Madness","Escape Plan","Choke+1"],"max_hp_per_floor":[70,70,70,70,70,70,70,70,70,70,70,70,70,70,70,70,70,70,70,70,70,70,70,70,70,70,70,70,70,70,70,70,70,70,70,70,70,70,70,70,70,70,77,77,77,77,77,77,77,77],"relics":["Ring of the Snake","Matryoshka","Pen Nib","Tingsha","Golden Idol","Lizard Tail","Enchiridion","Anchor","Bronze Scales","Eternal Feather","Oddly Smooth Stone","Strawberry"],"card_choices":[{"not_picked":["Glass Knife","Corpse Explosion"],"picked":"Adrenaline"},{"not_picked":["Quick Slash","Endless Agony"],"picked":"Caltrops"},{"not_picked":["Bane","Poisoned Stab"],"picked":"Acrobatics"},{"not_picked":["Dagger Spray","Outmaneuver"],"picked":"Calculated Gamble"},{"not_picked":["Sucker Punch","Dash"],"picked":"A Thousand Cuts"},{"not_picked":["Flying Knee","Outmaneuver"],"picked":"Prepared"},{"not_picked":["Burst","Phantasmal Killer"],"picked":"Unload"},{"not_picked":["Blade Dance","Deadly Poison"],"picked":"Acrobatics"},{"not_picked":["Deadly Poison","Bane"],"picked":"Backflip"},{"not_picked":["Glass Knife","Night Terror"],"picked":"After Image"},{"not_picked":["Noxious Fumes","Heel Hook"],"picked":"Choke"}],"player_experience":13790,"potions_floor_usage":[16,18,29,33,33,35,37,50],"damage_taken":[{"damage":0.0,"enemies":"2 Louse","floor":1.0,"turns":3.0},{"damage":2,"enemies":"Blue Slaver","floor":5,"turns":5},{"damage":0,"enemies":"Cultist","floor":7,"turns":3},{"damage":5,"enemies":"Large Slime","floor":13,"turns":7},{"damage":0,"enemies":"2 Fungi Beasts","floor":14,"turns":4},{"damage":3,"enemies":"Hexaghost","floor":16,"turns":9},{"damage":22,"enemies":"2 Thieves","floor":18,"turns":5},{"damage":7,"enemies":"Chosen","floor":20,"turns":3},{"damage":3,"enemies":"Snecko","floor":22,"turns":5},{"damage":18,"enemies":"Chosen and Byrds","floor":24,"turns":5},{"damage":0,"enemies":"Centurion and Healer","floor":29,"turns":5},{"damage":0,"enemies":"Snecko","floor":30,"turns":3},{"damage":9,"enemies":"3 Cultists","floor":31,"turns":4},{"damage":50,"enemies":"Champ","floor":33,"turns":14},{"damage":0,"enemies":"Flame Bruiser 1 Orb","floor":35,"turns":7},{"damage":11,"enemies":"3 Darklings","floor":36,"turns":4},{"damage":0,"enemies":"Maw","floor":37,"turns":9},{"damage":3,"enemies":"Sphere and 2 Shapes","floor":39,"turns":5},{"damage":0,"enemies":"3 Darklings","floor":42,"turns":5},{"damage":18,"enemies":"Maw","floor":45,"turns":7},{"damage":0,"enemies":"Flame Bruiser 2 Orb","floor":46,"turns":3},{"damage":44,"enemies":"Donu and Deca","floor":50,"turns":11}],"event_choices":[{"event_name":"Bonfire Elementals","player_choice":"BASIC","floor":2.0,"damage_taken":0.0},{"event_name":"Scrap Ooze","player_choice":"success","floor":3.0,"damage_taken":18.0},{"event_name":"Transmorgrifier","player_choice":"Transform","floor":4.0,"damage_taken":0.0},{"event_name":"Golden Idol","player_choice":"Take Damage","floor":10,"damage_taken":0},{"event_name":"Cursed Tome","player_choice":"Obtained Book","floor":19,"damage_taken":0},{"event_name":"Back to Basics","player_choice":"Elegance","floor":27,"damage_taken":0},{"event_name":"Winding Halls","player_choice":"Embrace Madness","floor":38,"damage_taken":0},{"event_name":"The Moai Head","player_choice":"Ignored","floor":47,"damage_taken":0},{"event_name":"Mysterious Sphere","player_choice":"Ignore","floor":48,"damage_taken":0}],"boss_relics":[{"not_picked":["Snecko Eye","Runic Dome"],"picked":"Lizard Tail"},{"not_picked":["Calling Bell","Velvet Choker"],"picked":"Eternal Feather"}],"potions_floor_spawned":[7,13,20,24,31,33,35,42],"seed_played":"-2371636724731029100","ascension_level":0,"is_trial":false}