{"gold_per_floor":[113,113,213,229,246,246,275,275,275,125,150,173,188,204,204,302,302,320,340,116,132,57,57,73,101,156,181,231,242,242,270,270,366,366,385,398,446,446,459,459,494,494,494,159,159,159,11,11,11,11],"floor_reached":51,"playtime":16743,"items_purged":["Regret","Strike_G","Strike_G","Strike_G+1"],"score":854,"play_id":"21d37cfb-44b9-4fc0-a2d9-11d5458439e5","local_time":"20190724210735","is_ascension_mode":true,"campfire_choices":[{"floor":6.0,"key":"REST"},{"floor":15.0,"key":"REST"},{"floor":23.0,"key":"REST"},{"floor":30.0,"key":"REST"},{"data":"Footwork","floor":32.0,"key":"SMITH"},{"floor":40.0,"key":"REST"},{"floor":42,"key":"REST"},{"floor":49,"key":"REST"}],"neow_cost":"NONE","seed_source_timestamp":27735942659175,"circlet_count":0,"master_deck":["Strike_G+1","Defend_G+1","Defend_G+1","Defend_G+1","Defend_G+1","Defend_G+1","Survivor+1","Accuracy+1","Predator+1","Sucker Punch+1","Footwork+1","Dagger Spray+1","Backflip+1","Tools of the Trade+1","PiercingWail+1","Corpse Explosion+1","Noxious Fumes+1","Deadly Poison+1","Well Laid Plans+1","Predator+1","Deadly Poison+1","Blade Dance+1","A Thousand Cuts+1","Underhanded Strike+1","Tactician+1","PiercingWail+1","Madness+1","Madness+1","Prepared+1","Deadly Poison+1","Apotheosis+1","Footwork+1","Deadly Poison+1"],"special_seed":0,"relics":["Ring of the Snake","Toxic Egg 2","Dead Branch","Vajra","Oddly Smooth Stone","Odd Mushroom","Busted Crown","Tingsha","Potion Belt","Ancient Tea Set","Regal Pillow","Philosopher\u0027s Stone","WingedGreaves","Smiling Mask","Mercury Hourglass","Mark of the Bloom"],"potions_floor_usage":[50,50],"damage_taken":[{"damage":4.0,"enemies":"Small Slimes","floor":1.0,"turns":4.0},{"damage":3.0,"enemies":"Jaw Worm","floor":4.0,"turns":4.0},{"damage":6.0,"enemies":"Cultist","floor":5.0,"turns":3.0},{"damage":27.0,"enemies":"Lagavulin","floor":7.0,"turns":9.0},{"damage":22.0,"enemies":"3 Sentries","floor":11.0,"turns":6.0},{"damage":8.0,"enemies":"The Mushroom Lair","floor":12.0,"turns":3.0},{"damage":0.0,"enemies":"Exordium Wildlife","floor":13.0,"turns":5.0},{"damage":2.0,"enemies":"Looter","floor":14.0,"turns":4.0},{"damage":16.0,"enemies":"The Guardian","floor":16.0,"turns":15.0},{"damage":4.0,"enemies":"2 Thieves","floor":18.0,"turns":3.0},{"damage":9.0,"enemies":"Spheric Guardian","floor":19.0,"turns":6.0},{"damage":8.0,"enemies":"Cultist and Chosen","floor":21.0,"turns":7.0},{"damage":4.0,"enemies":"Sentry and Sphere","floor":24.0,"turns":3.0},{"damage":15.0,"enemies":"Book of Stabbing","floor":25.0,"turns":6.0},{"damage":12.0,"enemies":"Slavers","floor":27.0,"turns":4.0},{"damage":0.0,"enemies":"3 Cultists","floor":29.0,"turns":2.0},{"damage":6.0,"enemies":"Book of Stabbing","floor":31.0,"turns":4.0},{"damage":7.0,"enemies":"Champ","floor":33.0,"turns":10.0},{"damage":2.0,"enemies":"3 Shapes","floor":35.0,"turns":4.0},{"damage":11.0,"enemies":"3 Darklings","floor":36.0,"turns":3.0},{"damage":22.0,"enemies":"2 Orb Walkers","floor":37.0,"turns":3.0},{"damage":1.0,"enemies":"4 Shapes","floor":39.0,"turns":5.0},{"damage":26,"enemies":"Reptomancer","floor":41,"turns":4},{"damage":32,"enemies":"Awakened One","floor":50,"turns":8}],"seed_played":"2133934613685125050","potions_obtained":[{"floor":1.0,"key":"Swift Potion"},{"floor":4.0,"key":"Dexterity Potion"},{"floor":11.0,"key":"Weak Potion"},{"floor":12.0,"key":"EssenceOfSteel"},{"floor":16.0,"key":"SteroidPotion"},{"floor":21.0,"key":"Weak Potion"},{"floor":27.0,"key":"EssenceOfSteel"},{"floor":29.0,"key":"SpeedPotion"},{"floor":31.0,"key":"SteroidPotion"},{"floor":35.0,"key":"SmokeBomb"},{"floor":48,"key":"Poison Potion"}],"is_trial":false,"path_per_floor":["M","?","?","M","M","R","E","?","T","$","E","?","M","M","R","B",null,"M","M","$","M","?","R","M","E","T","E","?","M","R","E","R","B",null,"M","M","?","?","M","R","E","R","T","$","?","?","$","?","R","B",null],"character_chosen":"THE_SILENT","items_purchased":["Footwork","Noxious Fumes","Deadly Poison+1","Apotheosis+1","Footwork","Deadly Poison+1","SpeedPotion","SpeedPotion"],"campfire_rested":7,"item_purchase_floors":[10,20,20,44,44,44,47,47],"current_hp_per_floor":[73,58,58,55,49,72,45,45,45,45,23,15,15,13,36,20,77,73,64,64,56,56,77,73,58,58,46,46,46,69,63,63,56,77,75,64,42,32,31,69,43,77,77,77,77,77,77,77,77,45],"gold":11,"neow_bonus":"TEN_PERCENT_HP_BONUS","is_prod":false,"is_daily":false,"chose_seed":false,"campfire_upgraded":1,"win_rate":0,"timestamp":1564020455,"path_taken":["M","?","?","M","?","R","E","?","T","$","E","?","?","M","R","BOSS","M","M","$","M","?","R","M","E","T","E","?","M","R","E","R","BOSS","M","M","?","?","M","R","E","R","T","$","?","?","$","?","R","BOSS"],"build_version":"2019-07-17","purchased_purges":4,"victory":true,"max_hp_per_floor":[77,77,77,77,77,77,77,77,77,77,77,77,77,77,77,77,77,77,77,77,77,77,77,77,77,77,77,77,77,77,77,77,77,77,77,77,77,77,77,77,77,77,77,77,77,77,77,77,77,77],"card_choices":[{"not_picked":["Expertise","Calculated Gamble"],"picked":"Accuracy","floor":1.0},{"not_picked":["Heel Hook","Quick Slash"],"picked":"Predator","floor":4.0},{"not_picked":["Tactician","Concentrate","Deadly Poison"],"picked":"SKIP","floor":5.0},{"not_picked":["Riddle With Holes","Catalyst"],"picked":"Sucker Punch","floor":7.0},{"not_picked":["Predator","Expertise+1"],"picked":"Dagger Spray","floor":11.0},{"not_picked":["Sucker Punch","Poisoned Stab"],"picked":"Backflip+1","floor":12.0},{"not_picked":["Choke","Deadly Poison+1"],"picked":"Tools of the Trade","floor":13.0},{"not_picked":["Deflect+1","Outmaneuver+1"],"picked":"PiercingWail+1","floor":14.0},{"not_picked":["Unload","Night Terror+1"],"picked":"Corpse Explosion+1","floor":16.0},{"not_picked":["Sucker Punch"],"picked":"SKIP","floor":18.0},{"not_picked":["Bane"],"picked":"SKIP","floor":19.0},{"not_picked":[],"picked":"Well Laid Plans+1","floor":21.0},{"not_picked":[],"picked":"Predator+1","floor":24.0},{"not_picked":[],"picked":"Deadly Poison+1","floor":25.0},{"not_picked":["Flechettes+1"],"picked":"SKIP","floor":27.0},{"not_picked":[],"picked":"Blade Dance+1","floor":29.0},{"not_picked":["Acrobatics+1"],"picked":"SKIP","floor":31.0},{"not_picked":[],"picked":"A Thousand Cuts","floor":33.0},{"not_picked":[],"picked":"Underhanded Strike","floor":35.0},{"not_picked":[],"picked":"Tactician+1","floor":36.0},{"not_picked":[],"picked":"PiercingWail+1","floor":37.0},{"not_picked":[],"picked":"Prepared+1","floor":39.0},{"not_picked":[],"picked":"Deadly Poison+1","floor":41}],"player_experience":596187,"relics_obtained":[{"floor":7.0,"key":"Toxic Egg 2"},{"floor":9.0,"key":"Vajra"},{"floor":11.0,"key":"Oddly Smooth Stone"},{"floor":12.0,"key":"Odd Mushroom"},{"floor":25.0,"key":"Tingsha"},{"floor":26.0,"key":"Potion Belt"},{"floor":27.0,"key":"Ancient Tea Set"},{"floor":31.0,"key":"Regal Pillow"},{"floor":37.0,"key":"WingedGreaves"},{"floor":41,"key":"Smiling Mask"},{"floor":43,"key":"Mercury Hourglass"}],"event_choices":[{"damage_healed":0.0,"max_hp_gain":0.0,"max_hp_loss":0.0,"gold_gain":0.0,"event_name":"Shining Light","player_choice":"Entered Light","floor":2.0,"gold_loss":0.0,"damage_taken":15.0,"cards_upgraded":["Strike_G","Accuracy"]},{"damage_healed":0.0,"max_hp_gain":0.0,"max_hp_loss":0.0,"gold_gain":100.0,"event_name":"Golden Shrine","player_choice":"Pray","floor":3.0,"gold_loss":0.0,"damage_taken":0.0},{"damage_healed":0.0,"max_hp_gain":0.0,"max_hp_loss":0.0,"gold_gain":0.0,"event_name":"Big Fish","player_choice":"Box","floor":8.0,"gold_loss":0.0,"damage_taken":0.0,"relics_obtained":["Dead Branch"],"cards_obtained":["Regret"]},{"damage_healed":0.0,"max_hp_gain":0.0,"max_hp_loss":0.0,"gold_gain":0.0,"event_name":"Mushrooms","player_choice":"Fought Mushrooms","floor":12.0,"gold_loss":0.0,"damage_taken":0.0},{"cards_removed":["Strike_G"],"damage_healed":0.0,"max_hp_gain":0.0,"max_hp_loss":0.0,"gold_gain":0.0,"event_name":"Beggar","player_choice":"Gave Gold","floor":22.0,"gold_loss":75.0,"damage_taken":0.0},{"damage_healed":0.0,"max_hp_gain":0.0,"max_hp_loss":0.0,"gold_gain":100.0,"event_name":"The Joust","player_choice":"Bet on Murderer","floor":28.0,"gold_loss":50.0,"damage_taken":0.0},{"damage_healed":0.0,"max_hp_gain":0.0,"max_hp_loss":0.0,"gold_gain":0.0,"event_name":"Mysterious Sphere","player_choice":"Fight","floor":37.0,"gold_loss":0.0,"damage_taken":0.0},{"damage_healed":0.0,"max_hp_gain":0.0,"max_hp_loss":0.0,"gold_gain":0.0,"event_name":"Winding Halls","player_choice":"Embrace Madness","floor":38.0,"gold_loss":0.0,"damage_taken":10.0,"cards_obtained":["Madness","Madness"]},{"cards_removed":["Neutralize"],"damage_healed":0,"gold_gain":0,"player_choice":"Removed Attack","damage_taken":0,"max_hp_gain":0,"max_hp_loss":0,"event_name":"Falling","floor":45,"gold_loss":0},{"damage_healed":0,"gold_gain":0,"player_choice":"Upgrade","damage_taken":0,"relics_obtained":["Mark of the Bloom"],"max_hp_gain":0,"max_hp_loss":0,"event_name":"MindBloom","floor":46,"gold_loss":0,"cards_upgraded":["Strike_G","Defend_G","Defend_G","Defend_G","Defend_G","Defend_G","Survivor","Predator","Sucker Punch","Dagger Spray","Tools of the Trade","Noxious Fumes","A Thousand Cuts","Underhanded Strike","Footwork"]},{"damage_healed":0,"gold_gain":0,"player_choice":"Got Potions","damage_taken":0,"max_hp_gain":0,"max_hp_loss":0,"event_name":"Lab","floor":48,"gold_loss":0}],"is_beta":false,"boss_relics":[{"not_picked":["Calling Bell","Velvet Choker"],"picked":"Busted Crown"},{"not_picked":["Runic Dome","Orrery"],"picked":"Philosopher\u0027s Stone"}],"items_purged_floors":[10,20,44,47],"is_endless":false,"potions_floor_spawned":[1,4,11,12,16,21,27,29,31,35],"ascension_level":4}