{"gold_per_floor":[109,109,124,138,9,9,9,22,46,59,73,86,86,100,100,198,198,218,235,252,11,25,25,54,54,54,54,70,82,82,99,99,99],"floor_reached":33,"playtime":945,"items_purged":[],"score":265,"play_id":"8ee8f2b4-f77b-469a-bed4-836f1cbc8a6c","local_time":"20190123001747","is_ascension_mode":false,"campfire_choices":[{"data":"Inflame","floor":6.0,"key":"SMITH"},{"data":"Evolve","floor":13.0,"key":"SMITH"},{"data":"Armaments","floor":15.0,"key":"SMITH"},{"data":"Sword Boomerang","floor":23,"key":"SMITH"},{"floor":25,"key":"REST"},{"data":"Bash","floor":27,"key":"SMITH"},{"floor":32,"key":"REST"}],"neow_cost":"NONE","seed_source_timestamp":268968390958648,"circlet_count":0,"master_deck":["Strike_R","Strike_R","Strike_R","Strike_R","Strike_R","Defend_R","Defend_R","Defend_R","Defend_R","Bash+1","Shrug It Off","Inflame+1","Sword Boomerang+1","Evolve+1","Armaments+1"],"special_seed":0,"relics":["Burning Blood","Anchor","Mark of Pain","Paper Frog","Vajra"],"potions_floor_usage":[16,18,24,24,29],"damage_taken":[{"damage":1.0,"enemies":"Cultist","floor":1.0,"turns":3.0},{"damage":9.0,"enemies":"Jaw Worm","floor":3.0,"turns":4.0},{"damage":0.0,"enemies":"2 Louse","floor":4.0,"turns":4.0},{"damage":7.0,"enemies":"Blue Slaver","floor":8.0,"turns":3.0},{"damage":1.0,"enemies":"Exordium Wildlife","floor":10.0,"turns":3.0},{"damage":2.0,"enemies":"3 Louse","floor":11.0,"turns":4.0},{"damage":22.0,"enemies":"Lots of Slimes","floor":12.0,"turns":4.0},{"damage":0.0,"enemies":"Large Slime","floor":14.0,"turns":4.0},{"damage":7,"enemies":"The Guardian","floor":16,"turns":7},{"damage":0,"enemies":"Chosen","floor":18,"turns":4},{"damage":18,"enemies":"2 Thieves","floor":19,"turns":4},{"damage":15,"enemies":"Centurion and Healer","floor":20,"turns":6},{"damage":20,"enemies":"Snecko","floor":22,"turns":4},{"damage":40,"enemies":"Slavers","floor":24,"turns":7},{"damage":21,"enemies":"Snake Plant","floor":28,"turns":3},{"damage":23,"enemies":"Shelled Parasite and Fungi","floor":29,"turns":5},{"damage":18,"enemies":"3 Cultists","floor":31,"turns":6},{"damage":40,"enemies":"Champ","floor":33,"turns":6}],"seed_played":"4211931703576885226","potions_obtained":[{"floor":8.0,"key":"PowerPotion"},{"floor":11.0,"key":"LiquidBronze"},{"floor":14.0,"key":"EssenceOfSteel"},{"floor":16,"key":"Poison Potion"},{"floor":18,"key":"Fruit Juice"},{"floor":24,"key":"FearPotion"},{"floor":28,"key":"Regen Potion"},{"floor":29,"key":"Ancient Potion"},{"floor":31,"key":"FearPotion"}],"is_trial":false,"path_per_floor":["M","$","M","M","$","R","$","M","T","M","M","M","R","M","R","B",null,"M","M","M","$","M","R","E","R","T","R","M","M","$","M","R","B"],"character_chosen":"IRONCLAD","items_purchased":["Inflame","Sword Boomerang","Paper Frog"],"campfire_rested":2,"item_purchase_floors":[5,5,21],"current_hp_per_floor":[88,88,85,88,88,88,88,87,87,88,88,72,72,78,78,77,88,93,81,72,72,58,58,24,51,51,51,36,33,33,21,48,8],"gold":99,"neow_bonus":"TEN_PERCENT_HP_BONUS","is_prod":false,"is_daily":false,"chose_seed":false,"campfire_upgraded":5,"win_rate":0,"timestamp":1548195467,"path_taken":["M","$","M","M","$","R","$","M","T","?","?","M","R","M","R","BOSS","M","M","M","$","M","R","E","R","T","R","M","M","$","M","R","BOSS"],"build_version":"2019-01-17v2","purchased_purges":0,"victory":false,"max_hp_per_floor":[88,88,88,88,88,88,88,88,88,88,88,88,88,88,88,88,88,93,93,93,93,93,93,93,93,93,93,93,93,93,93,93,93],"card_choices":[{"not_picked":["Iron Wave","Disarm","Clash"],"picked":"SKIP","floor":1.0},{"not_picked":["Seeing Red","Headbutt","Heavy Blade"],"picked":"SKIP","floor":3.0},{"not_picked":["Burning Pact","Infernal Blade"],"picked":"Shrug It Off","floor":4.0},{"not_picked":["Heavy Blade","Warcry","Metallicize"],"picked":"SKIP","floor":8.0},{"not_picked":["Combust","Wild Strike"],"picked":"Evolve","floor":10.0},{"not_picked":["Berserk","Clothesline","Wild Strike"],"picked":"SKIP","floor":11.0},{"not_picked":["Reckless Charge","Cleave","Thunderclap"],"picked":"SKIP","floor":12.0},{"not_picked":["Corruption","Flex"],"picked":"Armaments","floor":14.0},{"not_picked":["Bloodletting","Evolve","Havoc"],"picked":"SKIP","floor":18},{"not_picked":["Clash","Perfected Strike","Ghostly Armor"],"picked":"SKIP","floor":19},{"not_picked":["Juggernaut","Infernal Blade+1","Anger+1"],"picked":"SKIP","floor":20},{"not_picked":["Power Through+1","Sentinel","Reckless Charge"],"picked":"SKIP","floor":22},{"not_picked":["Body Slam+1","Seeing Red+1","Fire Breathing+1"],"picked":"SKIP","floor":24},{"not_picked":["Thunderclap","Clash+1","Pommel Strike"],"picked":"SKIP","floor":28},{"not_picked":["Bludgeon","Havoc+1","Iron Wave"],"picked":"SKIP","floor":29},{"not_picked":["Evolve","Ghostly Armor","Anger+1"],"picked":"SKIP","floor":31}],"player_experience":557352,"relics_obtained":[{"floor":9.0,"key":"Anchor"},{"floor":24,"key":"Vajra"}],"event_choices":[],"is_beta":false,"boss_relics":[{"not_picked":["Runic Cube","Eternal Feather"],"picked":"Mark of Pain"}],"items_purged_floors":[],"is_endless":false,"potions_floor_spawned":[8,11,14,16,18,24,28,29,31],"killed_by":"Champ","ascension_level":0}