{"gold_per_floor":[118,128,128,50,50,50,66,98,98,118,118,138,138,152,152,247,247,257,267,26,43,62,90,90,140,216,233,267,285,285,305,305,401,401,414,424,36,49,49,49,83,83,83,83,8,8,8,27,27,27],"floor_reached":50,"playtime":1674,"items_purged":["Clumsy"],"score":564,"play_id":"8523e086-b709-43e9-a924-d413b28a078b","local_time":"20181214053319","is_ascension_mode":false,"campfire_choices":[{"data":"Whirlwind","floor":6.0,"key":"SMITH"},{"data":"Spot Weakness","floor":13.0,"key":"SMITH"},{"data":"Armaments","floor":15.0,"key":"SMITH"},{"data":"Demon Form","floor":32.0,"key":"SMITH"},{"data":"Apotheosis","floor":40,"key":"SMITH"},{"data":"Limit Break","floor":42,"key":"SMITH"},{"data":"Limit Break","floor":47,"key":"SMITH"},{"data":"Pummel","floor":49,"key":"SMITH"}],"neow_cost":"NONE","seed_source_timestamp":17650259694080,"circlet_count":0,"master_deck":["Strike_R","Strike_R","Strike_R","Strike_R","Defend_R","Defend_R","Defend_R","Defend_R","Bash","Shrug It Off","Whirlwind+1","Spot Weakness+1","Inflame","Shrug It Off","Armaments+1","Demon Form+1","Pummel+1","Limit Break+1","Shrug It Off","Body Slam","Double Tap","Body Slam+1","Shrug It Off","Limit Break+1","Apotheosis+1"],"special_seed":0,"relics":["Burning Blood","Bird Faced Urn","Pear","Odd Mushroom","Sozu","Mummified Hand","Question Card","Bottled Lightning","Potion Belt","Cursed Key","DollysMirror","Boot","Meat on the Bone"],"potions_floor_usage":[33,33,50],"damage_taken":[{"damage":1.0,"enemies":"2 Louse","floor":1.0,"turns":4.0},{"damage":0.0,"enemies":"Small Slimes","floor":2.0,"turns":3.0},{"damage":1.0,"enemies":"Cultist","floor":7.0,"turns":3.0},{"damage":26.0,"enemies":"3 Sentries","floor":8.0,"turns":6.0},{"damage":2.0,"enemies":"Looter","floor":10.0,"turns":4.0},{"damage":5.0,"enemies":"The Mushroom Lair","floor":12.0,"turns":2.0},{"damage":1.0,"enemies":"2 Fungi Beasts","floor":14.0,"turns":2.0},{"damage":27.0,"enemies":"Slime Boss","floor":16.0,"turns":8.0},{"damage":0.0,"enemies":"3 Byrds","floor":18.0,"turns":4.0},{"damage":14.0,"enemies":"Shell Parasite","floor":19.0,"turns":4.0},{"damage":6.0,"enemies":"3 Cultists","floor":21.0,"turns":3.0},{"damage":7.0,"enemies":"Shelled Parasite and Fungi","floor":22.0,"turns":4.0},{"damage":20.0,"enemies":"Book of Stabbing","floor":23.0,"turns":4.0},{"damage":29.0,"enemies":"Snake Plant","floor":27.0,"turns":4.0},{"damage":28.0,"enemies":"Gremlin Leader","floor":28.0,"turns":6.0},{"damage":9.0,"enemies":"Centurion and Healer","floor":29.0,"turns":5.0},{"damage":10.0,"enemies":"Chosen and Byrds","floor":31.0,"turns":3.0},{"damage":54,"enemies":"Automaton","floor":33,"turns":9},{"damage":27,"enemies":"3 Darklings","floor":35,"turns":4},{"damage":2,"enemies":"Orb Walker","floor":36,"turns":2},{"damage":6,"enemies":"3 Darklings","floor":38,"turns":4},{"damage":35,"enemies":"Giant Head","floor":41,"turns":7},{"damage":16,"enemies":"Jaw Worm Horde","floor":46,"turns":3},{"damage":27,"enemies":"Writhing Mass","floor":48,"turns":5},{"damage":72,"enemies":"Time Eater","floor":50,"turns":5}],"seed_played":"6898240305924591249","potions_obtained":[{"floor":2.0,"key":"Regen Potion"},{"floor":7.0,"key":"BloodPotion"},{"floor":16.0,"key":"SkillPotion"}],"is_trial":false,"path_per_floor":["M","M","?","$","?","R","M","E","T","M","$","?","R","M","R","B",null,"M","M","$","M","M","E","$","?","T","M","E","M","?","M","R","B",null,"M","M","$","M","?","R","E","R","T","?","$","M","R","M","R","B"],"character_chosen":"IRONCLAD","items_purchased":["Whirlwind","Mummified Hand","DollysMirror","Apotheosis"],"campfire_rested":0,"item_purchase_floors":[4,20,37,37],"current_hp_per_floor":[88,88,81,81,81,81,86,66,76,80,80,83,83,88,88,69,98,98,92,92,96,97,86,86,86,86,67,49,48,48,46,46,11,98,80,86,86,90,90,90,65,65,65,65,65,59,59,52,52,0],"gold":27,"neow_bonus":"TEN_PERCENT_HP_BONUS","is_prod":false,"is_daily":false,"chose_seed":false,"campfire_upgraded":8,"win_rate":0,"timestamp":1544758399,"path_taken":["M","M","?","$","?","R","?","E","T","M","$","?","R","M","R","BOSS","M","M","$","M","M","E","$","?","T","M","E","?","?","M","R","BOSS","M","M","$","?","?","R","E","R","T","?","$","M","R","M","R","BOSS"],"build_version":"2018-12-13","purchased_purges":1,"victory":false,"max_hp_per_floor":[88,88,88,88,88,88,88,88,98,98,98,98,98,98,98,98,98,98,98,98,98,98,98,98,98,98,98,98,98,98,98,98,98,98,98,98,98,98,93,93,93,93,93,93,93,93,93,93,93,93],"card_choices":[{"not_picked":["Headbutt","Bloodletting"],"picked":"Shrug It Off","floor":1.0},{"not_picked":["Headbutt","Perfected Strike","Anger"],"picked":"SKIP","floor":2.0},{"not_picked":["Heavy Blade","Headbutt","Flex"],"picked":"SKIP","floor":7.0},{"not_picked":["Cleave","Wild Strike"],"picked":"Spot Weakness","floor":8.0},{"not_picked":["Headbutt","Havoc"],"picked":"Inflame","floor":10.0},{"not_picked":["Feel No Pain","Heavy Blade"],"picked":"Shrug It Off","floor":12.0},{"not_picked":["Rage","Heavy Blade"],"picked":"Armaments","floor":14.0},{"not_picked":["Double Tap","Immolate"],"picked":"Demon Form","floor":16.0},{"not_picked":["Combust+1","Wild Strike","Burning Pact"],"picked":"SKIP","floor":18.0},{"not_picked":["Shockwave","Flex+1","Clothesline+1"],"picked":"SKIP","floor":19.0},{"not_picked":["Headbutt+1","Sever Soul","Burning Pact"],"picked":"SKIP","floor":21.0},{"not_picked":["Rupture","Second Wind"],"picked":"Pummel","floor":22.0},{"not_picked":["Anger","Sever Soul+1","Havoc+1"],"picked":"SKIP","floor":23.0},{"not_picked":["Clothesline","Clash","Dual Wield","Perfected Strike"],"picked":"SKIP","floor":27.0},{"not_picked":["Corruption+1","Perfected Strike","True Grit"],"picked":"Limit Break","floor":28.0},{"not_picked":["Wild Strike","True Grit","Iron Wave"],"picked":"Shrug It Off","floor":29.0},{"not_picked":["Searing Blow","Blood for Blood","Clothesline+1"],"picked":"Body Slam","floor":31.0},{"not_picked":["Berserk","Feed","Immolate"],"picked":"Double Tap","floor":33},{"not_picked":["Clothesline","Warcry+1","Headbutt"],"picked":"Body Slam+1","floor":35},{"not_picked":["Inflame+1","Spot Weakness+1","Disarm+1"],"picked":"Shrug It Off","floor":36},{"not_picked":["Pummel","Seeing Red+1","Clash+1","Rampage+1"],"picked":"SKIP","floor":38},{"not_picked":["Whirlwind","Infernal Blade","Havoc+1","Reckless Charge"],"picked":"SKIP","floor":41},{"not_picked":["Wild Strike","Anger+1","Perfected Strike+1","Blood for Blood+1"],"picked":"SKIP","floor":46},{"not_picked":["Perfected Strike","Anger+1","Pommel Strike+1","Double Tap"],"picked":"SKIP","floor":48}],"player_experience":509080,"relics_obtained":[{"floor":8.0,"key":"Bird Faced Urn"},{"floor":9.0,"key":"Pear"},{"floor":12.0,"key":"Odd Mushroom"},{"floor":23.0,"key":"Question Card"},{"floor":26.0,"key":"Bottled Lightning"},{"floor":28.0,"key":"Potion Belt"},{"floor":41,"key":"Boot"},{"floor":43,"key":"Meat on the Bone"}],"event_choices":[{"cards_removed":["Strike_R"],"damage_healed":0.0,"max_hp_gain":0.0,"max_hp_loss":0.0,"gold_gain":0.0,"event_name":"Golden Wing","player_choice":"Card Removal","floor":3.0,"gold_loss":0.0,"damage_taken":7.0},{"damage_healed":0.0,"max_hp_gain":0.0,"max_hp_loss":0.0,"gold_gain":0.0,"event_name":"NoteForYourself","player_choice":"Ignored","floor":5.0,"gold_loss":0.0,"damage_taken":0.0},{"damage_healed":0.0,"max_hp_gain":0.0,"max_hp_loss":0.0,"gold_gain":0.0,"event_name":"Mushrooms","player_choice":"Fought Mushrooms","floor":12.0,"gold_loss":0.0,"damage_taken":0.0},{"damage_healed":0.0,"max_hp_gain":0.0,"max_hp_loss":0.0,"gold_gain":100.0,"event_name":"The Joust","player_choice":"Bet on Murderer","floor":25.0,"gold_loss":50.0,"damage_taken":0.0},{"damage_healed":0.0,"max_hp_gain":0.0,"max_hp_loss":0.0,"gold_gain":0.0,"event_name":"N\u0027loth","player_choice":"Ignored","floor":30.0,"gold_loss":0.0,"damage_taken":0.0},{"damage_healed":0,"gold_gain":0,"player_choice":"Max HP","damage_taken":0,"max_hp_gain":0,"max_hp_loss":5,"event_name":"Winding Halls","floor":39,"gold_loss":0},{"damage_healed":0,"gold_gain":0,"player_choice":"Ignored","damage_taken":0,"max_hp_gain":0,"max_hp_loss":0,"event_name":"Tomb of Lord Red Mask","floor":44,"gold_loss":0}],"is_beta":false,"boss_relics":[{"not_picked":["Empty Cage","Lizard Tail"],"picked":"Sozu"},{"not_picked":["Coffee Dripper","Snecko Eye"],"picked":"Cursed Key"}],"items_purged_floors":[45],"is_endless":false,"potions_floor_spawned":[2,7,16,19,21,29,41,48],"killed_by":"Time Eater","ascension_level":0}