{"gold_per_floor":[117,117,16,36,53,53,71,71,71,105,105,25,55,70,70,171,171,183,5,16,26,26,59,76,76,76,88,99,99,99,60,60,159,159,177,177,177,195,212,246,246,266,266,277,42,42,62,14,14,14],"floor_reached":51,"playtime":3327,"items_purged":["Regret","Strike_G"],"score":1046,"play_id":"f2d8d472-fac3-435f-88e0-1fab44ed4435","local_time":"20190726124219","is_ascension_mode":true,"campfire_choices":[{"data":"Footwork","floor":6,"key":"SMITH"},{"floor":11,"key":"REST"},{"data":"Footwork","floor":15,"key":"SMITH"},{"floor":25,"key":"REST"},{"floor":32,"key":"REST"},{"floor":46,"key":"REST"},{"floor":49,"key":"REST"}],"neow_cost":"NONE","seed_source_timestamp":199392602827925,"circlet_count":0,"master_deck":["AscendersBane","Strike_G+1","Strike_G+1","Strike_G+1","Strike_G+1","Defend_G+1","Defend_G+1","Defend_G+1","Defend_G+1","Defend_G+1","Survivor","Neutralize+1","Dagger Throw","Quick Slash","Footwork+1","Dagger Spray","Footwork+1","After Image+1","Deadly Poison+1","Well Laid Plans","Dodge and Roll","Backflip","Backflip","Noxious Fumes","After Image","PiercingWail","Deadly Poison","Blur","Cloak And Dagger"],"relics":["Ring of the Serpent","Mango","Tough Bandages","Centennial Puzzle","StoneCalendar","Fusion Hammer","Anchor","Nunchaku","Incense Burner","Peace Pipe","Gambling Chip","TwistedFunnel"],"potions_floor_usage":[10,13,27,27,33,33],"damage_taken":[{"damage":0,"enemies":"Small Slimes","floor":1,"turns":5},{"damage":2,"enemies":"Jaw Worm","floor":4,"turns":3},{"damage":5,"enemies":"Cultist","floor":5,"turns":4},{"damage":2,"enemies":"2 Fungi Beasts","floor":7,"turns":4},{"damage":24,"enemies":"3 Sentries","floor":10,"turns":6},{"damage":12,"enemies":"Gremlin Nob","floor":13,"turns":4},{"damage":0,"enemies":"Red Slaver","floor":14,"turns":7},{"damage":17,"enemies":"Slime Boss","floor":16,"turns":9},{"damage":10,"enemies":"Spheric Guardian","floor":18,"turns":7},{"damage":11,"enemies":"3 Byrds","floor":20,"turns":5},{"damage":6,"enemies":"Centurion and Healer","floor":21,"turns":7},{"damage":7,"enemies":"Book of Stabbing","floor":23,"turns":8},{"damage":0,"enemies":"Shelled Parasite and Fungi","floor":24,"turns":7},{"damage":0,"enemies":"3 Cultists","floor":27,"turns":7},{"damage":0,"enemies":"Snake Plant","floor":28,"turns":7},{"damage":4,"enemies":"Collector","floor":33,"turns":9},{"damage":1,"enemies":"Orb Walker","floor":35,"turns":6},{"damage":7,"enemies":"3 Shapes","floor":38,"turns":6},{"damage":20,"enemies":"Transient","floor":39,"turns":5},{"damage":5,"enemies":"Giant Head","floor":40,"turns":13},{"damage":0,"enemies":"Jaw Worm Horde","floor":42,"turns":7},{"damage":0,"enemies":"Writhing Mass","floor":44,"turns":9},{"damage":4,"enemies":"4 Shapes","floor":47,"turns":5},{"damage":30,"enemies":"Time Eater","floor":50,"turns":19}],"seed_played":"3684284053914317565","potions_obtained":[{"floor":1,"key":"Fire Potion"},{"floor":5,"key":"Swift Potion"},{"floor":8,"key":"AttackPotion"},{"floor":20,"key":"Fire Potion"},{"floor":21,"key":"Poison Potion"},{"floor":27,"key":"PowerPotion"},{"floor":28,"key":"SkillPotion"},{"floor":42,"key":"SpeedPotion"},{"floor":44,"key":"Energy Potion"},{"floor":47,"key":"SteroidPotion"}],"is_trial":false,"path_per_floor":["M","?","$","M","M","R","M","?","T","E","R","$","E","M","R","B",null,"M","$","M","M","?","E","M","R","T","M","M","T","?","$","R","B",null,"M","?","?","M","M","E","?","M","T","M","$","R","M","$","R","B",null],"character_chosen":"THE_SILENT","items_purchased":["Quick Slash","Footwork","Well Laid Plans","Noxious Fumes","Blur","TwistedFunnel","Cloak And Dagger"],"campfire_rested":5,"item_purchase_floors":[3,12,19,31,45,45,48],"current_hp_per_floor":[63,77,77,75,70,70,68,68,68,44,69,69,57,57,57,40,73,63,63,52,46,46,39,39,64,64,64,64,64,64,64,84,80,83,82,80,80,73,53,48,48,48,48,48,48,72,68,68,80,50],"gold":14,"neow_bonus":"UPGRADE_CARD","is_prod":false,"is_daily":false,"chose_seed":false,"campfire_upgraded":2,"win_rate":0,"timestamp":1564162939,"path_taken":["M","?","$","M","M","R","M","?","T","E","R","$","E","M","R","BOSS","M","?","M","M","?","E","?","R","T","M","M","?","?","$","R","BOSS","M","?","?","?","M","E","?","M","T","M","$","R","M","?","R","BOSS"],"build_version":"2019-07-17","purchased_purges":2,"victory":true,"max_hp_per_floor":[70,84,84,84,84,84,84,84,84,84,84,84,84,84,84,84,84,84,84,84,84,84,84,84,84,84,84,84,84,84,84,84,84,84,84,80,80,80,80,80,80,80,80,80,80,80,80,80,80,80],"card_choices":[{"not_picked":["Underhanded Strike","Distraction"],"picked":"Dagger Throw","floor":1},{"not_picked":["Reflex","Tactician","Backflip"],"picked":"SKIP","floor":4},{"not_picked":["Heel Hook","Dagger Throw"],"picked":"Footwork","floor":5},{"not_picked":["Quick Slash","Sucker Punch"],"picked":"Dagger Spray","floor":7},{"not_picked":["Bane","Prepared","Finisher"],"picked":"SKIP","floor":10},{"not_picked":["Quick Slash","Reflex"],"picked":"PiercingWail","floor":13},{"not_picked":["Flechettes","Distraction","Outmaneuver"],"picked":"SKIP","floor":14},{"not_picked":["Burst","A Thousand Cuts"],"picked":"After Image","floor":16},{"not_picked":["Well Laid Plans","Flying Knee"],"picked":"Deadly Poison+1","floor":18},{"not_picked":["Bane","Concentrate","Tactician"],"picked":"SKIP","floor":20},{"not_picked":["Dagger Throw","Concentrate"],"picked":"Dodge and Roll","floor":21},{"not_picked":["Phantasmal Killer","Well Laid Plans+1"],"picked":"Backflip","floor":23},{"not_picked":["Outmaneuver","Flying Knee"],"picked":"Backflip","floor":24},{"not_picked":["Well Laid Plans","Quick Slash","Sucker Punch+1"],"picked":"SKIP","floor":27},{"not_picked":["Deflect","Quick Slash","Sucker Punch"],"picked":"SKIP","floor":28},{"not_picked":["Envenom","Unload"],"picked":"After Image","floor":33},{"not_picked":["Flying Knee","Deflect+1"],"picked":"PiercingWail","floor":35},{"not_picked":["Underhanded Strike+1","Eviscerate+1","Prepared+1"],"picked":"SKIP","floor":38},{"not_picked":["Quick Slash","Sucker Punch","Masterful Stab"],"picked":"SKIP","floor":39},{"not_picked":["Well Laid Plans+1","Slice+1","Quick Slash"],"picked":"SKIP","floor":40},{"not_picked":["Underhanded Strike+1","Bane+1","Dagger Throw"],"picked":"SKIP","floor":42},{"not_picked":["Dagger Spray+1","Reflex+1"],"picked":"Deadly Poison","floor":44},{"not_picked":["Flying Knee+1","Skewer","Prepared"],"picked":"SKIP","floor":47}],"player_experience":234474,"relics_obtained":[{"floor":9,"key":"Tough Bandages"},{"floor":10,"key":"Centennial Puzzle"},{"floor":13,"key":"StoneCalendar"},{"floor":23,"key":"Anchor"},{"floor":26,"key":"Nunchaku"},{"floor":29,"key":"Incense Burner"},{"floor":40,"key":"Peace Pipe"},{"floor":43,"key":"Gambling Chip"}],"event_choices":[{"damage_healed":0,"gold_gain":0,"player_choice":"Box","damage_taken":0,"relics_obtained":["Mango"],"max_hp_gain":0,"max_hp_loss":0,"event_name":"Big Fish","floor":2,"gold_loss":0,"cards_obtained":["Regret"]},{"damage_healed":0,"gold_gain":0,"player_choice":"Got Potions","damage_taken":0,"max_hp_gain":0,"max_hp_loss":0,"event_name":"Lab","floor":8,"gold_loss":0},{"damage_healed":0,"gold_gain":0,"player_choice":"Upgraded","damage_taken":0,"max_hp_gain":0,"max_hp_loss":0,"event_name":"Upgrade Shrine","floor":22,"gold_loss":0,"cards_upgraded":["After Image"]},{"damage_healed":0,"gold_gain":0,"player_choice":"Simplicity","damage_taken":0,"max_hp_gain":0,"max_hp_loss":0,"event_name":"Back to Basics","floor":30,"gold_loss":0,"cards_upgraded":["Strike_G","Strike_G","Strike_G","Strike_G","Defend_G","Defend_G","Defend_G","Defend_G","Defend_G"]},{"damage_healed":0,"gold_gain":0,"player_choice":"Max HP","damage_taken":0,"max_hp_gain":0,"max_hp_loss":4,"event_name":"Winding Halls","floor":36,"gold_loss":0},{"cards_removed":["PiercingWail"],"damage_healed":0,"gold_gain":0,"player_choice":"Removed Skill","damage_taken":0,"max_hp_gain":0,"max_hp_loss":0,"event_name":"Falling","floor":37,"gold_loss":0},{"damage_healed":0,"gold_gain":0,"player_choice":"Memory 1","damage_taken":0,"max_hp_gain":0,"max_hp_loss":0,"event_name":"SensoryStone","floor":41,"gold_loss":0}],"is_beta":false,"boss_relics":[{"not_picked":["Coffee Dripper","Empty Cage"],"picked":"Fusion Hammer"},{"not_picked":["Busted Crown","Sozu"],"picked":"Ring of the Serpent"}],"items_purged_floors":[3,19],"is_endless":false,"potions_floor_spawned":[1,5,7,20,21,27,28,42,44,47],"ascension_level":11}