{"gold_per_floor":[118,134,151,163,37,37,64,64,64,78,88,114,114,43,43,138,138,150,8,8,24,39,73,73,73,73,73,172,172,183,183],"floor_reached":31,"playtime":706,"items_purged":["Strike_R"],"score":265,"play_id":"743540d7-cc22-4916-9333-245a99089522","local_time":"20190724171201","is_ascension_mode":false,"campfire_choices":[{"data":"Demon Form","floor":6.0,"key":"SMITH"},{"data":"Heavy Blade","floor":8.0,"key":"SMITH"},{"data":"Heavy Blade","floor":15.0,"key":"SMITH"},{"floor":25,"key":"REST"},{"floor":29,"key":"REST"}],"neow_cost":"TEN_PERCENT_HP_LOSS","seed_source_timestamp":85084664412200,"circlet_count":0,"master_deck":["Strike_R","Strike_R","Strike_R","Strike_R","Defend_R","Defend_R","Defend_R","Defend_R","Bash","Demon Form+1","Twin Strike","Shrug It Off","Heavy Blade+1","Heavy Blade+1","Evolve","Impervious","Reaper","Sword Boomerang","Inflame"],"special_seed":0,"relics":["Burning Blood","Boot","Mercury Hourglass","Cursed Key","Art of War"],"potions_floor_usage":[31,31],"damage_taken":[{"damage":9.0,"enemies":"Jaw Worm","floor":1.0,"turns":6.0},{"damage":6.0,"enemies":"Cultist","floor":2.0,"turns":3.0},{"damage":2.0,"enemies":"2 Louse","floor":3.0,"turns":3.0},{"damage":21.0,"enemies":"Large Slime","floor":4.0,"turns":8.0},{"damage":5.0,"enemies":"Lagavulin","floor":7.0,"turns":5.0},{"damage":7.0,"enemies":"Looter","floor":10.0,"turns":3.0},{"damage":0.0,"enemies":"3 Louse","floor":11.0,"turns":3.0},{"damage":28.0,"enemies":"Gremlin Nob","floor":12.0,"turns":4.0},{"damage":28.0,"enemies":"Hexaghost","floor":16.0,"turns":6.0},{"damage":8.0,"enemies":"3 Byrds","floor":18.0,"turns":4.0},{"damage":18.0,"enemies":"Shell Parasite","floor":21.0,"turns":5.0},{"damage":36.0,"enemies":"Cultist and Chosen","floor":22.0,"turns":6.0},{"damage":39.0,"enemies":"Book of Stabbing","floor":23.0,"turns":5.0},{"damage":21,"enemies":"Snake Plant","floor":30,"turns":4},{"damage":20,"enemies":"Slavers","floor":31,"turns":3}],"seed_played":"-3061137499331139895","potions_obtained":[{"floor":1.0,"key":"Dexterity Potion"},{"floor":4.0,"key":"Block Potion"},{"floor":10.0,"key":"GamblersBrew"},{"floor":22.0,"key":"LiquidBronze"},{"floor":30,"key":"Dexterity Potion"}],"is_trial":false,"path_per_floor":["M","M","M","M","$","R","E","R","T","M","M","E","?","$","R","B",null,"M","$","?","M","M","E","?","R","T","?","?","R","M","E"],"character_chosen":"IRONCLAD","items_purchased":["Shrug It Off","Evolve","Reaper"],"campfire_rested":2,"item_purchase_floors":[5,14,19],"current_hp_per_floor":[69,69,72,57,57,57,58,58,58,57,63,41,41,41,41,19,72,70,70,70,58,35,12,12,33,33,20,20,43,28,8],"gold":183,"neow_bonus":"THREE_RARE_CARDS","is_prod":false,"is_daily":false,"chose_seed":false,"campfire_upgraded":3,"win_rate":0,"timestamp":1563977521,"path_taken":["M","M","M","M","$","R","E","R","T","M","M","E","?","?","R","BOSS","M","$","?","M","M","E","?","R","T","?","?","R","M","E"],"build_version":"2019-07-17","purchased_purges":1,"victory":false,"max_hp_per_floor":[72,72,72,72,72,72,72,72,72,72,72,72,72,72,72,72,72,72,72,72,72,72,72,72,72,72,77,77,77,77,77],"card_choices":[{"not_picked":["Immolate","Berserk"],"picked":"Demon Form","floor":0.0},{"not_picked":["Uppercut","Feel No Pain","Clash"],"picked":"SKIP","floor":1.0},{"not_picked":["Warcry","Infernal Blade","Thunderclap"],"picked":"SKIP","floor":2.0},{"not_picked":["Power Through","Hemokinesis"],"picked":"Twin Strike","floor":3.0},{"not_picked":["Headbutt","Shockwave","Iron Wave"],"picked":"SKIP","floor":4.0},{"not_picked":["Anger","Feed"],"picked":"Heavy Blade","floor":7.0},{"not_picked":["Uppercut","Disarm","Wild Strike"],"picked":"SKIP","floor":10.0},{"not_picked":["Rage","Armaments"],"picked":"Heavy Blade","floor":11.0},{"not_picked":["Bludgeon","Flex","Entrench"],"picked":"SKIP","floor":12.0},{"not_picked":["Bludgeon","Brutality"],"picked":"Impervious","floor":16.0},{"not_picked":["Headbutt","Burning Pact","Hemokinesis"],"picked":"SKIP","floor":18.0},{"not_picked":["Thunderclap","Intimidate"],"picked":"Sword Boomerang","floor":21.0},{"not_picked":["Twin Strike","Feel No Pain","Pommel Strike"],"picked":"SKIP","floor":22.0},{"not_picked":["Flex","Cleave+1","Heavy Blade+1"],"picked":"SKIP","floor":23.0},{"not_picked":["Pommel Strike","Clothesline+1"],"picked":"Inflame","floor":30}],"player_experience":755008,"relics_obtained":[{"floor":7.0,"key":"Boot"},{"floor":12.0,"key":"Mercury Hourglass"},{"floor":23.0,"key":"Art of War"}],"event_choices":[{"damage_healed":0.0,"max_hp_gain":0.0,"max_hp_loss":0.0,"gold_gain":0.0,"event_name":"Transmorgrifier","player_choice":"Ignored","floor":13.0,"gold_loss":0.0,"damage_taken":0.0},{"damage_healed":0.0,"max_hp_gain":0.0,"max_hp_loss":0.0,"gold_gain":0.0,"event_name":"Cursed Tome","player_choice":"Ignored","floor":20.0,"gold_loss":0.0,"damage_taken":0.0},{"damage_healed":0,"gold_gain":0,"player_choice":"Ignored","damage_taken":0,"max_hp_gain":0,"max_hp_loss":0,"event_name":"The Mausoleum","floor":24,"gold_loss":0},{"damage_healed":0,"gold_gain":0,"player_choice":"Shed Blood","damage_taken":18,"max_hp_gain":5,"max_hp_loss":0,"event_name":"Forgotten Altar","floor":27,"gold_loss":0},{"damage_healed":0,"gold_gain":99,"player_choice":"Stole From Cult","damage_taken":0,"max_hp_gain":0,"max_hp_loss":0,"event_name":"Nest","floor":28,"gold_loss":0}],"is_beta":false,"boss_relics":[{"not_picked":["Lizard Tail","Black Blood"],"picked":"Cursed Key"}],"items_purged_floors":[5],"is_endless":false,"potions_floor_spawned":[1,4,10,11,12,16,18,22,30],"killed_by":"Slavers","ascension_level":0}