{"path_per_floor":["M","M","$","M","M","R","E","R","T","R","?","M","$","M","R","B",null,"M","$","M","?","?","E","R","M","T","M","R","?","M","?","R","B",null,"M","$","?","$","T","E","R","M","T","$","R","M","R","M","R","B"],"character_chosen":"THE_SILENT","items_purchased":["Caltrops","Noxious Fumes","Footwork","Prepared","Caltrops","Deep Breath"],"gold_per_floor":[109,125,56,71,86,86,113,113,113,113,78,90,19,30,30,131,131,145,75,92,92,92,117,117,128,128,148,148,148,161,161,161,258,288,307,28,28,28,28,54,54,65,65,15,15,32,32,43,43,43],"floor_reached":51,"campfire_rested":3,"playtime":6882,"current_hp_per_floor":[68,68,68,68,65,65,24,24,24,24,41,40,40,40,40,7,70,59,59,57,57,57,43,43,37,37,21,21,21,27,27,48,54,75,75,75,75,75,75,57,57,42,42,42,64,75,75,50,72,20],"items_purged":["Finisher","Decay"],"gold":43,"play_id":"672bd4dd-199a-44c2-8ac3-7ea46f53fee5","is_prod":false,"is_daily":false,"campfire_rituals":0,"campfire_upgraded":8,"is_hardmode":false,"path_taken":["M","M","$","M","M","R","E","R","T","R","?","M","$","?","R","BOSS","M","?","M","?","?","E","R","M","T","?","R","?","M","?","R","BOSS","M","$","?","$","?","E","R","M","T","?","R","M","R","?","R","BOSS"],"build_version":"2018-01-18-PROD4","purchased_purges":3,"victory":true,"master_deck":["Defend_G","Defend_G","Defend_G","Defend_G","Defend_G","Strike_G","Strike_G","Strike_G","Strike_G","Survivor","Neutralize","Blur","Caltrops","Dagger Throw","Dagger Spray","Noxious Fumes","Caltrops","Tools of the Trade","Footwork","Acrobatics","Venomology","Distraction","Prepared","Caltrops","Deep Breath","Clumsy","Skewer","Clumsy","Calculated Gamble"],"max_hp_per_floor":[70,70,70,70,70,70,70,70,70,70,70,70,70,70,70,70,70,70,70,70,70,70,70,70,70,70,70,70,70,70,70,70,70,75,75,75,75,75,75,75,75,75,75,75,75,75,75,75,75,75],"relics":["Ring of the Snake","Dodecahedron","Bird Faced Urn","Cursed Key","Bag of Marbles","Matryoshka","Smiling Mask","Snake Skull","Tiny House","Vajra","Ancient Tea Set","Toxic Egg","Bronze Scales"],"campfire_meditates":0,"card_choices":[{"not_picked":["Deflect","Deadly Poison"],"picked":"Blur"},{"not_picked":["Deflect","Flechettes"],"picked":"Dagger Throw"},{"not_picked":["Deflect","Quick Slash"],"picked":"Dagger Spray"},{"not_picked":["Poisoned Stab","Flying Knee"],"picked":"Caltrops"},{"not_picked":["Wraith Form","Phantasmal Killer"],"picked":"Tools of the Trade"},{"not_picked":["Dodge and Roll","Masterful Stab"],"picked":"Finisher"},{"not_picked":["Predator","Finisher"],"picked":"Acrobatics"},{"not_picked":["Glass Knife","Phantasmal Killer"],"picked":"Venomology"},{"not_picked":["Backflip","Flying Knee"],"picked":"Distraction"},{"not_picked":["Deflect","Bouncing Flask"],"picked":"Skewer"},{"not_picked":["Sucker Punch","Distraction"],"picked":"Calculated Gamble"}],"player_experience":29631,"potions_floor_usage":[5,7,20,33,33,40,40,46,48,50,50,50,50],"damage_taken":[{"damage":2,"enemies":"Jaw Worm","floor":1,"turns":6},{"damage":0,"enemies":"2 Louse","floor":2,"turns":5},{"damage":0,"enemies":"Blue Slaver","floor":4,"turns":5},{"damage":3,"enemies":"Lots of Slimes","floor":5,"turns":7},{"damage":41,"enemies":"Lagavulin","floor":7,"turns":11},{"damage":3,"enemies":"2 Fungi Beasts","floor":12,"turns":5},{"damage":4,"enemies":"Looter","floor":14,"turns":4},{"damage":39,"enemies":"The Guardian","floor":16,"turns":9},{"damage":13,"enemies":"Shell Parasite","floor":18,"turns":6},{"damage":12,"enemies":"3 Byrds","floor":20,"turns":3},{"damage":22,"enemies":"Book of Stabbing","floor":23,"turns":5},{"damage":16,"enemies":"Sentry and Sphere","floor":25,"turns":6},{"damage":26,"enemies":"Chosen and Byrds","floor":27,"turns":5},{"damage":4,"enemies":"Snecko","floor":30,"turns":6},{"damage":4,"enemies":"Champ","floor":33,"turns":13},{"damage":0,"enemies":"Orb Walker","floor":35,"turns":4},{"damage":18,"enemies":"Giant Head","floor":40,"turns":11},{"damage":25,"enemies":"3 Darklings","floor":42,"turns":5},{"damage":5,"enemies":"Maw","floor":46,"turns":7},{"damage":33,"enemies":"Sphere and 2 Shapes","floor":48,"turns":8},{"damage":74,"enemies":"Donu and Deca","floor":50,"turns":9}],"event_choices":[{"event_name":"The Cleric","player_choice":"Healed","floor":11,"damage_taken":0},{"event_name":"The Mausoleum","player_choice":"Yes","floor":21,"damage_taken":0},{"event_name":"Drug Dealer","player_choice":"Ignored","floor":22,"damage_taken":0},{"event_name":"Back to Basics","player_choice":"Simplicity","floor":29,"damage_taken":0},{"event_name":"Cursed Tome","player_choice":"Ignored","floor":31,"damage_taken":0}],"boss_relics":[{"not_picked":["The Specimen","White Beast Statue"],"picked":"Cursed Key"},{"not_picked":["Snecko Eye","Question Card"],"picked":"Tiny House"}],"potions_floor_spawned":[1,2,5,20,27,30,48],"seed_played":"-5709649360782162594","is_trial":false}