{"path_per_floor":["M","?","M","M","?","R","M","R","T","R","M","?","$","M","R","B",null,"M","M","?","M","M","R","$","R","T","M","M","M","R","$","R"],"character_chosen":"IRONCLAD","items_purchased":["Rampage","Metallicize"],"gold_per_floor":[114,114,138,157,157,157,175,175,175,175,191,191,116,141,141,264,264,288,303,303,319,342,342,161,161,161,186,207,221,221,23,23],"floor_reached":33,"campfire_rested":0,"playtime":2265,"current_hp_per_floor":[76,56,60,61,66,66,70,70,70,70,76,76,76,79,79,56,85,75,70,70,72,72,72,72,72,72,69,59,61,61,61,61],"items_purged":["Strike_R","Strike_R","Strike_R"],"gold":23,"play_id":"aaeaca30-be4d-4819-9bcc-835da03c9ca8","is_prod":false,"is_daily":false,"is_ascension_mode":false,"campfire_upgraded":8,"path_taken":["M","?","?","M","?","R","M","R","T","R","M","?","$","M","R","BOSS","M","M","?","?","M","R","$","R","T","M","M","M","R","$","R","BOSS"],"build_version":"2018-02-02-BETA1","purchased_purges":3,"victory":false,"master_deck":["Defend_R","Defend_R","Defend_R","Defend_R","Bash","Searing Blow+7","Cleave","Armaments+1","Offering","Reaper","Rampage","Shrug It Off+1","Thunderclap","Metallicize"],"max_hp_per_floor":[80,80,80,80,85,85,85,85,85,85,85,85,85,85,85,85,85,85,85,85,85,85,85,85,85,85,85,85,85,85,85,85],"relics":["Burning Blood","Golden Idol","Calipers","White Beast Statue","Frozen Eye"],"card_choices":[{"not_picked":["Heavy Blade","Sentinel"],"picked":"Searing Blow"},{"not_picked":["True Grit","Heavy Blade"],"picked":"Cleave"},{"not_picked":["Flame Barrier","Battle Trance"],"picked":"Armaments"},{"not_picked":["Wild Strike","Perfected Strike"],"picked":"Offering"},{"not_picked":["Demon Form","Impervious"],"picked":"Reaper"},{"not_picked":["Havoc","Pummel"],"picked":"Shrug It Off"},{"not_picked":["Havoc","Power Through"],"picked":"Thunderclap"}],"player_experience":213026,"potions_floor_usage":[7,16,18,19,21,22,22,22,28,33,33,33],"damage_taken":[{"damage":10,"enemies":"Blue Slaver","floor":1,"turns":8},{"damage":2,"enemies":"Small Slimes","floor":3,"turns":3},{"damage":5,"enemies":"2 Louse","floor":4,"turns":2},{"damage":2,"enemies":"Large Slime","floor":7,"turns":8},{"damage":0,"enemies":"2 Fungi Beasts","floor":11,"turns":4},{"damage":3,"enemies":"3 Louse","floor":14,"turns":4},{"damage":29,"enemies":"Hexaghost","floor":16,"turns":7},{"damage":16,"enemies":"Shell Parasite","floor":18,"turns":4},{"damage":17,"enemies":"3 Byrds","floor":19,"turns":6},{"damage":19,"enemies":"3 Cultists","floor":21,"turns":5},{"damage":21,"enemies":"Slaver and Parasite","floor":22,"turns":6},{"damage":9,"enemies":"Centurion and Healer","floor":27,"turns":3},{"damage":20,"enemies":"Snecko","floor":28,"turns":6},{"damage":4,"enemies":"Chosen and Byrds","floor":29,"turns":3},{"damage":101,"enemies":"Collector","floor":33,"turns":7}],"event_choices":[{"event_name":"Golden Idol","player_choice":"Take Damage","floor":2,"damage_taken":0},{"event_name":"Big Fish","player_choice":"Donut","floor":5,"damage_taken":0},{"event_name":"Purifier","player_choice":"One Purge","floor":12,"damage_taken":0},{"event_name":"The Lab","player_choice":"Got Potions","floor":20,"damage_taken":0}],"boss_relics":[{"not_picked":["Runic Cube","Calling Bell"],"picked":"White Beast Statue"}],"potions_floor_spawned":[4,7,14,18,19,21,22,27,28,29],"seed_played":"-8473951966043401006","killed_by":"Collector","ascension_level":0,"is_trial":false}