{"gold_per_floor":[117,292,9,29,41,76,103,103,103,103,120,46,46,46,46,149,149,119,119,119,119],"floor_reached":21,"playtime":444,"items_purged":["Doubt"],"score":175,"play_id":"3e7cf1e0-a7c3-48f8-9cab-f39d415ab8c2","local_time":"20181224172905","is_ascension_mode":false,"campfire_choices":[{"data":"Armaments","floor":8,"key":"SMITH"},{"data":"Evolve","floor":10,"key":"SMITH"},{"floor":15,"key":"REST"}],"neow_cost":"NONE","seed_source_timestamp":333923464046232,"circlet_count":0,"master_deck":["Strike_R","Strike_R","Strike_R","Strike_R","Strike_R","Defend_R","Defend_R+1","Defend_R","Defend_R","Bash","Offering","Evolve+1","Armaments+1","Whirlwind+1","Twin Strike","Metallicize","Limit Break"],"relics":["Burning Blood","ClockworkSouvenir","Orichalcum","Potion Belt","Self Forming Clay","Ectoplasm"],"potions_floor_usage":[16],"damage_taken":[{"damage":2,"enemies":"2 Louse","floor":1,"turns":3},{"damage":8,"enemies":"Jaw Worm","floor":4,"turns":4},{"damage":4,"enemies":"Small Slimes","floor":5,"turns":4},{"damage":56,"enemies":"Lagavulin","floor":6,"turns":11},{"damage":7,"enemies":"2 Fungi Beasts","floor":11,"turns":2},{"damage":35,"enemies":"Slime Boss","floor":16,"turns":8},{"damage":21,"enemies":"2 Thieves","floor":18,"turns":2},{"damage":5,"enemies":"Shell Parasite","floor":21,"turns":3}],"seed_played":"5257811038633728315","potions_obtained":[{"floor":5,"key":"SpeedPotion"},{"floor":16,"key":"Fire Potion"},{"floor":18,"key":"EssenceOfSteel"}],"is_trial":false,"path_per_floor":["M","?","$","M","M","E","T","R","T","R","M","$","?","?","R","B",null,"M","?","$","M"],"character_chosen":"IRONCLAD","items_purchased":["ClockworkSouvenir","Metallicize"],"campfire_rested":1,"item_purchase_floors":[3,12],"current_hp_per_floor":[80,80,80,78,80,30,30,30,30,30,29,29,13,13,37,8,80,65,65,65,60],"gold":119,"neow_bonus":"ONE_RANDOM_RARE_CARD","is_prod":false,"is_daily":false,"chose_seed":false,"campfire_upgraded":2,"win_rate":0,"timestamp":1545665345,"path_taken":["M","?","$","M","M","E","?","R","T","R","M","$","?","?","R","BOSS","M","?","$","M"],"build_version":"2018-12-20","purchased_purges":1,"victory":false,"max_hp_per_floor":[80,80,80,80,80,80,80,80,80,80,80,80,80,80,80,80,80,80,80,80,80],"card_choices":[{"not_picked":["Flex","Thunderclap"],"picked":"Evolve","floor":1},{"not_picked":["Shrug It Off","Heavy Blade"],"picked":"Armaments","floor":4},{"not_picked":["Anger","Rampage"],"picked":"Whirlwind","floor":5},{"not_picked":["Thunderclap","Rupture"],"picked":"Twin Strike","floor":6},{"not_picked":["Fiend Fire","Thunderclap","Warcry"],"picked":"SKIP","floor":11},{"not_picked":["Exhume","Fiend Fire"],"picked":"Limit Break","floor":16},{"not_picked":["Havoc","Iron Wave","Evolve+1"],"picked":"SKIP","floor":18}],"player_experience":521253,"relics_obtained":[{"floor":6,"key":"Orichalcum"},{"floor":7,"key":"Potion Belt"},{"floor":9,"key":"Self Forming Clay"}],"event_choices":[{"damage_healed":0,"gold_gain":175,"player_choice":"AGREE","damage_taken":0,"max_hp_gain":0,"max_hp_loss":0,"event_name":"Liars Game","floor":2,"gold_loss":0,"cards_obtained":["Doubt"]},{"damage_healed":0,"gold_gain":0,"player_choice":"Entered Light","damage_taken":16,"max_hp_gain":0,"max_hp_loss":0,"event_name":"Shining Light","floor":13,"gold_loss":0,"cards_upgraded":["Whirlwind","Defend_R"]},{"damage_healed":0,"gold_gain":0,"player_choice":"Ignored","damage_taken":0,"max_hp_gain":0,"max_hp_loss":0,"event_name":"Golden Wing","floor":14,"gold_loss":0},{"damage_healed":0,"gold_gain":0,"player_choice":"Ignored","damage_taken":0,"max_hp_gain":0,"max_hp_loss":0,"event_name":"Ghosts","floor":19,"gold_loss":0}],"is_beta":false,"boss_relics":[{"not_picked":["Tiny House","White Beast Statue"],"picked":"Ectoplasm"}],"items_purged_floors":[3],"is_endless":false,"potions_floor_spawned":[5,16,18],"killed_by":"Shell Parasite","ascension_level":0}