{"gold_per_floor":[118,193,206,23,37,67,67,14,14,14,29,41,41,67,67,67],"floor_reached":16,"playtime":621,"items_purged":[],"score":135,"play_id":"164bf4b4-b860-48c1-9f83-62c577d5db20","local_time":"20181110111813","is_ascension_mode":false,"campfire_choices":[{"data":"Seek","floor":7,"key":"SMITH"},{"data":"Hologram","floor":10,"key":"SMITH"},{"data":"Redo","floor":13,"key":"SMITH"},{"data":"Zap","floor":15,"key":"SMITH"}],"neow_cost":"NONE","seed_source_timestamp":177228562816160,"circlet_count":0,"master_deck":["Strike_B","Strike_B","Strike_B","Strike_B","Defend_B","Defend_B","Defend_B","Defend_B","Zap+1","Dualcast","Coolheaded","Coolheaded","Skim","Core Surge","Hologram+1","Seek+1","Redo+1","Self Repair","Glacier","FTL"],"special_seed":0,"relics":["Coffee Dripper","Kunai","Ornamental Fan","Meat on the Bone"],"potions_floor_usage":[6],"damage_taken":[{"damage":6,"enemies":"Jaw Worm","floor":1,"turns":3},{"damage":0,"enemies":"2 Louse","floor":3,"turns":3},{"damage":3,"enemies":"Small Slimes","floor":5,"turns":4},{"damage":9,"enemies":"Lagavulin","floor":6,"turns":6},{"damage":0,"enemies":"3 Louse","floor":11,"turns":4},{"damage":2,"enemies":"Exordium Wildlife","floor":12,"turns":6},{"damage":0,"enemies":"3 Sentries","floor":14,"turns":16},{"damage":0,"enemies":"The Guardian","floor":16,"turns":5}],"seed_played":"7482957696207033498","potions_obtained":[{"floor":5,"key":"AttackPotion"},{"floor":12,"key":"EssenceOfSteel"}],"is_trial":false,"path_per_floor":["M","?","M","$","M","E","R","$","T","R","M","M","R","E","R","B"],"character_chosen":"DEFECT","items_purchased":["Skim","Core Surge","Redo"],"campfire_rested":0,"item_purchase_floors":[4,4,8],"current_hp_per_floor":[69,58,58,58,55,46,46,46,46,46,46,51,51,58,58,58],"gold":67,"neow_bonus":"BOSS_RELIC","is_prod":false,"is_daily":false,"chose_seed":false,"campfire_upgraded":4,"win_rate":0,"timestamp":1541841493,"path_taken":["M","?","M","$","M","E","R","$","T","R","M","M","R","E","R","BOSS"],"build_version":"2018-11-08","purchased_purges":0,"victory":false,"max_hp_per_floor":[75,75,75,75,75,75,75,75,75,75,75,75,75,75,75,75],"card_choices":[{"not_picked":["Barrage","Steam"],"picked":"Coolheaded","floor":1},{"not_picked":["Doom and Gloom","Chaos"],"picked":"Coolheaded","floor":3},{"not_picked":["Ball Lightning","Steam"],"picked":"Hologram","floor":5},{"not_picked":["Turbo","Barrage"],"picked":"Seek","floor":6},{"not_picked":["Coolheaded","Auto Shields"],"picked":"Self Repair","floor":11},{"not_picked":["Reinforced Body","Storm"],"picked":"Glacier","floor":12},{"not_picked":["Double Energy","Self Repair"],"picked":"FTL","floor":14}],"player_experience":447866,"relics_obtained":[{"floor":6,"key":"Kunai"},{"floor":9,"key":"Ornamental Fan"},{"floor":14,"key":"Meat on the Bone"}],"event_choices":[{"damage_healed":0,"gold_gain":75,"player_choice":"Gather Gold","damage_taken":11,"max_hp_gain":0,"max_hp_loss":0,"event_name":"World of Goop","floor":2,"gold_loss":0}],"is_beta":false,"boss_relics":[],"items_purged_floors":[],"is_endless":false,"potions_floor_spawned":[5,12],"killed_by":"The Guardian","ascension_level":0}