{"gold_per_floor":[115,134,59,59,76,76,110,125,125,125,125,45,45,64,64,169,169,186,206,224,24,36,36,48,147,198,198,198,74,85,112,112,217,217,232,232,11,11,0,0,26,26,51,51,70,70,81,96,96,96],"floor_reached":51,"playtime":2698,"items_purged":["Strike_G"],"score":770,"play_id":"246d0126-f588-4a9a-b1a7-2676eeb28e1a","local_time":"20190707221120","is_ascension_mode":false,"campfire_choices":[{"data":"Envenom","floor":6.0,"key":"SMITH"},{"data":"Terror","floor":10.0,"key":"SMITH"},{"data":"Well Laid Plans","floor":15.0,"key":"SMITH"},{"data":"After Image","floor":23.0,"key":"SMITH"},{"data":"Cloak And Dagger","floor":32.0,"key":"SMITH"},{"data":"Cloak And Dagger","floor":40.0,"key":"SMITH"},{"data":"Footwork","floor":44.0,"key":"SMITH"},{"data":"Endless Agony","floor":49.0,"key":"SMITH"}],"neow_cost":"NONE","seed_source_timestamp":77721571109500,"circlet_count":0,"master_deck":["Strike_G+1","Strike_G+1","Strike_G+1","Defend_G+1","Defend_G+1","Defend_G+1","Defend_G+1","Defend_G+1","Survivor+1","Neutralize+1","Envenom+1","Endless Agony+1","Blade Dance+1","Terror+1","Neutralize+1","Blade Dance+1","Dagger Spray+1","Backflip+1","Well Laid Plans+1","After Image+1","Deflect+1","Envenom+1","Cloak And Dagger+1","Footwork+1","Noxious Fumes+1","Cloak And Dagger+1","Flash of Steel+1","Endless Agony+1"],"special_seed":0,"relics":["Ring of the Snake","Vajra","Letter Opener","Gremlin Horn","Busted Crown","DollysMirror","PreservedInsect","Ice Cream","Coffee Dripper","Red Mask","Juzu Bracelet","Regal Pillow","Mark of the Bloom"],"potions_floor_usage":[50,50,50],"damage_taken":[{"damage":5.0,"enemies":"Small Slimes","floor":1.0,"turns":4.0},{"damage":0.0,"enemies":"Cultist","floor":2.0,"turns":4.0},{"damage":2.0,"enemies":"2 Louse","floor":5.0,"turns":3.0},{"damage":22.0,"enemies":"3 Sentries","floor":7.0,"turns":9.0},{"damage":0.0,"enemies":"Gremlin Gang","floor":8.0,"turns":3.0},{"damage":2.0,"enemies":"Exordium Wildlife","floor":14.0,"turns":3.0},{"damage":11.0,"enemies":"The Guardian","floor":16.0,"turns":10.0},{"damage":4.0,"enemies":"Spheric Guardian","floor":18.0,"turns":6.0},{"damage":0.0,"enemies":"Shell Parasite","floor":19.0,"turns":3.0},{"damage":0.0,"enemies":"Snecko","floor":20.0,"turns":4.0},{"damage":8.0,"enemies":"Snake Plant","floor":22.0,"turns":4.0},{"damage":0.0,"enemies":"Centurion and Healer","floor":24.0,"turns":7.0},{"damage":10.0,"enemies":"Colosseum Slavers","floor":27.0,"turns":4.0},{"damage":6.0,"enemies":"Shelled Parasite and Fungi","floor":30.0,"turns":5.0},{"damage":0.0,"enemies":"Gremlin Leader","floor":31.0,"turns":4.0},{"damage":4.0,"enemies":"Collector","floor":33.0,"turns":9.0},{"damage":0.0,"enemies":"Orb Walker","floor":35.0,"turns":4.0},{"damage":2.0,"enemies":"Giant Head","floor":41.0,"turns":7.0},{"damage":0.0,"enemies":"3 Shapes","floor":45.0,"turns":2.0},{"damage":0.0,"enemies":"3 Darklings","floor":47.0,"turns":3.0},{"damage":0.0,"enemies":"Sphere and 2 Shapes","floor":48.0,"turns":4.0},{"damage":0,"enemies":"Donu and Deca","floor":50,"turns":8}],"seed_played":"7018245288271505210","potions_obtained":[{"floor":1.0,"key":"PowerPotion"},{"floor":7.0,"key":"Poison Potion"},{"floor":16.0,"key":"Ancient Potion"},{"floor":20.0,"key":"PowerPotion"}],"is_trial":false,"path_per_floor":["M","M","$","?","M","R","E","M","T","R","T","$","?","M","R","B",null,"M","M","M","$","M","R","M","?","T","?","?","$","M","E","R","B",null,"M","?","$","?","?","R","E","$","T","R","M","?","M","M","R","B",null],"character_chosen":"THE_SILENT","items_purchased":["Well Laid Plans","DollysMirror","Cloak And Dagger","Footwork","Noxious Fumes","Cloak And Dagger","Flash of Steel"],"campfire_rested":0,"item_purchase_floors":[12,21,29,29,37,37,37],"current_hp_per_floor":[65,65,65,65,63,63,41,41,41,41,41,41,41,39,39,28,70,66,66,66,66,58,58,58,58,58,48,48,48,42,42,42,38,70,70,70,70,70,70,70,68,68,68,68,68,68,68,68,68,68],"gold":96,"neow_bonus":"ONE_RANDOM_RARE_CARD","is_prod":false,"is_daily":false,"chose_seed":false,"campfire_upgraded":8,"win_rate":0,"timestamp":1562526680,"path_taken":["M","M","$","?","?","R","E","M","T","R","?","$","?","M","R","BOSS","M","M","M","$","?","R","M","?","T","?","?","$","?","E","R","BOSS","M","?","$","?","?","R","E","$","T","R","M","?","M","M","R","BOSS"],"build_version":"2019-07-05","purchased_purges":1,"victory":true,"max_hp_per_floor":[70,70,70,70,70,70,70,70,70,70,70,70,70,70,70,70,70,70,70,70,70,70,70,70,70,70,70,70,70,70,70,70,70,70,70,70,70,70,70,70,70,70,70,70,70,70,70,70,70,70],"card_choices":[{"not_picked":["All Out Attack","Backflip"],"picked":"Endless Agony","floor":1.0},{"not_picked":["PiercingWail","Poisoned Stab"],"picked":"Blade Dance","floor":2.0},{"not_picked":["Underhanded Strike","Sucker Punch"],"picked":"Blade Dance","floor":5.0},{"not_picked":["Die Die Die","Heel Hook"],"picked":"Dagger Spray","floor":7.0},{"not_picked":["Prepared","Bane"],"picked":"Backflip","floor":8.0},{"not_picked":["Flying Knee","Prepared","Caltrops"],"picked":"SKIP","floor":14.0},{"not_picked":["Night Terror","Wraith Form v2"],"picked":"After Image","floor":16.0},{"not_picked":["Deadly Poison"],"picked":"SKIP","floor":18.0},{"not_picked":[],"picked":"Deflect","floor":19.0},{"not_picked":["Prepared"],"picked":"SKIP","floor":20.0},{"not_picked":["Prepared"],"picked":"SKIP","floor":22.0},{"not_picked":["Prepared"],"picked":"SKIP","floor":22.0},{"not_picked":["Dagger Throw"],"picked":"SKIP","floor":24.0},{"not_picked":["Reflex"],"picked":"SKIP","floor":30.0},{"not_picked":["Setup"],"picked":"SKIP","floor":31.0},{"not_picked":["Deflect"],"picked":"SKIP","floor":35.0},{"not_picked":["Grand Finale"],"picked":"SKIP","floor":41.0},{"not_picked":["Slice"],"picked":"SKIP","floor":45.0},{"not_picked":["Poisoned Stab"],"picked":"SKIP","floor":47.0},{"not_picked":[],"picked":"Endless Agony","floor":48.0}],"player_experience":692979,"relics_obtained":[{"floor":7.0,"key":"Vajra"},{"floor":9.0,"key":"Letter Opener"},{"floor":11.0,"key":"Gremlin Horn"},{"floor":26.0,"key":"PreservedInsect"},{"floor":31.0,"key":"Ice Cream"},{"floor":41.0,"key":"Juzu Bracelet"},{"floor":43.0,"key":"Regal Pillow"}],"event_choices":[{"damage_healed":0.0,"max_hp_gain":0.0,"max_hp_loss":0.0,"gold_gain":0.0,"event_name":"Match and Keep!","player_choice":"2 cards matched","floor":4.0,"gold_loss":0.0,"damage_taken":0.0,"cards_obtained":["Terror","Neutralize"]},{"cards_removed":["Strike_G"],"damage_healed":0.0,"max_hp_gain":0.0,"max_hp_loss":0.0,"gold_gain":0.0,"event_name":"Bonfire Elementals","player_choice":"Offered Basic","floor":13.0,"gold_loss":0.0,"damage_taken":0.0},{"damage_healed":0.0,"max_hp_gain":0.0,"max_hp_loss":0.0,"gold_gain":99.0,"event_name":"Nest","player_choice":"Stole From Cult","floor":25.0,"gold_loss":0.0,"damage_taken":0.0},{"damage_healed":0.0,"max_hp_gain":0.0,"max_hp_loss":0.0,"gold_gain":0.0,"event_name":"Colosseum","player_choice":"Fight","floor":27.0,"gold_loss":0.0,"damage_taken":0.0},{"damage_healed":0.0,"max_hp_gain":0.0,"max_hp_loss":0.0,"gold_gain":0.0,"event_name":"Colosseum","player_choice":"Fled From Nobs","floor":27.0,"gold_loss":0.0,"damage_taken":0.0},{"damage_healed":0.0,"max_hp_gain":0.0,"max_hp_loss":0.0,"gold_gain":0.0,"event_name":"Upgrade Shrine","player_choice":"Upgraded","floor":28.0,"gold_loss":0.0,"damage_taken":0.0,"cards_upgraded":["Neutralize"]},{"damage_healed":0.0,"max_hp_gain":0.0,"max_hp_loss":0.0,"gold_gain":0.0,"event_name":"Mysterious Sphere","player_choice":"Ignored","floor":36.0,"gold_loss":0.0,"damage_taken":0.0},{"damage_healed":0.0,"max_hp_gain":0.0,"max_hp_loss":0.0,"gold_gain":0.0,"event_name":"SensoryStone","player_choice":"Memory 1","floor":38.0,"gold_loss":0.0,"damage_taken":0.0},{"damage_healed":0.0,"max_hp_gain":0.0,"max_hp_loss":0.0,"gold_gain":0.0,"event_name":"Tomb of Lord Red Mask","player_choice":"Paid","floor":39.0,"gold_loss":11.0,"damage_taken":0.0,"relics_obtained":["Red Mask"]},{"damage_healed":0.0,"max_hp_gain":0.0,"max_hp_loss":0.0,"gold_gain":0.0,"event_name":"MindBloom","player_choice":"Upgrade","floor":46.0,"gold_loss":0.0,"damage_taken":0.0,"cards_upgraded":["Strike_G","Strike_G","Strike_G","Defend_G","Defend_G","Defend_G","Defend_G","Defend_G","Survivor","Neutralize","Endless Agony","Blade Dance","Blade Dance","Dagger Spray","Backflip","Deflect","Noxious Fumes","Flash of Steel"],"relics_obtained":["Mark of the Bloom"]}],"is_beta":false,"boss_relics":[{"not_picked":["Velvet Choker","Calling Bell"],"picked":"Busted Crown"},{"not_picked":["Empty Cage","Lizard Tail"],"picked":"Coffee Dripper"}],"items_purged_floors":[3],"is_endless":false,"potions_floor_spawned":[1,7,16,19,20,24,31,41,48],"ascension_level":0}