{"gold_per_floor":[110,70,84,159,16,44,44,44,67,67,97,43,43,63,63,162,162,181,381,306,321,337,337,350,360,360,360,360,376,376,77,77,179,179,199,215,90,107,25,44,44,60,60,74,74,99,111,34,34,34,34,34,34,65,65],"floor_reached":55,"playtime":1876,"items_purged":["Strike_B","Strike_B","Strike_B"],"score":699,"play_id":"79c83518-2a8d-46e9-876e-49854f3ef9c8","local_time":"20190723195930","is_ascension_mode":false,"campfire_choices":[{"data":"Self Repair","floor":8.0,"key":"SMITH"},{"data":"Defragment","floor":13.0,"key":"SMITH"},{"data":"Dualcast","floor":15.0,"key":"SMITH"},{"floor":23.0,"key":"RECALL"},{"floor":30.0,"key":"REST"},{"floor":32,"key":"REST"},{"floor":49,"key":"REST"},{"floor":52,"key":"REST"}],"neow_cost":"NONE","seed_source_timestamp":7456016549200,"circlet_count":0,"master_deck":["Defend_B+1","Defend_B+1","Defend_B+1","Defend_B+1","Zap+1","Dualcast+1","Self Repair+1","Defragment+1","Leap+1","Conserve Battery+1","Steam+1","Storm+1","Hologram+1","Ball Lightning+1","Electrodynamics+1","Go for the Eyes+1","Force Field+1","Hologram+1","Loop+1","Hologram+1","Hologram+1","Static Discharge","Capacitor+1"],"special_seed":0,"relics":["Cracked Core","Centennial Puzzle","Cables","Fusion Hammer","Ornamental Fan","MutagenicStrength","Anchor","Cursed Key","Mark of the Bloom","Bottled Lightning","Kunai"],"potions_floor_usage":[38,50,50,54,55],"damage_taken":[{"damage":0.0,"enemies":"2 Louse","floor":1.0,"turns":2.0},{"damage":6.0,"enemies":"Jaw Worm","floor":3.0,"turns":4.0},{"damage":28.0,"enemies":"Gremlin Nob","floor":6.0,"turns":4.0},{"damage":0.0,"enemies":"Small Slimes","floor":14.0,"turns":3.0},{"damage":25.0,"enemies":"Hexaghost","floor":16.0,"turns":10.0},{"damage":9.0,"enemies":"Spheric Guardian","floor":18.0,"turns":4.0},{"damage":5.0,"enemies":"3 Byrds","floor":21.0,"turns":4.0},{"damage":2.0,"enemies":"Shelled Parasite and Fungi","floor":22.0,"turns":6.0},{"damage":30.0,"enemies":"3 Cultists","floor":24.0,"turns":6.0},{"damage":11.0,"enemies":"Centurion and Healer","floor":25.0,"turns":12.0},{"damage":0.0,"enemies":"Snake Plant","floor":28.0,"turns":1.0},{"damage":28.0,"enemies":"3 Cultists","floor":29.0,"turns":5.0},{"damage":69,"enemies":"Champ","floor":33,"turns":15},{"damage":8,"enemies":"3 Darklings","floor":35,"turns":3},{"damage":0,"enemies":"3 Shapes","floor":36,"turns":3},{"damage":5,"enemies":"Maw","floor":38,"turns":9},{"damage":0,"enemies":"Transient","floor":40,"turns":5},{"damage":0,"enemies":"Writhing Mass","floor":42,"turns":5},{"damage":0,"enemies":"4 Shapes","floor":44,"turns":4},{"damage":0,"enemies":"Reptomancer","floor":46,"turns":5},{"damage":0,"enemies":"Maw","floor":47,"turns":7},{"damage":2,"enemies":"Time Eater","floor":50,"turns":15},{"damage":4,"enemies":"Shield and Spear","floor":54,"turns":5},{"damage":76,"enemies":"The Heart","floor":55,"turns":6}],"seed_played":"658675175089077724","potions_obtained":[{"floor":1.0,"key":"Strength Potion"},{"floor":3.0,"key":"Fire Potion"},{"floor":6.0,"key":"Dexterity Potion"},{"floor":14.0,"key":"Explosive Potion"},{"floor":18.0,"key":"SpeedPotion"},{"floor":24.0,"key":"SmokeBomb"},{"floor":35,"key":"FocusPotion"},{"floor":42,"key":"SkillPotion"},{"floor":44,"key":"Block Potion"},{"floor":54,"key":"Poison Potion"}],"is_trial":false,"path_per_floor":["M","$","M","?","$","E","?","R","T","?","?","$","R","M","R","B",null,"M","?","$","M","M","R","M","M","T","?","M","M","R","$","R","B",null,"M","M","$","M","$","M","?","M","T","M","?","E","M","$","R","B",null,"R","$","E","B"],"character_chosen":"DEFECT","items_purchased":["Self Repair","Centennial Puzzle","Conserve Battery","Anchor","Ball Lightning","Loop","Static Discharge"],"campfire_rested":4,"item_purchase_floors":[2,5,12,31,31,39,48],"current_hp_per_floor":[75,75,75,64,64,43,36,36,36,41,41,41,41,51,51,36,80,80,80,80,80,80,80,60,59,59,59,59,41,65,65,80,21,80,80,80,80,80,80,80,80,80,80,80,80,80,80,80,80,78,78,78,78,74,0],"gold":65,"neow_bonus":"UPGRADE_CARD","is_prod":false,"is_daily":false,"chose_seed":false,"campfire_upgraded":3,"win_rate":0,"timestamp":1563901170,"path_taken":["M","$","M","?","$","E","?","R","T","?","?","$","R","M","R","BOSS","M","?","$","M","M","R","M","?","T","?","M","M","R","$","R","BOSS","M","M","$","M","$","M","?","M","T","M","?","E","M","$","R","BOSS","R","$","E","BOSS"],"build_version":"2019-07-17","purchased_purges":3,"victory":false,"max_hp_per_floor":[75,75,75,75,75,75,75,75,75,80,80,80,80,80,80,80,80,80,80,80,80,80,80,80,80,80,80,80,80,80,80,80,80,80,80,80,80,80,80,80,80,80,80,80,80,80,80,80,80,80,80,80,80,80,80],"card_choices":[{"not_picked":["Darkness","Stack","Barrage"],"picked":"SKIP","floor":1.0},{"not_picked":["Turbo","Barrage"],"picked":"Defragment","floor":3.0},{"not_picked":["Tempest","Gash"],"picked":"Leap","floor":6.0},{"not_picked":["Chill","Recycle"],"picked":"Steam","floor":14.0},{"not_picked":["Stack","Conserve Battery"],"picked":"Storm","floor":18.0},{"not_picked":["Barrage","Compile Driver","Glacier"],"picked":"SKIP","floor":21.0},{"not_picked":["Compile Driver+1","Gash+1","Leap+1"],"picked":"SKIP","floor":22.0},{"not_picked":["Redo","Streamline","Coolheaded"],"picked":"SKIP","floor":24.0},{"not_picked":["Compile Driver","Doom and Gloom"],"picked":"Hologram","floor":25.0},{"not_picked":["Fusion+1","Heatsinks","Coolheaded+1"],"picked":"SKIP","floor":29.0},{"not_picked":["Hyperbeam","Echo Form"],"picked":"Electrodynamics","floor":33},{"not_picked":["Self Repair","Turbo+1"],"picked":"Go for the Eyes+1","floor":35},{"not_picked":["Steam+1","Hologram+1"],"picked":"Force Field","floor":36},{"not_picked":["Ball Lightning+1","Aggregate+1"],"picked":"Hologram+1","floor":38},{"not_picked":["Compile Driver","Rebound+1","Coolheaded+1"],"picked":"SKIP","floor":40},{"not_picked":["Compile Driver+1","Turbo+1","Steam+1"],"picked":"SKIP","floor":42},{"not_picked":["Auto Shields","Rebound"],"picked":"Hologram+1","floor":44},{"not_picked":["Cold Snap","Double Energy","Fission"],"picked":"SKIP","floor":46},{"not_picked":["Beam Cell","Melter"],"picked":"Hologram+1","floor":47},{"not_picked":["Conserve Battery","Doom and Gloom"],"picked":"Capacitor+1","floor":54}],"player_experience":748950,"relics_obtained":[{"floor":6.0,"key":"Cables"},{"floor":26.0,"key":"Ornamental Fan"},{"floor":46,"key":"Bottled Lightning"},{"floor":54,"key":"Kunai"}],"event_choices":[{"damage_healed":0.0,"max_hp_gain":0.0,"max_hp_loss":0.0,"gold_gain":75.0,"event_name":"World of Goop","player_choice":"Gather Gold","floor":4.0,"gold_loss":0.0,"damage_taken":11.0},{"cards_removed":["Strike_B"],"damage_healed":0.0,"max_hp_gain":0.0,"max_hp_loss":0.0,"gold_gain":0.0,"event_name":"Golden Wing","player_choice":"Card Removal","floor":7.0,"gold_loss":0.0,"damage_taken":7.0},{"damage_healed":0.0,"max_hp_gain":5.0,"max_hp_loss":0.0,"gold_gain":0.0,"event_name":"Big Fish","player_choice":"Donut","floor":10.0,"gold_loss":0.0,"damage_taken":0.0},{"damage_healed":0.0,"max_hp_gain":0.0,"max_hp_loss":0.0,"gold_gain":30.0,"event_name":"Dead Adventurer","player_choice":"Searched \u00272\u0027 times","floor":11.0,"gold_loss":0.0,"damage_taken":0.0},{"damage_healed":0.0,"max_hp_gain":0.0,"max_hp_loss":0.0,"gold_gain":250.0,"event_name":"The Joust","player_choice":"Bet on Owner","floor":19.0,"gold_loss":50.0,"damage_taken":0.0},{"damage_healed":0.0,"max_hp_gain":0.0,"max_hp_loss":0.0,"gold_gain":0.0,"event_name":"Drug Dealer","player_choice":"Inject Mutagens","floor":27.0,"gold_loss":0.0,"damage_taken":0.0,"relics_obtained":["MutagenicStrength"]},{"damage_healed":0,"gold_gain":0,"player_choice":"Upgrade","damage_taken":0,"relics_obtained":["Mark of the Bloom"],"max_hp_gain":0,"max_hp_loss":0,"event_name":"MindBloom","floor":41,"gold_loss":0,"cards_upgraded":["Defend_B","Defend_B","Defend_B","Defend_B","Leap","Conserve Battery","Steam","Storm","Hologram","Ball Lightning","Electrodynamics","Force Field","Loop"]},{"damage_healed":0,"gold_gain":0,"player_choice":"Leave","damage_taken":0,"max_hp_gain":0,"max_hp_loss":0,"event_name":"FaceTrader","floor":45,"gold_loss":0}],"is_beta":false,"boss_relics":[{"not_picked":["Lizard Tail","FrozenCore"],"picked":"Fusion Hammer"},{"not_picked":["Philosopher\u0027s Stone","Coffee Dripper"],"picked":"Cursed Key"}],"items_purged_floors":[20,31,37],"is_endless":false,"potions_floor_spawned":[1,3,6,14,18,24,28,35,42,44,46,54],"killed_by":"The Heart","ascension_level":0}