{"gold_per_floor":[111,130,143,143,161,190,202,231,268,280,321,350,380,392,404,416],"floor_reached":16,"playtime":1603,"items_purged":[],"score":125,"play_id":"e94e0903-6e70-476d-a26e-c4ee83a375d4","local_time":"20190715122150","is_ascension_mode":true,"campfire_choices":[{"floor":7,"key":"REST"},{"floor":10,"key":"REST"},{"data":"Static Discharge","floor":15,"key":"SMITH"}],"neow_cost":"NONE","seed_source_timestamp":3757251112918,"circlet_count":0,"master_deck":["Strike_B","Strike_B","Strike_B","Defend_B","Defend_B","Defend_B","Zap","Dualcast","Beam Cell","Self Repair","Stack","Static Discharge+1","Gash","Self Repair","Beam Cell","Redo+1","Go for the Eyes+1","Glacier+1"],"relics":["Black Star","Toxic Egg 2","MawBank","Potion Belt","PreservedInsect","Molten Egg 2"],"potions_floor_usage":[11,16,16,16,16],"damage_taken":[{"damage":4,"enemies":"2 Louse","floor":1,"turns":4},{"damage":0,"enemies":"Cultist","floor":2,"turns":4},{"damage":14,"enemies":"Jaw Worm","floor":3,"turns":5},{"damage":8,"enemies":"Exordium Wildlife","floor":5,"turns":5},{"damage":46,"enemies":"Gremlin Nob","floor":6,"turns":5},{"damage":20,"enemies":"Looter","floor":8,"turns":4},{"damage":29,"enemies":"Lagavulin","floor":11,"turns":8},{"damage":5,"enemies":"2 Fungi Beasts","floor":12,"turns":4},{"damage":16,"enemies":"Lots of Slimes","floor":13,"turns":6},{"damage":42,"enemies":"Slime Boss","floor":16,"turns":7}],"seed_played":"3268493746992679894","potions_obtained":[{"floor":3,"key":"LiquidBronze"},{"floor":5,"key":"SkillPotion"},{"floor":6,"key":"PowerPotion"},{"floor":12,"key":"SpeedPotion"},{"floor":13,"key":"PowerPotion"}],"is_trial":false,"path_per_floor":["M","M","M","?","M","E","R","M","T","R","E","M","M","?","R","B"],"character_chosen":"DEFECT","items_purchased":[],"campfire_rested":2,"item_purchase_floors":[],"current_hp_per_floor":[71,71,64,64,63,24,46,40,40,62,47,56,47,40,40,0],"gold":416,"neow_bonus":"BOSS_RELIC","is_prod":false,"is_daily":false,"chose_seed":false,"campfire_upgraded":1,"win_rate":0,"timestamp":1563211310,"path_taken":["M","M","M","?","?","E","R","M","T","R","E","M","M","?","R","BOSS"],"build_version":"2019-07-05","purchased_purges":0,"victory":false,"max_hp_per_floor":[75,75,75,75,75,75,75,75,75,75,75,75,75,75,75,75],"card_choices":[{"not_picked":["Redo","White Noise"],"picked":"Beam Cell","floor":1},{"not_picked":["Cold Snap","Chaos"],"picked":"Self Repair","floor":2},{"not_picked":["Hologram","Amplify"],"picked":"Stack","floor":3},{"not_picked":["Turbo","Streamline"],"picked":"Gash","floor":5},{"not_picked":["Cold Snap","Rebound"],"picked":"Self Repair","floor":6},{"not_picked":["Aggregate+1","Streamline"],"picked":"Beam Cell","floor":8},{"not_picked":["Streamline","Thunder Strike"],"picked":"Redo+1","floor":11},{"not_picked":["Redo+1","Leap+1"],"picked":"Go for the Eyes+1","floor":12},{"not_picked":["Cold Snap+1","Undo+1"],"picked":"Glacier+1","floor":13}],"player_experience":346279,"relics_obtained":[{"floor":6,"key":"Toxic Egg 2"},{"floor":6,"key":"MawBank"},{"floor":9,"key":"Potion Belt"},{"floor":11,"key":"PreservedInsect"},{"floor":11,"key":"Molten Egg 2"}],"event_choices":[{"damage_healed":0,"gold_gain":0,"cards_transformed":["Strike_B"],"player_choice":"Transformed","damage_taken":0,"max_hp_gain":0,"max_hp_loss":0,"event_name":"Transmorgrifier","floor":4,"gold_loss":0,"cards_obtained":["Static Discharge"]},{"cards_removed":["Defend_B"],"damage_healed":0,"gold_gain":0,"player_choice":"Card Removal","damage_taken":7,"max_hp_gain":0,"max_hp_loss":0,"event_name":"Golden Wing","floor":14,"gold_loss":0}],"is_beta":false,"boss_relics":[],"items_purged_floors":[],"is_endless":false,"potions_floor_spawned":[3,5,6,12,13],"killed_by":"Slime Boss","ascension_level":2}