{"gold_per_floor":[118,118,27,38,56,85,85,45,115,115,133,144,170,189,189,291,291,303,79,79,96,96,127,144,144,222,242,242,273,273,287,287,287],"floor_reached":33,"playtime":838,"items_purged":["Regret"],"score":322,"play_id":"9138cc24-264a-42b2-8bcf-6cf1b1400917","local_time":"20190623030147","is_ascension_mode":false,"campfire_choices":[{"data":"Trip","floor":7,"key":"SMITH"},{"data":"Whirlwind","floor":15,"key":"SMITH"},{"data":"Battle Trance","floor":25,"key":"SMITH"},{"data":"Inflame","floor":30,"key":"SMITH"},{"floor":32,"key":"REST"}],"neow_cost":"NONE","seed_source_timestamp":792056699819900,"circlet_count":0,"master_deck":["Strike_R","Strike_R","Strike_R","Strike_R","Defend_R","Defend_R","Defend_R","Defend_R","Bash","Inflame+1","Trip+1","Inflame+1","Battle Trance+1","Whirlwind+1","Shame","Injury","Sword Boomerang+1","Sword Boomerang"],"special_seed":0,"relics":["Burning Blood","Vajra","Singing Bowl","Du-Vu Doll","Calling Bell","Omamori","Darkstone Periapt","Prayer Wheel","Orichalcum","Gambling Chip","Self Forming Clay","Bottled Tornado"],"potions_floor_usage":[6,13,18,18,24,29,29],"damage_taken":[{"damage":4,"enemies":"2 Louse","floor":1,"turns":3},{"damage":6,"enemies":"Cultist","floor":4,"turns":3},{"damage":5,"enemies":"Small Slimes","floor":5,"turns":4},{"damage":22,"enemies":"Gremlin Nob","floor":6,"turns":5},{"damage":5,"enemies":"Red Slaver","floor":11,"turns":4},{"damage":12,"enemies":"Large Slime","floor":12,"turns":4},{"damage":4,"enemies":"3 Sentries","floor":13,"turns":2},{"damage":10,"enemies":"Looter","floor":14,"turns":4},{"damage":17,"enemies":"Slime Boss","floor":16,"turns":7},{"damage":8,"enemies":"Spheric Guardian","floor":18,"turns":3},{"damage":19,"enemies":"2 Thieves","floor":21,"turns":3},{"damage":28,"enemies":"Slavers","floor":23,"turns":3},{"damage":28,"enemies":"Cultist and Chosen","floor":24,"turns":6},{"damage":24,"enemies":"Snake Plant","floor":27,"turns":4},{"damage":14,"enemies":"Book of Stabbing","floor":29,"turns":3},{"damage":18,"enemies":"Shelled Parasite and Fungi","floor":31,"turns":3},{"damage":59,"enemies":"Champ","floor":33,"turns":6}],"seed_played":"100012981932923416","potions_obtained":[{"floor":1,"key":"Explosive Potion"},{"floor":5,"key":"SpeedPotion"},{"floor":11,"key":"EssenceOfSteel"},{"floor":12,"key":"AttackPotion"},{"floor":14,"key":"AttackPotion"},{"floor":18,"key":"Block Potion"},{"floor":21,"key":"BloodPotion"}],"is_trial":false,"path_per_floor":["M","?","$","M","M","E","R","$","T","?","M","M","E","M","R","B",null,"M","$","?","M","$","E","M","R","T","M","?","E","R","M","R","B"],"character_chosen":"IRONCLAD","items_purchased":["Trip","Battle Trance","Orichalcum"],"campfire_rested":1,"item_purchase_floors":[3,8,19],"current_hp_per_floor":[80,80,80,80,80,64,64,64,64,64,65,61,65,63,63,54,88,90,90,90,81,81,61,43,43,43,27,27,31,31,21,53,0],"gold":287,"neow_bonus":"THREE_CARDS","is_prod":false,"is_daily":false,"chose_seed":false,"campfire_upgraded":4,"win_rate":0,"timestamp":1561248107,"path_taken":["M","?","$","M","?","E","R","$","T","?","M","?","E","M","R","BOSS","M","$","?","M","$","E","M","R","T","M","?","E","R","M","R","BOSS"],"build_version":"2019-01-23","purchased_purges":1,"victory":false,"max_hp_per_floor":[80,80,80,80,80,80,80,80,80,80,80,82,84,86,86,88,88,92,92,92,96,96,98,102,102,102,104,104,106,106,108,108,108],"card_choices":[{"not_picked":["Wild Strike","Havoc"],"picked":"Inflame","floor":0},{"not_picked":["Blood for Blood","Havoc","Headbutt"],"picked":"SKIP","floor":1},{"not_picked":["Uppercut","Anger","Dual Wield"],"picked":"SKIP","floor":4},{"not_picked":["Body Slam","Flex","Rupture"],"picked":"SKIP","floor":5},{"not_picked":["Searing Blow","Warcry"],"picked":"Inflame","floor":6},{"not_picked":["Inflame","Intimidate"],"picked":"Whirlwind","floor":11},{"not_picked":["Spot Weakness","Bludgeon","Armaments"],"picked":"Singing Bowl","floor":12},{"not_picked":["Warcry","Carnage","Clothesline"],"picked":"Singing Bowl","floor":13},{"not_picked":["Burning Pact","Wild Strike","Fire Breathing"],"picked":"Singing Bowl","floor":14},{"not_picked":["Bludgeon","Dark Embrace","Immolate"],"picked":"Singing Bowl","floor":16},{"not_picked":["Headbutt","Armaments+1","Carnage"],"picked":"Singing Bowl","floor":18},{"not_picked":["Pummel","Wild Strike","Entrench"],"picked":"Singing Bowl","floor":18},{"not_picked":["Pommel Strike+1","Perfected Strike","Armaments"],"picked":"Singing Bowl","floor":21},{"not_picked":["Clothesline","Fire Breathing","Berserk"],"picked":"Singing Bowl","floor":21},{"not_picked":["Bludgeon","Clothesline","Shrug It Off"],"picked":"Singing Bowl","floor":23},{"not_picked":["Clothesline","Clash","Armaments"],"picked":"Singing Bowl","floor":24},{"not_picked":["Flame Barrier","Havoc","Clothesline"],"picked":"Singing Bowl","floor":24},{"not_picked":["Searing Blow","Offering","True Grit"],"picked":"Singing Bowl","floor":27},{"not_picked":["Thunderclap+1","Evolve"],"picked":"Sword Boomerang+1","floor":27},{"not_picked":["Burning Pact","Uppercut","Headbutt"],"picked":"Singing Bowl","floor":29},{"not_picked":["True Grit","Spot Weakness+1"],"picked":"Sword Boomerang","floor":31},{"not_picked":["Thunderclap+1","Pommel Strike","Disarm"],"picked":"Singing Bowl","floor":31}],"player_experience":650998,"relics_obtained":[{"floor":6,"key":"Vajra"},{"floor":9,"key":"Singing Bowl"},{"floor":13,"key":"Du-Vu Doll"},{"floor":17,"key":"Omamori"},{"floor":17,"key":"Darkstone Periapt"},{"floor":17,"key":"Prayer Wheel"},{"floor":23,"key":"Gambling Chip"},{"floor":26,"key":"Self Forming Clay"},{"floor":29,"key":"Bottled Tornado"}],"event_choices":[{"damage_healed":0,"gold_gain":0,"player_choice":"Upgraded","damage_taken":0,"max_hp_gain":0,"max_hp_loss":0,"event_name":"Upgrade Shrine","floor":2,"gold_loss":0,"cards_upgraded":["Inflame"]},{"cards_removed":["Strike_R"],"damage_healed":0,"gold_gain":0,"player_choice":"Purged","damage_taken":0,"max_hp_gain":0,"max_hp_loss":0,"event_name":"Purifier","floor":10,"gold_loss":0},{"damage_healed":0,"gold_gain":0,"player_choice":"Ignored","damage_taken":0,"max_hp_gain":0,"max_hp_loss":0,"event_name":"Ghosts","floor":20,"gold_loss":0},{"damage_healed":0,"gold_gain":0,"player_choice":"Leave","damage_taken":0,"max_hp_gain":0,"max_hp_loss":0,"event_name":"FaceTrader","floor":28,"gold_loss":0}],"is_beta":false,"boss_relics":[{"not_picked":["Lizard Tail","Runic Cube"],"picked":"Calling Bell"}],"items_purged_floors":[19],"is_endless":false,"potions_floor_spawned":[1,5,11,12,14,16,18,21],"killed_by":"Champ","ascension_level":0}