{"gold_per_floor":[369,383,393,320,330,355,56,56,56,56,69,101,101,101,101,101],"floor_reached":16,"playtime":384,"items_purged":[],"score":110,"play_id":"3669d67b-0da9-4832-a1eb-79d4e20d6bd7","local_time":"20190707173305","is_ascension_mode":false,"campfire_choices":[{"data":"Spot Weakness","floor":13,"key":"SMITH"},{"data":"Whirlwind","floor":15,"key":"SMITH"}],"neow_cost":"PERCENT_DAMAGE","seed_source_timestamp":63461819892400,"circlet_count":0,"master_deck":["Strike_R","Strike_R","Strike_R","Strike_R","Strike_R","Defend_R","Defend_R","Defend_R","Defend_R","Bash","Whirlwind+1","Shrug It Off","Spot Weakness+1"],"special_seed":0,"relics":["Burning Blood","Juzu Bracelet","Oddly Smooth Stone","Anchor","Matryoshka","Nunchaku","PreservedInsect","Boot"],"potions_floor_usage":[6,12,16],"damage_taken":[{"damage":0.0,"enemies":"Small Slimes","floor":1.0,"turns":3.0},{"damage":12.0,"enemies":"Jaw Worm","floor":2.0,"turns":5.0},{"damage":4.0,"enemies":"2 Louse","floor":3.0,"turns":3.0},{"damage":10.0,"enemies":"Blue Slaver","floor":5.0,"turns":6.0},{"damage":33,"enemies":"Lagavulin","floor":6,"turns":8},{"damage":0,"enemies":"Large Slime","floor":11,"turns":5},{"damage":33,"enemies":"3 Sentries","floor":12,"turns":7},{"damage":32,"enemies":"Hexaghost","floor":16,"turns":9}],"seed_played":"1540810814717919388","potions_obtained":[{"floor":2.0,"key":"PowerPotion"},{"floor":5.0,"key":"SpeedPotion"},{"floor":11,"key":"BloodPotion"},{"floor":12,"key":"EssenceOfSteel"}],"is_trial":false,"path_per_floor":["M","M","M","$","M","E","$","?","T","?","M","E","R","T","R","B"],"character_chosen":"IRONCLAD","items_purchased":["Whirlwind","Oddly Smooth Stone","Anchor"],"campfire_rested":0,"item_purchase_floors":[4,7,7],"current_hp_per_floor":[62,56,58,58,54,27,27,32,32,32,38,32,32,32,32,0],"gold":101,"neow_bonus":"TWO_FIFTY_GOLD","is_prod":false,"is_daily":false,"chose_seed":false,"campfire_upgraded":2,"win_rate":0,"timestamp":1562509985,"path_taken":["M","M","M","$","M","E","$","?","T","?","M","E","R","?","R","BOSS"],"build_version":"2019-07-05","purchased_purges":0,"victory":false,"max_hp_per_floor":[80,80,80,80,80,80,80,85,85,85,85,85,85,85,85,85],"card_choices":[{"not_picked":["Pommel Strike","Headbutt","Uppercut"],"picked":"SKIP","floor":1.0},{"not_picked":["Bloodletting","Burning Pact","Thunderclap"],"picked":"SKIP","floor":2.0},{"not_picked":["Rupture","Dual Wield","Burning Pact"],"picked":"SKIP","floor":3.0},{"not_picked":["Dual Wield","True Grit"],"picked":"Shrug It Off","floor":5.0},{"not_picked":["Sword Boomerang","Pommel Strike","Thunderclap"],"picked":"SKIP","floor":6},{"not_picked":["Ghostly Armor","Pommel Strike","Twin Strike"],"picked":"SKIP","floor":11},{"not_picked":["Armaments","Sword Boomerang"],"picked":"Spot Weakness","floor":12}],"player_experience":679919,"relics_obtained":[{"floor":6,"key":"Juzu Bracelet"},{"floor":9,"key":"Matryoshka"},{"floor":12,"key":"Nunchaku"},{"floor":14,"key":"PreservedInsect"},{"floor":14,"key":"Boot"}],"event_choices":[{"damage_healed":0,"gold_gain":0,"player_choice":"Donut","damage_taken":0,"max_hp_gain":5,"max_hp_loss":0,"event_name":"Big Fish","floor":8,"gold_loss":0},{"damage_healed":0,"gold_gain":0,"player_choice":"Ignored","damage_taken":0,"max_hp_gain":0,"max_hp_loss":0,"event_name":"Liars Game","floor":10,"gold_loss":0}],"is_beta":false,"boss_relics":[],"items_purged_floors":[],"is_endless":false,"potions_floor_spawned":[2,5,11,12],"killed_by":"Hexaghost","ascension_level":0}