{"gold_per_floor":[116,127,127,127,143,169,244,271,271,298,317,334,364,364,364,467,467,486,498,513,531,531,531,122,122,122,155,168,168,168,181,181,282,282,299,299,314,325,425,456,115,115,115,145,167,197,32,32,32,32],"floor_reached":51,"playtime":8780,"items_purged":["Defend_B","Strike_B","Zap"],"score":713,"play_id":"e46b3511-e7bb-488d-88c6-5b5561636257","local_time":"20190715013913","is_ascension_mode":true,"campfire_choices":[{"floor":15,"key":"REST"},{"floor":23,"key":"REST"},{"data":"Go for the Eyes","floor":25,"key":"SMITH"},{"data":"Creative AI","floor":30,"key":"SMITH"},{"data":"Sunder","floor":32,"key":"SMITH"},{"data":"Conserve Battery","floor":42,"key":"SMITH"},{"floor":49,"key":"REST"}],"neow_cost":"PERCENT_DAMAGE","seed_source_timestamp":44265849067488,"circlet_count":0,"master_deck":["Strike_B+1","Defend_B","Dualcast","Auto Shields","Undo","Conserve Battery+1","Doom and Gloom","Rip and Tear+1","Machine Learning","Go for the Eyes+1","Storm+1","Streamline","Sunder+1","Creative AI+1","Force Field+1","Beam Cell+1","Doom and Gloom","Creative AI","Ball Lightning","Conserve Battery","White Noise","RitualDagger","Static Discharge+1","White Noise","Echo Form","Sunder+1","Doom and Gloom","Madness","Madness","Sunder+1","Lockon+1","Darkness+1","Leap+1","Undo+1"],"relics":["Cracked Core","Mummified Hand","Ornamental Fan","Blue Candle","Whetstone","Prayer Wheel","Eternal Feather","Bird Faced Urn","Kunai","Ancient Tea Set","Busted Crown","Ice Cream","Toxic Egg 2","Happy Flower","MawBank"],"potions_floor_usage":[13,20,27,38,46,50,50,50],"damage_taken":[{"damage":0,"enemies":"Small Slimes","floor":1,"turns":3},{"damage":0,"enemies":"Jaw Worm","floor":2,"turns":4},{"damage":0,"enemies":"Cultist","floor":5,"turns":3},{"damage":4,"enemies":"3 Sentries","floor":6,"turns":7},{"damage":17,"enemies":"Gremlin Nob","floor":8,"turns":4},{"damage":6,"enemies":"3 Sentries","floor":10,"turns":6},{"damage":0,"enemies":"Blue Slaver","floor":11,"turns":3},{"damage":0,"enemies":"2 Fungi Beasts","floor":12,"turns":2},{"damage":14,"enemies":"Lagavulin","floor":13,"turns":4},{"damage":2,"enemies":"The Guardian","floor":16,"turns":11},{"damage":9,"enemies":"Spheric Guardian","floor":18,"turns":4},{"damage":6,"enemies":"Chosen","floor":19,"turns":3},{"damage":16,"enemies":"Snake Plant","floor":20,"turns":3},{"damage":20,"enemies":"Sentry and Sphere","floor":21,"turns":4},{"damage":18,"enemies":"Slavers","floor":27,"turns":6},{"damage":9,"enemies":"Chosen and Byrds","floor":28,"turns":4},{"damage":7,"enemies":"Shelled Parasite and Fungi","floor":31,"turns":3},{"damage":21,"enemies":"Champ","floor":33,"turns":8},{"damage":5,"enemies":"Orb Walker","floor":35,"turns":3},{"damage":16,"enemies":"3 Darklings","floor":37,"turns":4},{"damage":12,"enemies":"Maw","floor":38,"turns":6},{"damage":0,"enemies":"Mind Bloom Boss Battle","floor":39,"turns":4},{"damage":20,"enemies":"Nemesis","floor":40,"turns":5},{"damage":31,"enemies":"Writhing Mass","floor":44,"turns":4},{"damage":30,"enemies":"4 Shapes","floor":45,"turns":5},{"damage":22,"enemies":"3 Darklings","floor":46,"turns":3},{"damage":17,"enemies":"Awakened One","floor":50,"turns":5}],"seed_played":"187476690259467407","potions_obtained":[{"floor":1,"key":"Ancient Potion"},{"floor":10,"key":"EssenceOfSteel"},{"floor":12,"key":"PowerPotion"},{"floor":13,"key":"FocusPotion"},{"floor":18,"key":"FocusPotion"},{"floor":20,"key":"Swift Potion"},{"floor":40,"key":"GamblersBrew"},{"floor":45,"key":"Fire Potion"},{"floor":46,"key":"Ancient Potion"}],"is_trial":false,"path_per_floor":["M","M","?","?","M","E","?","E","T","E","M","M","E","?","R","B",null,"M","M","M","M","?","R","$","R","T","E","M","?","R","M","R","B",null,"M","?","M","M","?","E","$","R","T","M","M","M","$","?","R","B",null],"character_chosen":"DEFECT","items_purchased":["Bird Faced Urn","Ball Lightning","Happy Flower","Darkness+1","Leap+1","PowerPotion"],"campfire_rested":3,"item_purchase_floors":[24,24,41,41,41,47],"current_hp_per_floor":[54,54,47,75,75,71,60,43,43,37,37,37,23,23,45,43,75,66,60,44,24,24,58,58,70,70,58,59,53,68,71,75,72,75,70,61,55,59,71,75,75,75,75,50,30,18,18,18,58,61],"gold":32,"neow_bonus":"TRANSFORM_TWO_CARDS","is_prod":false,"is_daily":false,"chose_seed":false,"campfire_upgraded":4,"win_rate":0,"timestamp":1563172753,"path_taken":["M","M","?","?","?","E","?","E","T","E","M","M","E","?","R","BOSS","M","M","?","M","?","R","$","R","T","E","M","?","R","M","R","BOSS","M","?","M","M","?","E","$","R","T","M","M","M","$","?","R","BOSS"],"build_version":"2019-07-05","purchased_purges":3,"victory":true,"max_hp_per_floor":[75,75,75,75,75,75,75,75,75,75,75,75,75,75,75,75,75,75,75,75,75,75,75,75,75,75,75,75,75,75,75,75,75,75,75,75,75,75,75,75,75,75,75,75,75,75,75,75,75,75],"card_choices":[{"not_picked":["Scrape","Sweeping Beam"],"picked":"Conserve Battery","floor":1},{"not_picked":["Tempest","Rebound"],"picked":"Doom and Gloom","floor":2},{"not_picked":["Steam","Hologram"],"picked":"Rip and Tear","floor":5},{"not_picked":["Sunder","Steam Power"],"picked":"Machine Learning","floor":6},{"not_picked":["Cold Snap","Rip and Tear"],"picked":"Go for the Eyes","floor":8},{"not_picked":["Redo","Fission"],"picked":"Storm","floor":10},{"not_picked":["Ball Lightning","Barrage"],"picked":"Streamline","floor":11},{"not_picked":["Beam Cell","Stack"],"picked":"Sunder","floor":12},{"not_picked":["Turbo","Coolheaded","Hologram"],"picked":"SKIP","floor":13},{"not_picked":["Biased Cognition","Electrodynamics"],"picked":"Creative AI","floor":16},{"not_picked":["Blizzard","Glacier"],"picked":"Force Field+1","floor":18},{"not_picked":["Aggregate","Cold Snap"],"picked":"Beam Cell+1","floor":18},{"not_picked":["Compile Driver+1","Turbo"],"picked":"Doom and Gloom","floor":19},{"not_picked":["Cold Snap+1","Sweeping Beam+1","Rebound"],"picked":"SKIP","floor":19},{"not_picked":["Go for the Eyes","Chaos","Barrage"],"picked":"SKIP","floor":20},{"not_picked":["Steam+1","Gash+1","Scrape"],"picked":"SKIP","floor":20},{"not_picked":["Cold Snap","Rip and Tear","Redo"],"picked":"SKIP","floor":21},{"not_picked":["Turbo","Reprogram","Leap"],"picked":"SKIP","floor":21},{"not_picked":["Multi-Cast","Stack","Compile Driver"],"picked":"SKIP","floor":27},{"not_picked":["Sweeping Beam+1","Scrape+1"],"picked":"Conserve Battery","floor":28},{"not_picked":["Rip and Tear","Go for the Eyes"],"picked":"White Noise","floor":28},{"not_picked":["Aggregate","Coolheaded"],"picked":"Static Discharge+1","floor":31},{"not_picked":["Steam","Coolheaded"],"picked":"White Noise","floor":31},{"not_picked":["All For One","Machine Learning"],"picked":"Echo Form","floor":33},{"not_picked":[],"picked":"Sunder+1","floor":35},{"not_picked":[],"picked":"Doom and Gloom","floor":35},{"not_picked":[],"picked":"Sunder+1","floor":37},{"not_picked":["Tempest"],"picked":"SKIP","floor":37},{"not_picked":[],"picked":"Lockon+1","floor":38},{"not_picked":["Steam Power+1"],"picked":"SKIP","floor":38},{"not_picked":["Compile Driver"],"picked":"SKIP","floor":40},{"not_picked":["Barrage"],"picked":"SKIP","floor":44},{"not_picked":["Sweeping Beam+1"],"picked":"SKIP","floor":44},{"not_picked":["Barrage"],"picked":"SKIP","floor":45},{"not_picked":["Auto Shields+1"],"picked":"SKIP","floor":45},{"not_picked":[],"picked":"Undo+1","floor":46},{"not_picked":["Hologram+1"],"picked":"SKIP","floor":46}],"player_experience":334062,"relics_obtained":[{"floor":6,"key":"Mummified Hand"},{"floor":8,"key":"Ornamental Fan"},{"floor":9,"key":"Blue Candle"},{"floor":10,"key":"Whetstone"},{"floor":13,"key":"Prayer Wheel"},{"floor":26,"key":"Kunai"},{"floor":27,"key":"Ancient Tea Set"},{"floor":39,"key":"Ice Cream"},{"floor":40,"key":"Toxic Egg 2"},{"floor":43,"key":"MawBank"}],"event_choices":[{"cards_removed":["Defend_B"],"damage_healed":0,"gold_gain":0,"player_choice":"Card Removal","damage_taken":7,"max_hp_gain":0,"max_hp_loss":0,"event_name":"Golden Wing","floor":3,"gold_loss":0},{"damage_healed":28,"gold_gain":0,"player_choice":"Full Heal","damage_taken":0,"max_hp_gain":0,"max_hp_loss":0,"event_name":"Wheel of Change","floor":4,"gold_loss":0},{"damage_healed":0,"gold_gain":75,"player_choice":"Gather Gold","damage_taken":11,"max_hp_gain":0,"max_hp_loss":0,"event_name":"World of Goop","floor":7,"gold_loss":0},{"damage_healed":0,"gold_gain":0,"player_choice":"Upgraded","damage_taken":0,"max_hp_gain":0,"max_hp_loss":0,"event_name":"Upgrade Shrine","floor":14,"gold_loss":0,"cards_upgraded":["Storm"]},{"damage_healed":0,"gold_gain":0,"player_choice":"Read","damage_taken":0,"max_hp_gain":0,"max_hp_loss":0,"event_name":"The Library","floor":22,"gold_loss":0,"cards_obtained":["Creative AI"]},{"damage_healed":0,"gold_gain":0,"player_choice":"Joined the Cult","damage_taken":6,"max_hp_gain":0,"max_hp_loss":0,"event_name":"Nest","floor":29,"gold_loss":0,"cards_obtained":["RitualDagger"]},{"damage_healed":0,"gold_gain":0,"player_choice":"Embrace Madness","damage_taken":9,"max_hp_gain":0,"max_hp_loss":0,"event_name":"Winding Halls","floor":36,"gold_loss":0,"cards_obtained":["Madness","Madness"]},{"damage_healed":0,"gold_gain":0,"player_choice":"Fight","damage_taken":0,"max_hp_gain":0,"max_hp_loss":0,"event_name":"MindBloom","floor":39,"gold_loss":0},{"cards_removed":["Defend_B"],"damage_healed":0,"gold_gain":0,"player_choice":"Removed Skill","damage_taken":0,"max_hp_gain":0,"max_hp_loss":0,"event_name":"Falling","floor":48,"gold_loss":0}],"is_beta":false,"boss_relics":[{"not_picked":["Coffee Dripper","Empty Cage"],"picked":"Eternal Feather"},{"not_picked":["Orrery","Snecko Eye"],"picked":"Busted Crown"}],"items_purged_floors":[24,41,47],"is_endless":false,"potions_floor_spawned":[1,10,12,13,18,20,40,45,46],"ascension_level":1}