{"gold_per_floor":[114,63,63,78,78,78,103,120,146,161,161,161,172,185,185,287,287,306,320,169,169,169,169,185,204,204,155,190,190,190,220,220,323,323,341,359,359,374,230,230,230,241,241,254,81,92,92,102,102,102],"floor_reached":51,"playtime":1420,"items_purged":["Strike_R"],"score":719,"play_id":"4f17576f-59aa-45a4-bf17-fd43c341e11a","local_time":"20180815042124","is_ascension_mode":false,"campfire_choices":[{"data":"Battle Trance","floor":6.0,"key":"SMITH"},{"data":"Body Slam","floor":12.0,"key":"SMITH"},{"data":"Ghostly Armor","floor":15.0,"key":"SMITH"},{"floor":23.0,"key":"REST"},{"data":"Body Slam","floor":29.0,"key":"SMITH"},{"floor":32.0,"key":"REST"},{"data":"Barricade","floor":40,"key":"SMITH"},{"floor":47,"key":"REST"},{"floor":49,"key":"REST"}],"neow_cost":"NONE","seed_source_timestamp":40661934859662,"circlet_count":0,"master_deck":["Strike_R","Strike_R","Strike_R+1","Strike_R","Defend_R","Defend_R","Defend_R","Defend_R","Bash+1","Armaments+1","Battle Trance+1","Body Slam+1","Ghostly Armor+1","Demon Form+1","Shrug It Off+1","Body Slam+1","Barricade+1","Trip","Twin Strike","Bandage Up"],"special_seed":0,"relics":["Burning Blood","NeowsBlessing","Whetstone","Red Skull","Sozu","Bag of Preparation","Kunai","Juzu Bracelet","Tiny Chest","Black Star","Oddly Smooth Stone","Pear"],"potions_floor_usage":[44],"damage_taken":[{"damage":0.0,"enemies":"2 Louse","floor":1.0,"turns":1.0},{"damage":0.0,"enemies":"Jaw Worm","floor":4.0,"turns":1.0},{"damage":0.0,"enemies":"3 Sentries","floor":7.0,"turns":2.0},{"damage":6.0,"enemies":"Cultist","floor":8.0,"turns":3.0},{"damage":5.0,"enemies":"Looter","floor":10.0,"turns":3.0},{"damage":9.0,"enemies":"3 Louse","floor":13.0,"turns":4.0},{"damage":3.0,"enemies":"Exordium Wildlife","floor":14.0,"turns":3.0},{"damage":55.0,"enemies":"Slime Boss","floor":16.0,"turns":13.0},{"damage":8.0,"enemies":"Spheric Guardian","floor":18.0,"turns":5.0},{"damage":15.0,"enemies":"2 Thieves","floor":19.0,"turns":4.0},{"damage":22.0,"enemies":"Sentry and Sphere","floor":24.0,"turns":6.0},{"damage":18.0,"enemies":"3 Cultists","floor":25.0,"turns":6.0},{"damage":29.0,"enemies":"Slavers","floor":28.0,"turns":6.0},{"damage":22.0,"enemies":"Champ","floor":33.0,"turns":7.0},{"damage":28.0,"enemies":"Flame Bruiser 1 Orb","floor":35.0,"turns":7.0},{"damage":7.0,"enemies":"3 Shapes","floor":36.0,"turns":5.0},{"damage":8,"enemies":"Transient","floor":38,"turns":5},{"damage":26,"enemies":"Sphere and 2 Shapes","floor":42,"turns":7},{"damage":44,"enemies":"Flame Bruiser 2 Orb","floor":44,"turns":6},{"damage":7,"enemies":"4 Shapes","floor":46,"turns":6},{"damage":8,"enemies":"Maw","floor":48,"turns":6},{"damage":60,"enemies":"Time Eater","floor":50,"turns":11}],"seed_played":"5291916731082380724","potions_obtained":[{"floor":1.0,"key":"Explosive Potion"},{"floor":8.0,"key":"Swift Potion"},{"floor":14.0,"key":"BloodPotion"}],"is_trial":false,"path_per_floor":["M","$","?","M","$","R","E","M","T","M","$","R","M","M","R","B",null,"M","M","$","?","?","R","M","M","T","$","E","R","?","T","R","B",null,"M","M","?","M","$","R","?","M","T","M","$","M","R","M","R","B"],"character_chosen":"IRONCLAD","items_purchased":["Armaments","Bag of Preparation","Body Slam","Oddly Smooth Stone","Bandage Up"],"campfire_rested":4,"item_purchase_floors":[2,20,27,39,45],"current_hp_per_floor":[80,80,80,80,80,80,80,80,80,80,80,80,77,80,80,31,80,78,69,69,69,54,79,63,51,51,51,28,28,28,28,53,37,85,63,62,62,60,60,60,60,40,50,21,21,24,52,54,82,32],"gold":102,"neow_bonus":"THREE_ENEMY_KILL","is_prod":false,"is_daily":false,"chose_seed":false,"campfire_upgraded":5,"win_rate":0,"timestamp":1534296084,"path_taken":["M","$","?","M","$","R","E","M","T","M","$","R","M","M","R","BOSS","M","M","$","?","?","R","M","M","T","$","E","R","?","?","R","BOSS","M","M","?","M","$","R","?","M","T","M","$","M","R","M","R","BOSS"],"build_version":"2018-08-09","purchased_purges":1,"victory":true,"max_hp_per_floor":[80,80,80,80,80,80,80,80,80,80,80,80,80,80,80,80,80,80,80,80,80,85,85,85,85,85,85,85,85,85,85,85,85,85,85,85,85,85,85,85,85,85,95,95,95,95,95,95,95,95],"card_choices":[{"not_picked":["Flex","Headbutt","Corruption"],"picked":"SKIP","floor":1.0},{"not_picked":["Armaments","Flex"],"picked":"Battle Trance","floor":4.0},{"not_picked":["Sword Boomerang","Cleave"],"picked":"Body Slam","floor":7.0},{"not_picked":["Sever Soul","Battle Trance","Body Slam"],"picked":"SKIP","floor":8.0},{"not_picked":["Infernal Blade","Carnage","Clash"],"picked":"SKIP","floor":10.0},{"not_picked":["True Grit","Uppercut"],"picked":"Ghostly Armor","floor":13.0},{"not_picked":["Hemokinesis","Clash","Perfected Strike"],"picked":"SKIP","floor":14.0},{"not_picked":["Fiend Fire","Exhume"],"picked":"Demon Form","floor":16.0},{"not_picked":["Burning Pact","Perfected Strike"],"picked":"Shrug It Off+1","floor":18.0},{"not_picked":["Clash","Burning Pact+1","Perfected Strike"],"picked":"SKIP","floor":19.0},{"not_picked":["Warcry","Armaments+1","Havoc+1"],"picked":"SKIP","floor":24.0},{"not_picked":["Armaments+1","Bloodletting","Metallicize"],"picked":"SKIP","floor":25.0},{"not_picked":["Corruption","Rupture","Impervious"],"picked":"SKIP","floor":28.0},{"not_picked":["Bludgeon","Fiend Fire"],"picked":"Barricade","floor":33.0},{"not_picked":["Spot Weakness+1","Pommel Strike","Battle Trance+1"],"picked":"SKIP","floor":35.0},{"not_picked":["Havoc+1","Searing Blow+1","Perfected Strike"],"picked":"SKIP","floor":36.0},{"not_picked":["Heavy Blade","Searing Blow+1","Cleave"],"picked":"SKIP","floor":38},{"not_picked":["Transmutation","Good Instincts"],"picked":"Trip","floor":41},{"not_picked":["Flame Barrier","Dropkick+1"],"picked":"Twin Strike","floor":42},{"not_picked":["Perfected Strike+1","Flex+1","Bloodletting+1"],"picked":"SKIP","floor":44},{"not_picked":["Twin Strike","Clothesline+1","Sever Soul"],"picked":"SKIP","floor":46},{"not_picked":["Cleave","Blood for Blood+1","Carnage"],"picked":"SKIP","floor":48}],"player_experience":312165,"relics_obtained":[{"floor":7.0,"key":"Whetstone"},{"floor":9.0,"key":"Red Skull"},{"floor":26.0,"key":"Kunai"},{"floor":28.0,"key":"Juzu Bracelet"},{"floor":31.0,"key":"Tiny Chest"},{"floor":43,"key":"Pear"}],"event_choices":[{"event_name":"Living Wall","player_choice":"Grow","floor":3.0,"damage_taken":0.0},{"event_name":"Upgrade Shrine","player_choice":"Upgraded","floor":21.0,"damage_taken":0.0},{"event_name":"Forgotten Altar","player_choice":"Shed Blood","floor":22.0,"damage_taken":0.0},{"event_name":"Drug Dealer","player_choice":"Ignored","floor":30.0,"damage_taken":0.0},{"event_name":"Tomb of Lord Red Mask","player_choice":"Ignored","floor":37.0,"damage_taken":0.0},{"event_name":"SensoryStone","player_choice":"Memory 1","floor":41,"damage_taken":0}],"is_beta":false,"boss_relics":[{"not_picked":["Runic Pyramid","Empty Cage"],"picked":"Sozu"},{"not_picked":["Runic Dome","Calling Bell"],"picked":"Black Star"}],"items_purged_floors":[45],"is_endless":false,"potions_floor_spawned":[1,8,14,24,28,33,42,46],"ascension_level":0}