{"gold_per_floor":[117,136,86,11,0,0,33,33,80,103,103,121,132,144,144,240,240,257,257,257,276,276],"floor_reached":22,"playtime":1180,"items_purged":["Defend_G"],"score":293,"play_id":"291b2519-20a9-4b8c-b22e-210026af1b19","local_time":"20190711042355","is_ascension_mode":true,"campfire_choices":[{"data":"Noxious Fumes","floor":6,"key":"SMITH"},{"data":"Neutralize","floor":8,"key":"SMITH"},{"data":"Survivor","floor":11,"key":"SMITH"},{"data":"Footwork","floor":15,"key":"SMITH"}],"neow_cost":"NONE","seed_source_timestamp":28465926128108,"circlet_count":0,"master_deck":["Strike_G","Strike_G","Strike_G","Strike_G","Defend_G","Defend_G","Defend_G","Defend_G","Survivor+1","Neutralize+1","All Out Attack","Noxious Fumes+1","Backflip","Bane","Footwork+1","Sucker Punch","Neutralize+1","Flying Knee+1"],"relics":["Ring of the Snake","Juzu Bracelet","Paper Crane","Smiling Mask","Snake Skull","Eternal Feather"],"potions_floor_usage":[7,16,16,21],"damage_taken":[{"damage":5,"enemies":"Cultist","floor":1,"turns":6},{"damage":0,"enemies":"2 Louse","floor":2,"turns":2},{"damage":14,"enemies":"3 Sentries","floor":7,"turns":6},{"damage":0,"enemies":"Jaw Worm","floor":12,"turns":3},{"damage":5,"enemies":"Exordium Thugs","floor":13,"turns":5},{"damage":1,"enemies":"Looter","floor":14,"turns":3},{"damage":0,"enemies":"Hexaghost","floor":16,"turns":9},{"damage":13,"enemies":"Spheric Guardian","floor":18,"turns":7},{"damage":31,"enemies":"2 Thieves","floor":21,"turns":5},{"damage":14,"enemies":"Cultist and Chosen","floor":22,"turns":6}],"seed_played":"-7728442017679915134","potions_obtained":[{"floor":1,"key":"Regen Potion"},{"floor":13,"key":"Block Potion"},{"floor":16,"key":"Fruit Juice"},{"floor":18,"key":"SkillPotion"}],"is_trial":false,"path_per_floor":["M","M","?","$","?","R","E","R","T","T","R","M","M","M","R","B",null,"M","?","?","M","M"],"character_chosen":"THE_SILENT","items_purchased":[],"campfire_rested":0,"item_purchase_floors":[],"current_hp_per_floor":[65,65,65,65,65,65,63,63,63,63,63,63,58,57,57,62,72,59,45,45,14,0],"gold":276,"neow_bonus":"RANDOM_COMMON_RELIC","is_prod":false,"is_daily":false,"chose_seed":false,"campfire_upgraded":4,"win_rate":0,"timestamp":1562811835,"path_taken":["M","M","?","$","?","R","E","R","T","?","R","M","M","M","R","BOSS","M","?","?","M","M"],"build_version":"2019-07-05","purchased_purges":1,"victory":false,"max_hp_per_floor":[70,70,70,70,70,70,70,70,70,70,70,70,70,70,70,75,75,75,80,80,80,80],"card_choices":[{"not_picked":["Deflect","Choke"],"picked":"All Out Attack","floor":1},{"not_picked":["Quick Slash","Prepared"],"picked":"Noxious Fumes","floor":2},{"not_picked":["Poisoned Stab","Riddle With Holes"],"picked":"Backflip","floor":7},{"not_picked":["Backstab","Dagger Throw","Prepared"],"picked":"SKIP","floor":12},{"not_picked":["Quick Slash","Escape Plan"],"picked":"Bane","floor":13},{"not_picked":["Backstab","Infinite Blades"],"picked":"Footwork","floor":14},{"not_picked":["Prepared","Acrobatics"],"picked":"Sucker Punch","floor":18},{"not_picked":["Underhanded Strike","Cloak And Dagger+1"],"picked":"Flying Knee+1","floor":21}],"player_experience":344441,"relics_obtained":[{"floor":7,"key":"Paper Crane"},{"floor":9,"key":"Smiling Mask"},{"floor":10,"key":"Snake Skull"}],"event_choices":[{"cards_removed":["Strike_G"],"damage_healed":0,"gold_gain":0,"player_choice":"Card Removal","damage_taken":0,"max_hp_gain":0,"max_hp_loss":0,"event_name":"The Cleric","floor":3,"gold_loss":50},{"damage_healed":0,"gold_gain":0,"player_choice":"Left Gold","damage_taken":0,"max_hp_gain":0,"max_hp_loss":0,"event_name":"World of Goop","floor":5,"gold_loss":11},{"damage_healed":0,"gold_gain":0,"player_choice":"Shed Blood","damage_taken":19,"max_hp_gain":5,"max_hp_loss":0,"event_name":"Forgotten Altar","floor":19,"gold_loss":0},{"damage_healed":0,"gold_gain":0,"player_choice":"Copied","damage_taken":0,"max_hp_gain":0,"max_hp_loss":0,"event_name":"Duplicator","floor":20,"gold_loss":0,"cards_obtained":["Neutralize"]}],"is_beta":false,"boss_relics":[{"not_picked":["Calling Bell","Tiny House"],"picked":"Eternal Feather"}],"items_purged_floors":[4],"is_endless":false,"potions_floor_spawned":[1,13,16,18],"killed_by":"Cultist and Chosen","ascension_level":5}