{"gold_per_floor":[112,129,129,143,26,54,154,154,154,154,167,167,187,202,202,302,302,288,288,92,92,13,13,27,27,53,65,65,84,97,107,107,202,202,216,216,91,101,114,114,126,126,151,151,166,166,184,184,184,184],"floor_reached":50,"playtime":1408,"items_purged":["Writhe"],"score":471,"play_id":"63803799-296e-4486-b63f-35ca0a3eece5","local_time":"20190107055014","is_ascension_mode":false,"campfire_choices":[{"floor":8.0,"key":"REST"},{"data":"Go for the Eyes","floor":10.0,"key":"SMITH"},{"data":"Bandage Up","floor":15.0,"key":"SMITH"},{"floor":23.0,"key":"REST"},{"floor":32.0,"key":"REST"},{"floor":40,"key":"REST"},{"floor":42,"key":"REST"},{"floor":44,"key":"RECALL"},{"floor":46,"key":"REST"},{"floor":49,"key":"REST"}],"neow_cost":"NONE","seed_source_timestamp":258248853949037,"circlet_count":0,"master_deck":["Strike_B+1","Strike_B+1","Strike_B+1","Strike_B+1","Defend_B+1","Defend_B+1","Defend_B+1","Defend_B+1","Zap+1","Dualcast+1","Go for the Eyes+1","Bandage Up+1","Conserve Battery+1","Ball Lightning+1","Panache+1","Conserve Battery+1","Defragment+1","Seek+1","Stack+1","Reinforced Body+1","BootSequence+1","Shame","Steam+1","Ball Lightning+1"],"special_seed":0,"relics":["Cracked Core","Pocketwatch","Singing Bowl","Bottled Flame","Fusion Hammer","Cables","DataDisk","Cursed Key","Art of War","Mark of the Bloom"],"potions_floor_usage":[47],"damage_taken":[{"damage":2.0,"enemies":"Jaw Worm","floor":1.0,"turns":3.0},{"damage":0.0,"enemies":"Cultist","floor":2.0,"turns":3.0},{"damage":2.0,"enemies":"2 Louse","floor":4.0,"turns":3.0},{"damage":17.0,"enemies":"3 Sentries","floor":6.0,"turns":8.0},{"damage":8.0,"enemies":"Exordium Thugs","floor":11.0,"turns":5.0},{"damage":7.0,"enemies":"Lots of Slimes","floor":13.0,"turns":4.0},{"damage":3.0,"enemies":"Large Slime","floor":14.0,"turns":5.0},{"damage":31.0,"enemies":"Slime Boss","floor":16.0,"turns":8.0},{"damage":17.0,"enemies":"2 Thieves","floor":18.0,"turns":4.0},{"damage":25.0,"enemies":"Colosseum Slavers","floor":19.0,"turns":4.0},{"damage":7.0,"enemies":"Chosen","floor":24.0,"turns":5.0},{"damage":15.0,"enemies":"Centurion and Healer","floor":27.0,"turns":6.0},{"damage":5.0,"enemies":"Snake Plant","floor":29.0,"turns":3.0},{"damage":31.0,"enemies":"3 Cultists","floor":30.0,"turns":5.0},{"damage":16.0,"enemies":"Centurion and Healer","floor":31.0,"turns":6.0},{"damage":70.0,"enemies":"Champ","floor":33.0,"turns":10.0},{"damage":22.0,"enemies":"Orb Walker","floor":35.0,"turns":4.0},{"damage":1,"enemies":"3 Shapes","floor":38,"turns":3},{"damage":30,"enemies":"Sphere and 2 Shapes","floor":39,"turns":4},{"damage":21,"enemies":"Spire Growth","floor":41,"turns":5},{"damage":23,"enemies":"Jaw Worm Horde","floor":45,"turns":5},{"damage":63,"enemies":"Maw","floor":47,"turns":10},{"damage":44,"enemies":"Time Eater","floor":50,"turns":6}],"seed_played":"5101138688758256845","potions_obtained":[{"floor":1.0,"key":"Strength Potion"},{"floor":6.0,"key":"Strength Potion"},{"floor":16.0,"key":"FocusPotion"},{"floor":30.0,"key":"FocusPotion"},{"floor":31.0,"key":"EssenceOfSteel"},{"floor":33.0,"key":"Energy Potion"},{"floor":38,"key":"GamblersBrew"},{"floor":39,"key":"SteroidPotion"},{"floor":45,"key":"Weak Potion"},{"floor":47,"key":"SteroidPotion"}],"is_trial":false,"path_per_floor":["M","M","?","M","$","E","?","R","T","R","M","$","M","M","R","B",null,"M","?","$","?","$","R","M","?","T","M","?","M","M","M","R","B",null,"M","?","$","M","M","R","M","R","T","R","M","R","M","?","R","B"],"character_chosen":"DEFECT","items_purchased":["Bandage Up","Conserve Battery","Panache","Conserve Battery","Defragment","Stack"],"campfire_rested":7,"item_purchase_floors":[5,5,20,20,22,37],"current_hp_per_floor":[73,73,40,38,38,27,27,50,50,50,48,48,47,48,48,25,83,74,55,55,55,55,80,81,81,81,72,72,69,46,38,65,3,95,81,81,81,88,64,93,78,99,99,99,82,99,42,42,42,0],"gold":184,"neow_bonus":"UPGRADE_CARD","is_prod":false,"is_daily":false,"chose_seed":false,"campfire_upgraded":2,"win_rate":0,"timestamp":1546833014,"path_taken":["M","M","?","M","$","E","?","R","T","R","M","$","M","M","R","BOSS","M","?","$","?","$","R","M","?","T","M","?","M","M","M","R","BOSS","M","?","$","M","?","R","M","R","T","R","M","R","M","?","R","BOSS"],"build_version":"2019-01-03v4","purchased_purges":1,"victory":false,"max_hp_per_floor":[75,75,75,75,75,77,77,77,77,77,79,79,81,81,81,83,83,85,85,85,85,85,85,87,87,87,87,87,89,91,93,93,95,95,97,97,97,99,99,99,99,99,99,99,99,99,99,99,99,99],"card_choices":[{"not_picked":["Undo","Stack","Chaos"],"picked":"SKIP","floor":1.0},{"not_picked":["Turbo","Cold Snap"],"picked":"Go for the Eyes","floor":2.0},{"not_picked":["Stack","Gash","Skim"],"picked":"SKIP","floor":4.0},{"not_picked":["Coolheaded","Turbo","Go for the Eyes"],"picked":"Singing Bowl","floor":6.0},{"not_picked":["Recycle","Glacier","Leap"],"picked":"Singing Bowl","floor":11.0},{"not_picked":["Hologram","Turbo","Steam Power"],"picked":"Singing Bowl","floor":13.0},{"not_picked":["Doom and Gloom","Turbo"],"picked":"Ball Lightning","floor":14.0},{"not_picked":["Hyperbeam","Amplify","Fission"],"picked":"Singing Bowl","floor":16.0},{"not_picked":["Gash+1","Turbo","Sweeping Beam+1"],"picked":"Singing Bowl","floor":18.0},{"not_picked":["Glacier+1","Compile Driver+1","Stack+1"],"picked":"Singing Bowl","floor":24.0},{"not_picked":["Stack","Compile Driver+1"],"picked":"Seek","floor":27.0},{"not_picked":["Turbo","Barrage+1","Hologram+1"],"picked":"Singing Bowl","floor":29.0},{"not_picked":["Stack","Streamline","Go for the Eyes+1"],"picked":"Singing Bowl","floor":30.0},{"not_picked":["Sunder","Stack","Redo"],"picked":"Singing Bowl","floor":31.0},{"not_picked":["Fission","Thunder Strike","Multi-Cast"],"picked":"Singing Bowl","floor":33.0},{"not_picked":["Gash","Fusion","Beam Cell+1"],"picked":"Singing Bowl","floor":35.0},{"not_picked":["Turbo+1","Steam","Sweeping Beam"],"picked":"Singing Bowl","floor":38},{"not_picked":["Sweeping Beam","Cold Snap+1"],"picked":"Reinforced Body+1","floor":39},{"not_picked":["Cold Snap","Rainbow"],"picked":"BootSequence+1","floor":41},{"not_picked":["Rebound+1","Heatsinks+1"],"picked":"Steam+1","floor":45},{"not_picked":["Sunder","Glacier+1"],"picked":"Ball Lightning+1","floor":47}],"player_experience":549840,"relics_obtained":[{"floor":6.0,"key":"Singing Bowl"},{"floor":9.0,"key":"Bottled Flame"},{"floor":26.0,"key":"DataDisk"},{"floor":43,"key":"Art of War"}],"event_choices":[{"damage_healed":0.0,"max_hp_gain":0.0,"max_hp_loss":0.0,"gold_gain":0.0,"event_name":"Scrap Ooze","player_choice":"Success","floor":3.0,"gold_loss":0.0,"damage_taken":33.0,"relics_obtained":["Pocketwatch"]},{"damage_healed":0.0,"max_hp_gain":0.0,"max_hp_loss":0.0,"gold_gain":100.0,"event_name":"Wheel of Change","player_choice":"Gold","floor":7.0,"gold_loss":0.0,"damage_taken":0.0},{"damage_healed":0.0,"max_hp_gain":0.0,"max_hp_loss":0.0,"gold_gain":0.0,"event_name":"Colosseum","player_choice":"Fight","floor":19.0,"gold_loss":0.0,"damage_taken":0.0},{"damage_healed":0.0,"max_hp_gain":0.0,"max_hp_loss":0.0,"gold_gain":0.0,"event_name":"Colosseum","player_choice":"Fled From Nobs","floor":19.0,"gold_loss":0.0,"damage_taken":0.0},{"damage_healed":0.0,"max_hp_gain":0.0,"max_hp_loss":0.0,"gold_gain":0.0,"event_name":"The Mausoleum","player_choice":"Opened","floor":21.0,"gold_loss":0.0,"damage_taken":0.0,"relics_obtained":["Cables"],"cards_obtained":["Writhe"]},{"damage_healed":0.0,"max_hp_gain":0.0,"max_hp_loss":0.0,"gold_gain":0.0,"event_name":"Cursed Tome","player_choice":"Ignored","floor":25.0,"gold_loss":0.0,"damage_taken":0.0},{"damage_healed":0.0,"max_hp_gain":0.0,"max_hp_loss":0.0,"gold_gain":0.0,"event_name":"Beggar","player_choice":"Ignored","floor":28.0,"gold_loss":0.0,"damage_taken":0.0},{"damage_healed":0,"gold_gain":0,"player_choice":"Ignored","damage_taken":0,"max_hp_gain":0,"max_hp_loss":0,"event_name":"Transmorgrifier","floor":36,"gold_loss":0},{"damage_healed":0,"gold_gain":0,"player_choice":"Upgrade","damage_taken":0,"relics_obtained":["Mark of the Bloom"],"max_hp_gain":0,"max_hp_loss":0,"event_name":"MindBloom","floor":48,"gold_loss":0,"cards_upgraded":["Strike_B","Strike_B","Strike_B","Strike_B","Defend_B","Defend_B","Defend_B","Defend_B","Dualcast","Conserve Battery","Ball Lightning","Panache","Conserve Battery","Defragment","Seek","Stack"]}],"is_beta":false,"boss_relics":[{"not_picked":["Philosopher\u0027s Stone","Empty Cage"],"picked":"Fusion Hammer"},{"not_picked":["Tiny House","Runic Dome"],"picked":"Cursed Key"}],"items_purged_floors":[37],"is_endless":false,"potions_floor_spawned":[1,6,16,19,30,31,33,38,39,45,47],"killed_by":"Time Eater","ascension_level":0}