{"path_per_floor":["M","M","?","$","M","R","M","E","T","M","$","R","M","M","R","B",null,"M","?","$","M","?","R","$","M","T","R","?","T","M","M","R","B",null,"M","M","$","M","M","R","M","?","T","M","M","?","$","?","R"],"character_chosen":"IRONCLAD","items_purchased":["Feed","Inflame","Cleave+1","Apotheosis","Rage","Immolate+1"],"gold_per_floor":[111,121,121,48,68,68,83,110,192,209,111,111,130,141,141,241,241,254,254,254,267,357,357,143,156,232,232,155,178,190,210,210,314,314,330,346,346,364,383,383,400,400,423,435,451,451,145,0,0,0],"floor_reached":50,"campfire_rested":3,"playtime":2024,"item_purchase_floors":[],"current_hp_per_floor":[39,37,34,34,42,42,52,16,16,11,11,39,37,48,48,11,107,100,84,84,76,60,60,60,44,44,44,44,44,35,38,76,24,127,131,105,105,104,91,91,76,76,76,35,37,37,37,37,81,14],"items_purged":["Pain"],"gold":0,"score":498,"play_id":"88eed46f-fe86-43f3-93d9-58a40e2a66bd","local_time":"20180613224352","is_prod":false,"is_daily":false,"chose_seed":false,"is_ascension_mode":false,"campfire_upgraded":5,"win_rate":0,"timestamp":1528919032,"campfire_choices":[{"data":"Feed","floor":6.0,"key":"SMITH"},{"floor":12.0,"key":"REST"},{"data":"Inflame","floor":15.0,"key":"SMITH"},{"data":"Armaments","floor":23,"key":"SMITH"},{"data":"Apotheosis","floor":27,"key":"SMITH"},{"floor":32,"key":"REST"},{"data":"Limit Break","floor":40,"key":"SMITH"},{"floor":49,"key":"REST"}],"path_taken":["BOSS","M","M","?","$","?","R","M","E","T","M","$","R","M","M","R","BOSS","M","?","$","M","?","R","$","M","T","R","?","?","M","M","R","BOSS","M","M","$","M","M","R","M","?","T","M","M","?","$","?","R","BOSS"],"build_version":"2018-06-07v3","seed_source_timestamp":0,"purchased_purges":1,"victory":false,"master_deck":["Strike_R","Strike_R","Strike_R","Strike_R","Defend_R","Defend_R","Defend_R","Defend_R","Bash","Feed+1","Seeing Red","Armaments+1","Exhume","Inflame+1","Cleave+1","Iron Wave+1","Offering","Necronomicurse","Apotheosis+1","J.A.X.","Iron Wave+1","Limit Break+1","Battle Trance","Iron Wave+1","Thunderclap+1","Finesse","Rage","Immolate+1"],"max_hp_per_floor":[80,80,80,80,83,83,87,91,91,95,95,95,99,103,103,107,107,111,111,111,115,115,115,115,115,115,115,115,115,119,127,127,127,127,131,131,131,135,139,139,139,139,139,143,147,147,147,147,147,147],"relics":["Burning Blood","Bird Faced Urn","Gambling Chip","Juzu Bracelet","Molten Egg 2","White Beast Statue","Necronomicon","Tiny Chest","Oddly Smooth Stone","Cursed Key","Bag of Preparation","Red Mask"],"card_choices":[{"not_picked":["Iron Wave","Dropkick","Shockwave"],"picked":"SKIP","floor":1.0},{"not_picked":["Warcry","True Grit","Intimidate"],"picked":"SKIP","floor":2.0},{"not_picked":["Body Slam","Pummel"],"picked":"Seeing Red","floor":5.0},{"not_picked":["Iron Wave","Clothesline"],"picked":"Armaments","floor":7.0},{"not_picked":["Perfected Strike","Havoc","Reckless Charge"],"picked":"SKIP","floor":8.0},{"not_picked":["Warcry","Body Slam+1"],"picked":"Exhume","floor":10.0},{"not_picked":["Clash+1","Anger+1"],"picked":"Iron Wave+1","floor":13.0},{"not_picked":["Combust","Flex","Warcry"],"picked":"SKIP","floor":14.0},{"not_picked":["Berserk","Immolate+1"],"picked":"Offering","floor":16.0},{"not_picked":["True Grit+1","Anger+1","Seeing Red"],"picked":"SKIP","floor":18},{"not_picked":["Havoc","Seeing Red","Headbutt+1"],"picked":"SKIP","floor":21},{"not_picked":["Body Slam+1","True Grit","Fire Breathing"],"picked":"SKIP","floor":25},{"not_picked":["Whirlwind+1","Second Wind"],"picked":"Iron Wave+1","floor":30},{"not_picked":["Pommel Strike+1","Anger+1","Bloodletting"],"picked":"SKIP","floor":31},{"not_picked":["Bludgeon+1","Immolate+1"],"picked":"Limit Break","floor":33},{"not_picked":["Reckless Charge+1","Dropkick+1"],"picked":"Battle Trance","floor":35},{"not_picked":["Rampage+1","Headbutt+1"],"picked":"Iron Wave+1","floor":36},{"not_picked":["Hemokinesis+1","Burning Pact","Twin Strike+1"],"picked":"SKIP","floor":38},{"not_picked":["Flex+1","Anger+1","Wild Strike+1"],"picked":"SKIP","floor":39},{"not_picked":["Sentinel+1","Intimidate+1"],"picked":"Thunderclap+1","floor":41},{"not_picked":["Flex+1","Pummel+1","Combust"],"picked":"SKIP","floor":44},{"not_picked":["Clash+1","Warcry+1","Hemokinesis+1"],"picked":"SKIP","floor":45},{"not_picked":["Magnetism","Master of Strategy"],"picked":"Finesse","floor":46}],"player_experience":127131,"potions_floor_usage":[18,30,31,33,33,50,50],"damage_taken":[{"damage":7.0,"enemies":"Small Slimes","floor":1.0,"turns":5.0},{"damage":8.0,"enemies":"Jaw Worm","floor":2.0,"turns":4.0},{"damage":1.0,"enemies":"Cultist","floor":5.0,"turns":3.0},{"damage":0.0,"enemies":"3 Louse","floor":7.0,"turns":3.0},{"damage":46.0,"enemies":"Lagavulin","floor":8.0,"turns":8.0},{"damage":17.0,"enemies":"Large Slime","floor":10.0,"turns":13.0},{"damage":14.0,"enemies":"2 Fungi Beasts","floor":13.0,"turns":3.0},{"damage":1.0,"enemies":"Red Slaver","floor":14.0,"turns":4.0},{"damage":49.0,"enemies":"The Guardian","floor":16.0,"turns":15.0},{"damage":19,"enemies":"2 Thieves","floor":18,"turns":3},{"damage":20,"enemies":"Shell Parasite","floor":21,"turns":7},{"damage":24,"enemies":"Snake Plant","floor":25,"turns":7},{"damage":21,"enemies":"Cultist and Chosen","floor":30,"turns":5},{"damage":25,"enemies":"Centurion and Healer","floor":31,"turns":9},{"damage":60,"enemies":"Automaton","floor":33,"turns":10},{"damage":3,"enemies":"Orb Walker","floor":35,"turns":3},{"damage":34,"enemies":"3 Darklings","floor":36,"turns":4},{"damage":13,"enemies":"4 Shapes","floor":38,"turns":5},{"damage":25,"enemies":"Sphere and 2 Shapes","floor":39,"turns":5},{"damage":23,"enemies":"3 Darklings","floor":41,"turns":4},{"damage":53,"enemies":"Maw","floor":44,"turns":5},{"damage":10,"enemies":"4 Shapes","floor":45,"turns":6},{"damage":83,"enemies":"Time Eater","floor":50,"turns":7}],"relics_obtained":[{"floor":8.0,"key":"Juzu Bracelet"},{"floor":9.0,"key":"Molten Egg 2"},{"floor":19,"key":"Necronomicon"},{"floor":26,"key":"Tiny Chest"},{"floor":29,"key":"Oddly Smooth Stone"},{"floor":43,"key":"Bag of Preparation"}],"event_choices":[{"event_name":"Scrap Ooze","player_choice":"success","floor":3.0,"damage_taken":3.0},{"event_name":"Cursed Tome","player_choice":"Obtained Book","floor":19,"damage_taken":0},{"event_name":"Knowing Skull","player_choice":"GOLD ","floor":22,"damage_taken":0},{"event_name":"Drug Dealer","player_choice":"Got JAXXED","floor":28,"damage_taken":0},{"event_name":"Falling","player_choice":"Removed Attack","floor":42,"damage_taken":0},{"event_name":"SensoryStone","player_choice":"Memory 1","floor":46,"damage_taken":0},{"event_name":"Tomb of Lord Red Mask","player_choice":"Paid","floor":48,"damage_taken":0}],"boss_relics":[{"not_picked":["Tiny House","Sozu"],"picked":"White Beast Statue"},{"not_picked":["Runic Pyramid","Eternal Feather"],"picked":"Cursed Key"}],"items_purged_floors":[47],"potions_floor_spawned":[2,7,8,13,16,18,21,25,30,31,33,35,36,38,39,41,44,45],"seed_played":"6232958526419013274","killed_by":"Time Eater","ascension_level":0,"potions_obtained":[{"floor":2.0,"key":"Swift Potion"},{"floor":7.0,"key":"Block Potion"},{"floor":8.0,"key":"PowerPotion"},{"floor":13.0,"key":"Fire Potion"},{"floor":16.0,"key":"Dexterity Potion"},{"floor":18,"key":"BloodPotion"},{"floor":21,"key":"SpeedPotion"},{"floor":30,"key":"Swift Potion"},{"floor":31,"key":"LiquidBronze"},{"floor":33,"key":"Explosive Potion"},{"floor":35,"key":"GamblersBrew"},{"floor":36,"key":"FairyPotion"},{"floor":44,"key":"Block Potion"}],"is_trial":false}