{"gold_per_floor":[114,114,124,124,53,67,67,87,160,108,122,158,2,27,27,146,146,161,176,22,37,60,60,76,94,168,193,193,217,217,217,217,217],"floor_reached":33,"playtime":744,"items_purged":[],"score":303,"play_id":"bd1ff0e2-0293-40c6-9b7f-2fde59270424","local_time":"20180806132056","is_ascension_mode":false,"campfire_choices":[{"data":"Spot Weakness","floor":7,"key":"SMITH"},{"data":"Sword Boomerang","floor":15,"key":"SMITH"},{"data":"Limit Break","floor":23,"key":"SMITH"},{"floor":28,"key":"REST"},{"data":"Rage","floor":32,"key":"SMITH"}],"neow_cost":"NONE","seed_source_timestamp":333019262686300,"circlet_count":0,"master_deck":["Strike_R","Strike_R","Strike_R","Strike_R","Strike_R","Defend_R","Defend_R","Defend_R","Defend_R","Bash","Cleave","Thunderclap","Whirlwind","Spot Weakness+1","Sword Boomerang+1","Twin Strike","Limit Break+1","Armaments+1","Rage+1","Sword Boomerang"],"relics":["Burning Blood","Happy Flower","Golden Idol","Matryoshka","Art of War","Vajra","White Beast Statue","Potion Belt","Orichalcum","Darkstone Periapt"],"potions_floor_usage":[1,1,16,21,21,21,25,27,27,29,33,33,33,33],"damage_taken":[{"damage":8,"enemies":"Jaw Worm","floor":1,"turns":4},{"damage":6,"enemies":"Cultist","floor":3,"turns":3},{"damage":0,"enemies":"2 Louse","floor":6,"turns":1},{"damage":10,"enemies":"Looter","floor":8,"turns":2},{"damage":6,"enemies":"Exordium Wildlife","floor":11,"turns":3},{"damage":25,"enemies":"Gremlin Nob","floor":12,"turns":4},{"damage":13,"enemies":"Exordium Thugs","floor":14,"turns":2},{"damage":0,"enemies":"Slime Boss","floor":16,"turns":4},{"damage":19,"enemies":"Shell Parasite","floor":18,"turns":4},{"damage":5,"enemies":"3 Byrds","floor":19,"turns":3},{"damage":10,"enemies":"Sentry and Sphere","floor":21,"turns":3},{"damage":23,"enemies":"Snecko","floor":22,"turns":6},{"damage":10,"enemies":"Chosen and Byrds","floor":24,"turns":4},{"damage":24,"enemies":"Centurion and Healer","floor":25,"turns":5},{"damage":19,"enemies":"Snecko","floor":27,"turns":4},{"damage":17,"enemies":"3 Cultists","floor":29,"turns":5},{"damage":40,"enemies":"Champ","floor":33,"turns":6}],"seed_played":"-1891331522924774597","potions_obtained":[{"floor":1,"key":"Block Potion"},{"floor":6,"key":"Explosive Potion"},{"floor":12,"key":"Poison Potion"},{"floor":18,"key":"SteroidPotion"},{"floor":21,"key":"PowerPotion"},{"floor":22,"key":"Fire Potion"},{"floor":25,"key":"Energy Potion"},{"floor":27,"key":"Energy Potion"},{"floor":29,"key":"AttackPotion"}],"is_trial":false,"path_per_floor":["M","?","M","?","$","M","R","M","T","$","M","E","$","M","R","B",null,"M","M","$","M","M","R","M","M","T","M","R","M","$","?","R"],"character_chosen":"IRONCLAD","items_purchased":["Whirlwind","Sword Boomerang","Vajra","Potion Belt"],"campfire_rested":1,"item_purchase_floors":[5,10,13,20],"current_hp_per_floor":[88,88,88,83,83,83,83,79,79,79,79,60,60,53,53,59,83,70,71,71,67,50,50,46,28,28,15,39,28,28,28,28,0],"gold":217,"neow_bonus":"THREE_SMALL_POTIONS","is_prod":false,"is_daily":false,"chose_seed":false,"campfire_upgraded":4,"win_rate":0,"timestamp":1533550856,"path_taken":["M","?","M","?","$","M","R","M","T","?","M","E","$","M","R","BOSS","M","M","$","M","M","R","M","M","T","M","R","M","$","?","R","BOSS"],"build_version":"2018-08-02","purchased_purges":0,"victory":false,"max_hp_per_floor":[90,90,90,83,83,83,83,83,83,83,83,83,83,83,83,83,83,83,83,83,83,83,83,83,83,83,83,83,83,83,83,83,83],"card_choices":[{"not_picked":["Infernal Blade","Intimidate"],"picked":"Cleave","floor":1},{"not_picked":["Clothesline","Cleave"],"picked":"Thunderclap","floor":3},{"not_picked":["Combust","Pommel Strike"],"picked":"Spot Weakness","floor":6},{"not_picked":["Warcry","Burning Pact","Wild Strike"],"picked":"SKIP","floor":8},{"not_picked":["Burning Pact","Havoc","Fiend Fire"],"picked":"SKIP","floor":11},{"not_picked":["Havoc","Flame Barrier"],"picked":"Twin Strike","floor":12},{"not_picked":["Thunderclap","Heavy Blade","True Grit"],"picked":"SKIP","floor":14},{"not_picked":["Dark Embrace","Impervious"],"picked":"Limit Break","floor":16},{"not_picked":["Body Slam+1","Pommel Strike"],"picked":"Armaments+1","floor":18},{"not_picked":["Spot Weakness","Body Slam"],"picked":"Rage","floor":19},{"not_picked":["Seeing Red+1","Corruption","Clothesline+1"],"picked":"SKIP","floor":21},{"not_picked":["Warcry","Thunderclap","Clash"],"picked":"SKIP","floor":22},{"not_picked":["Havoc","True Grit+1","Warcry"],"picked":"SKIP","floor":24},{"not_picked":["Warcry","Twin Strike","Pommel Strike"],"picked":"SKIP","floor":25},{"not_picked":["Heavy Blade+1","Flex+1","Rupture"],"picked":"SKIP","floor":27},{"not_picked":["Exhume","Dropkick"],"picked":"Sword Boomerang","floor":29}],"player_experience":299052,"relics_obtained":[{"floor":9,"key":"Matryoshka"},{"floor":12,"key":"Art of War"},{"floor":26,"key":"Orichalcum"},{"floor":26,"key":"Darkstone Periapt"}],"event_choices":[{"event_name":"WeMeetAgain","player_choice":"Potion","floor":2,"damage_taken":0},{"event_name":"Golden Idol","player_choice":"Lose Max HP","floor":4,"damage_taken":0},{"event_name":"Cursed Tome","player_choice":"Ignored","floor":31,"damage_taken":0}],"is_beta":false,"boss_relics":[{"not_picked":["Orrery","Snecko Eye"],"picked":"White Beast Statue"}],"items_purged_floors":[],"is_endless":false,"potions_floor_spawned":[1,6,12,14,18,19,21,22,24,25,27,29],"killed_by":"Champ","ascension_level":0}