{"gold_per_floor":[113,66,76,96,110,137,137,155,230,247,52,66,66,141,141,246,246,265,25,39,58,75,75],"floor_reached":23,"playtime":952,"items_purged":[],"score":197,"play_id":"37997c1b-dd7f-4344-99eb-e7915a6bf9ea","local_time":"20180730220520","is_ascension_mode":false,"campfire_choices":[{"data":"Armaments","floor":13.0,"key":"SMITH"},{"floor":15.0,"key":"REST"}],"neow_cost":"NONE","seed_source_timestamp":118930881217591,"circlet_count":0,"master_deck":["Strike_R+1","Strike_R","Strike_R","Strike_R","Strike_R","Defend_R","Defend_R","Defend_R","Defend_R","Bash","Whirlwind+1","Sword Boomerang","Sword Boomerang","Armaments+1","Limit Break","Battle Trance+1"],"special_seed":0,"relics":["Burning Blood","Regal Pillow","Smiling Mask","Singing Bowl","Boot","Sozu","Bottled Flame"],"potions_floor_usage":[],"damage_taken":[{"damage":6.0,"enemies":"Jaw Worm","floor":1.0,"turns":3.0},{"damage":0.0,"enemies":"Small Slimes","floor":3.0,"turns":2.0},{"damage":0.0,"enemies":"2 Louse","floor":4.0,"turns":1.0},{"damage":20.0,"enemies":"Looter","floor":5.0,"turns":3.0},{"damage":27.0,"enemies":"3 Sentries","floor":6.0,"turns":5.0},{"damage":23.0,"enemies":"Exordium Thugs","floor":8.0,"turns":4.0},{"damage":0.0,"enemies":"Large Slime","floor":10.0,"turns":4.0},{"damage":15.0,"enemies":"Gremlin Gang","floor":12.0,"turns":3.0},{"damage":26.0,"enemies":"Slime Boss","floor":16.0,"turns":9.0},{"damage":25.0,"enemies":"Spheric Guardian","floor":18.0,"turns":4.0},{"damage":10.0,"enemies":"Chosen","floor":20.0,"turns":3.0},{"damage":25.0,"enemies":"Sentry and Sphere","floor":21.0,"turns":4.0},{"damage":23.0,"enemies":"Centurion and Healer","floor":22.0,"turns":4.0},{"damage":34,"enemies":"Gremlin Leader","floor":23,"turns":4}],"seed_played":"-71263319449970480","potions_obtained":[{"floor":3.0,"key":"Explosive Potion"},{"floor":5.0,"key":"BloodPotion"},{"floor":8.0,"key":"Block Potion"},{"floor":10.0,"key":"GamblersBrew"},{"floor":12.0,"key":"Swift Potion"}],"is_trial":false,"path_per_floor":["M","$","M","M","M","E","?","M","T","M","$","M","R","?","R","B",null,"M","$","M","M","M"],"character_chosen":"IRONCLAD","items_purchased":["Sword Boomerang","Boot","Armaments","Bottled Flame"],"campfire_rested":1,"item_purchase_floors":[2,11,11,19],"current_hp_per_floor":[80,80,80,80,66,45,29,12,12,20,20,21,21,10,50,30,84,67,67,63,46,31,0],"gold":75,"neow_bonus":"RANDOM_COMMON_RELIC","is_prod":false,"is_daily":false,"chose_seed":false,"campfire_upgraded":1,"win_rate":0,"timestamp":1532977520,"path_taken":["M","$","M","M","M","E","?","M","T","M","$","M","R","?","R","BOSS","M","$","M","M","M","E"],"build_version":"2018-07-26","purchased_purges":0,"victory":false,"max_hp_per_floor":[80,80,80,80,80,80,80,80,80,82,82,84,84,84,84,84,84,86,86,86,88,90,90],"card_choices":[{"not_picked":["Wild Strike","Headbutt"],"picked":"Whirlwind","floor":1.0},{"not_picked":["Flame Barrier","Hemokinesis","Pommel Strike"],"picked":"SKIP","floor":3.0},{"not_picked":["Shrug It Off","Clash","Body Slam"],"picked":"SKIP","floor":4.0},{"not_picked":["Corruption","Immolate"],"picked":"Sword Boomerang","floor":5.0},{"not_picked":["Bloodletting","Cleave","Perfected Strike"],"picked":"SKIP","floor":6.0},{"not_picked":["Body Slam","Wild Strike","Reckless Charge"],"picked":"SKIP","floor":8.0},{"not_picked":["Carnage","True Grit","Entrench"],"picked":"Singing Bowl","floor":10.0},{"not_picked":["Wild Strike","Thunderclap","Shrug It Off"],"picked":"Singing Bowl","floor":12.0},{"not_picked":["Fiend Fire","Double Tap"],"picked":"Limit Break","floor":16.0},{"not_picked":["Pummel","Pommel Strike","Perfected Strike"],"picked":"Singing Bowl","floor":18.0},{"not_picked":["Thunderclap","Flex"],"picked":"Battle Trance+1","floor":20.0},{"not_picked":["Fire Breathing+1","Twin Strike","Disarm"],"picked":"Singing Bowl","floor":21.0},{"not_picked":["Thunderclap","Fire Breathing","Pommel Strike"],"picked":"Singing Bowl","floor":22.0}],"player_experience":268147,"relics_obtained":[{"floor":6.0,"key":"Smiling Mask"},{"floor":9.0,"key":"Singing Bowl"}],"event_choices":[{"event_name":"Shining Light","player_choice":"Entered Light","floor":7.0,"damage_taken":0.0},{"event_name":"World of Goop","player_choice":"Gather Gold","floor":14.0,"damage_taken":0.0}],"is_beta":false,"boss_relics":[{"not_picked":["White Beast Statue","Runic Pyramid"],"picked":"Sozu"}],"items_purged_floors":[],"is_endless":false,"potions_floor_spawned":[3,5,8,10,12,21,22],"killed_by":"Gremlin Leader","ascension_level":0}