{"gold_per_floor":[110,122,47,116,133,159,174,124,198,213,213,233,265,229,229,229],"floor_reached":16,"playtime":396,"items_purged":[],"score":135,"play_id":"9df9d4b5-07e4-4fb6-9680-7dcabcd3d5d3","local_time":"20190724165954","is_ascension_mode":false,"campfire_choices":[{"data":"Bash","floor":11.0,"key":"SMITH"},{"data":"Uppercut","floor":15,"key":"SMITH"}],"neow_cost":"CURSE","seed_source_timestamp":84659458405600,"circlet_count":0,"master_deck":["Strike_R","Strike_R","Strike_R","Strike_R","Defend_R","Defend_R","Defend_R","Defend_R","Bash+1","Clumsy","Feed","Battle Trance","Shrug It Off","Twin Strike","Uppercut+1"],"special_seed":0,"relics":["Burning Blood","Magic Flower","Odd Mushroom","Dream Catcher"],"potions_floor_usage":[13],"damage_taken":[{"damage":6.0,"enemies":"Jaw Worm","floor":1.0,"turns":3.0},{"damage":8.0,"enemies":"2 Louse","floor":2.0,"turns":3.0},{"damage":6.0,"enemies":"Cultist","floor":5.0,"turns":4.0},{"damage":20.0,"enemies":"Gremlin Nob","floor":6.0,"turns":4.0},{"damage":11.0,"enemies":"Blue Slaver","floor":7.0,"turns":4.0},{"damage":6.0,"enemies":"Red Slaver","floor":10.0,"turns":6.0},{"damage":27.0,"enemies":"The Mushroom Lair","floor":12.0,"turns":7.0},{"damage":29,"enemies":"Lagavulin","floor":13,"turns":7},{"damage":0,"enemies":"Hexaghost","floor":16,"turns":1}],"seed_played":"-4964796083723473294","potions_obtained":[{"floor":6.0,"key":"Poison Potion"},{"floor":10.0,"key":"AttackPotion"},{"floor":13,"key":"SpeedPotion"}],"is_trial":false,"path_per_floor":["M","M","$","?","M","E","M","?","T","M","R","?","E","$","R","B"],"character_chosen":"IRONCLAD","items_purchased":["Battle Trance","Uppercut"],"campfire_rested":0,"item_purchase_floors":[3,14],"current_hp_per_floor":[83,84,84,84,87,73,76,76,76,79,79,66,46,46,46,46],"gold":229,"neow_bonus":"THREE_RARE_CARDS","is_prod":false,"is_daily":false,"chose_seed":false,"campfire_upgraded":2,"win_rate":0,"timestamp":1563976794,"path_taken":["M","M","$","?","M","E","M","?","T","M","R","?","E","?","R","BOSS"],"build_version":"2019-07-17","purchased_purges":0,"victory":false,"max_hp_per_floor":[83,86,86,86,89,89,92,92,92,92,92,95,95,95,95,95],"card_choices":[{"not_picked":["Exhume","Fiend Fire"],"picked":"Feed","floor":0.0},{"not_picked":["Havoc","Cleave","Pommel Strike"],"picked":"SKIP","floor":1.0},{"not_picked":["Blood for Blood","Sword Boomerang","Power Through"],"picked":"SKIP","floor":2.0},{"not_picked":["Cleave","Clothesline","Fiend Fire"],"picked":"SKIP","floor":5.0},{"not_picked":["Armaments","Impervious"],"picked":"Shrug It Off","floor":6.0},{"not_picked":["Anger","Sword Boomerang","Clash"],"picked":"SKIP","floor":7.0},{"not_picked":["Heavy Blade","Havoc","Rage"],"picked":"SKIP","floor":10.0},{"not_picked":["Flex","Shrug It Off"],"picked":"Twin Strike","floor":13}],"player_experience":754612,"relics_obtained":[{"floor":6.0,"key":"Magic Flower"},{"floor":12.0,"key":"Odd Mushroom"},{"floor":13,"key":"Dream Catcher"}],"event_choices":[{"damage_healed":0.0,"max_hp_gain":0.0,"max_hp_loss":0.0,"gold_gain":69.0,"event_name":"Golden Wing","player_choice":"Gained Gold","floor":4.0,"gold_loss":0.0,"damage_taken":0.0},{"cards_removed":["Strike_R"],"damage_healed":0.0,"max_hp_gain":0.0,"max_hp_loss":0.0,"gold_gain":0.0,"event_name":"The Cleric","player_choice":"Card Removal","floor":8.0,"gold_loss":50.0,"damage_taken":0.0},{"damage_healed":0.0,"max_hp_gain":0.0,"max_hp_loss":0.0,"gold_gain":0.0,"event_name":"Mushrooms","player_choice":"Fought Mushrooms","floor":12.0,"gold_loss":0.0,"damage_taken":0.0}],"is_beta":false,"boss_relics":[],"items_purged_floors":[],"is_endless":false,"potions_floor_spawned":[6,10,13],"killed_by":"Hexaghost","ascension_level":0}