{"gold_per_floor":[118,130,146,19,19,19,53,67,114,133,154,169,205,220,220,340,340],"floor_reached":17,"playtime":611,"items_purged":["Strike_R"],"score":271,"play_id":"94ac4346-3b65-4a56-a671-8ee0f661b2e6","local_time":"20190728101825","is_ascension_mode":false,"campfire_choices":[{"data":"Body Slam","floor":6.0,"key":"SMITH"},{"data":"Entrench","floor":15,"key":"SMITH"}],"neow_cost":"NONE","seed_source_timestamp":42413761514200,"circlet_count":0,"master_deck":["Strike_R","Strike_R","Strike_R","Strike_R","Defend_R","Defend_R","Defend_R","Defend_R","Bash","Body Slam+1","Shrug It Off","Shrug It Off","Entrench+1"],"special_seed":0,"relics":["Burning Blood","Dream Catcher","Golden Idol","Darkstone Periapt","PreservedInsect","Regal Pillow","Calling Bell"],"potions_floor_usage":[14,16,16,16],"damage_taken":[{"damage":6.0,"enemies":"Cultist","floor":1.0,"turns":3.0},{"damage":4.0,"enemies":"2 Louse","floor":2.0,"turns":3.0},{"damage":0.0,"enemies":"Small Slimes","floor":3.0,"turns":4.0},{"damage":22.0,"enemies":"Lagavulin","floor":7.0,"turns":9.0},{"damage":9.0,"enemies":"Gremlin Gang","floor":8.0,"turns":5.0},{"damage":6.0,"enemies":"2 Fungi Beasts","floor":10.0,"turns":3.0},{"damage":2.0,"enemies":"Looter","floor":11.0,"turns":3.0},{"damage":2.0,"enemies":"Blue Slaver","floor":12.0,"turns":4.0},{"damage":31,"enemies":"Gremlin Nob","floor":13,"turns":5},{"damage":3,"enemies":"Red Slaver","floor":14,"turns":4},{"damage":45,"enemies":"The Guardian","floor":16,"turns":19}],"seed_played":"-6091756379998887279","potions_obtained":[{"floor":2.0,"key":"BloodPotion"},{"floor":7.0,"key":"PowerPotion"},{"floor":11.0,"key":"AttackPotion"},{"floor":12.0,"key":"Energy Potion"},{"floor":14,"key":"BloodPotion"}],"is_trial":false,"path_per_floor":["M","M","M","$","?","R","E","M","T","M","M","M","E","M","R","B",null],"character_chosen":"IRONCLAD","items_purchased":["Shrug It Off"],"campfire_rested":0,"item_purchase_floors":[4],"current_hp_per_floor":[80,80,80,80,60,60,44,41,41,41,45,49,24,27,27,28,28],"gold":340,"neow_bonus":"RANDOM_COMMON_RELIC","is_prod":false,"is_daily":false,"chose_seed":false,"campfire_upgraded":2,"win_rate":0,"timestamp":1564298305,"path_taken":["M","?","M","$","?","R","E","M","T","M","M","M","E","M","R","BOSS"],"build_version":"2019-07-17","purchased_purges":1,"victory":false,"max_hp_per_floor":[80,80,80,80,80,80,80,80,80,80,80,80,80,80,80,80,80],"card_choices":[{"not_picked":["Twin Strike","Thunderclap","Warcry"],"picked":"SKIP","floor":1.0},{"not_picked":["Headbutt","Thunderclap","Twin Strike"],"picked":"SKIP","floor":2.0},{"not_picked":["Perfected Strike","Dual Wield"],"picked":"Body Slam","floor":3.0},{"not_picked":["Flex","Seeing Red"],"picked":"Shrug It Off","floor":7.0},{"not_picked":["Sword Boomerang","Pummel","Iron Wave"],"picked":"SKIP","floor":8.0},{"not_picked":["Dropkick","Berserk","Headbutt"],"picked":"SKIP","floor":10.0},{"not_picked":["Clash","Warcry","Rage"],"picked":"SKIP","floor":11.0},{"not_picked":["Burning Pact","Havoc"],"picked":"Entrench","floor":12.0},{"not_picked":["Flex","Thunderclap","Carnage"],"picked":"SKIP","floor":13},{"not_picked":["Inflame","Twin Strike","True Grit"],"picked":"SKIP","floor":14}],"player_experience":779913,"relics_obtained":[{"floor":7.0,"key":"Darkstone Periapt"},{"floor":9.0,"key":"PreservedInsect"},{"floor":13,"key":"Regal Pillow"}],"event_choices":[{"damage_healed":0.0,"max_hp_gain":0.0,"max_hp_loss":0.0,"gold_gain":0.0,"event_name":"Golden Idol","player_choice":"Take Damage","floor":5.0,"gold_loss":0.0,"damage_taken":20.0,"relics_obtained":["Golden Idol"]}],"is_beta":false,"boss_relics":[{"not_picked":["White Beast Statue","Lizard Tail"],"picked":"Calling Bell"}],"items_purged_floors":[4],"is_endless":false,"potions_floor_spawned":[2,7,11,12,14],"ascension_level":0}