{"gold_per_floor":[18,35,110,130,55,55,87,104,182,182],"floor_reached":10,"playtime":570,"items_purged":["Strike_G"],"score":95,"play_id":"d2a1a6dc-fb55-49ab-8e0c-9ff3673833b3","local_time":"20180629153536","is_ascension_mode":true,"campfire_choices":[{"data":"Neutralize","floor":6,"key":"SMITH"}],"neow_cost":"NO_GOLD","seed_source_timestamp":17030789526089,"circlet_count":0,"master_deck":["Defend_G","Defend_G","Defend_G","Defend_G","Defend_G","Strike_G","Strike_G","Strike_G","Strike_G","Survivor","Neutralize+1","Unload","Well Laid Plans","Dagger Spray","Cloak And Dagger"],"relics":["Ring of the Snake","The Specimen","Bottled Flame"],"potions_floor_usage":[4,10],"damage_taken":[{"damage":0,"enemies":"Small Slimes","floor":1,"turns":4},{"damage":0,"enemies":"Cultist","floor":2,"turns":3},{"damage":0,"enemies":"2 Louse","floor":4,"turns":2},{"damage":29,"enemies":"Gremlin Nob","floor":7,"turns":5},{"damage":6,"enemies":"Large Slime","floor":8,"turns":8},{"damage":22,"enemies":"Lagavulin","floor":10,"turns":8}],"seed_played":"-3655268068189004861","potions_obtained":[{"floor":1,"key":"Energy Potion"},{"floor":2,"key":"Fire Potion"}],"is_trial":false,"path_per_floor":["M","M","?","M","$","R","E","M","T"],"character_chosen":"THE_SILENT","items_purchased":[],"campfire_rested":0,"item_purchase_floors":[],"current_hp_per_floor":[63,63,52,52,52,52,23,17,17,0],"gold":182,"neow_bonus":"THREE_RARE_CARDS","is_prod":false,"is_daily":false,"chose_seed":false,"campfire_upgraded":1,"win_rate":0,"timestamp":1530279336,"path_taken":["M","M","?","M","$","R","E","M","T","E"],"build_version":"2018-06-28","purchased_purges":1,"victory":false,"max_hp_per_floor":[70,70,70,70,70,70,70,70,70,70],"card_choices":[{"not_picked":["Grand Finale","Corpse Explosion"],"picked":"Unload","floor":0},{"not_picked":["Reflex","Endless Agony"],"picked":"Well Laid Plans","floor":1},{"not_picked":["Deflect","Deadly Poison"],"picked":"Dagger Spray","floor":2},{"not_picked":["Prepared","Dagger Spray","Catalyst"],"picked":"SKIP","floor":4},{"not_picked":["Dodge and Roll","Well Laid Plans","Bane"],"picked":"SKIP","floor":7},{"not_picked":["Poisoned Stab","Acrobatics"],"picked":"Cloak And Dagger","floor":8}],"player_experience":547371,"relics_obtained":[{"floor":7,"key":"The Specimen"},{"floor":9,"key":"Bottled Flame"}],"event_choices":[{"event_name":"World of Goop","player_choice":"Gather Gold","floor":3,"damage_taken":0}],"boss_relics":[],"items_purged_floors":[5],"is_endless":false,"potions_floor_spawned":[1,2],"killed_by":"Lagavulin","ascension_level":8}