{"gold_per_floor":[109,124,124,143,97,97,128,128,128,146,179,199,230,241,241,339,339,353,373,388,403,280,280,311,324,376,390,408,331,349,361,361,461,461,475,494,346,358,371,371,400,400,400,420,420,420,44,44,44,44],"floor_reached":51,"playtime":2221,"items_purged":[],"score":800,"play_id":"16af6c69-d44e-4917-82d4-7fa9dae18b1f","local_time":"20180624164135","is_ascension_mode":false,"campfire_choices":[{"data":"Rampage","floor":6.0,"key":"SMITH"},{"data":"Armaments","floor":15.0,"key":"SMITH"},{"data":"Body Slam","floor":23.0,"key":"SMITH"},{"data":"Spot Weakness","floor":32,"key":"SMITH"},{"data":"Juggernaut","floor":40,"key":"SMITH"},{"data":"Metallicize","floor":42,"key":"SMITH"},{"data":"Body Slam","floor":45,"key":"SMITH"},{"data":"Metallicize","floor":49,"key":"SMITH"}],"neow_cost":"","seed_source_timestamp":82313060788001,"circlet_count":0,"master_deck":["Strike_R","Strike_R","Strike_R+1","Strike_R","Strike_R","Defend_R","Defend_R","Defend_R","Defend_R","Bash","Rampage+1","Cleave","Iron Wave+1","Body Slam+1","Shrug It Off","Seeing Red","Iron Wave","Armaments+1","Reaper","Pommel Strike","Shrug It Off","Flame Barrier+1","Spot Weakness+1","Flame Barrier","Shrug It Off","Flame Barrier+1","Rage","Shrug It Off","Shrug It Off","Spot Weakness+1","Evolve","Berserk","Rage+1","Metallicize+1","Metallicize+1","Body Slam+1","Juggernaut+1","Twin Strike","Body Slam+1","Battle Trance"],"special_seed":0,"relics":["Sozu","Toolbox","Boot","Thread and Needle","Whetstone","Prayer Wheel","Cursed Key","Omamori","Regal Pillow","Coffee Dripper","Bottled Flame","Gremlin Horn","Torii"],"potions_floor_usage":[],"damage_taken":[{"damage":5.0,"enemies":"Cultist","floor":1.0,"turns":4.0},{"damage":2.0,"enemies":"Small Slimes","floor":2.0,"turns":4.0},{"damage":11.0,"enemies":"Jaw Worm","floor":4.0,"turns":2.0},{"damage":19.0,"enemies":"3 Sentries","floor":7.0,"turns":6.0},{"damage":0.0,"enemies":"Red Slaver","floor":10.0,"turns":2.0},{"damage":1.0,"enemies":"Gremlin Nob","floor":11.0,"turns":3.0},{"damage":0.0,"enemies":"Large Slime","floor":12.0,"turns":3.0},{"damage":0.0,"enemies":"3 Sentries","floor":13.0,"turns":6.0},{"damage":0.0,"enemies":"Blue Slaver","floor":14.0,"turns":3.0},{"damage":40.0,"enemies":"The Guardian","floor":16.0,"turns":11.0},{"damage":0.0,"enemies":"3 Byrds","floor":18.0,"turns":4.0},{"damage":6.0,"enemies":"Spheric Guardian","floor":19.0,"turns":4.0},{"damage":8.0,"enemies":"Slaver and Parasite","floor":20.0,"turns":6.0},{"damage":11.0,"enemies":"Snake Plant","floor":21.0,"turns":4.0},{"damage":14.0,"enemies":"Book of Stabbing","floor":24.0,"turns":5.0},{"damage":0.0,"enemies":"Centurion and Healer","floor":25.0,"turns":7.0},{"damage":9.0,"enemies":"Snecko","floor":27.0,"turns":6.0},{"damage":0.0,"enemies":"3 Cultists","floor":28.0,"turns":4.0},{"damage":0,"enemies":"Snake Plant","floor":30,"turns":3},{"damage":1,"enemies":"Chosen and Byrds","floor":31,"turns":8},{"damage":22,"enemies":"Automaton","floor":33,"turns":12},{"damage":1,"enemies":"3 Darklings","floor":35,"turns":6},{"damage":0,"enemies":"Orb Walker","floor":36,"turns":3},{"damage":1,"enemies":"4 Shapes","floor":38,"turns":6},{"damage":0,"enemies":"3 Darklings","floor":39,"turns":6},{"damage":44,"enemies":"Giant Head","floor":41,"turns":9},{"damage":14,"enemies":"Maw","floor":44,"turns":8},{"damage":13,"enemies":"Donu and Deca","floor":50,"turns":8}],"seed_played":"-1419527689714707996","potions_obtained":[],"is_trial":false,"path_per_floor":["M","M","?","M","$","R","E","?","T","M","E","M","E","M","R","B",null,"M","M","M","M","$","R","E","M","T","M","M","$","M","M","R","B",null,"M","M","$","M","M","R","E","R","T","M","R","?","$","?","R","B"],"character_chosen":"IRONCLAD","items_purchased":["Cleave","Flame Barrier","Shrug It Off","Spot Weakness","Juggernaut","Battle Trance","Torii"],"campfire_rested":0,"item_purchase_floors":[],"current_hp_per_floor":[75,73,66,55,55,55,36,62,62,62,61,61,61,65,65,29,80,80,74,70,59,59,59,45,55,55,58,58,58,58,61,61,39,80,79,79,79,78,80,80,36,36,36,30,30,30,30,70,70,65],"gold":44,"neow_bonus":"","is_prod":false,"is_daily":false,"chose_seed":false,"campfire_upgraded":8,"win_rate":0,"timestamp":1529847695,"path_taken":["M","M","?","M","$","R","E","?","T","M","E","M","E","M","R","BOSS","M","M","M","M","$","R","E","M","T","M","M","$","M","M","R","BOSS","M","M","$","M","M","R","E","R","T","M","R","?","$","?","R","BOSS"],"build_version":"2018-06-21v2","purchased_purges":0,"victory":true,"max_hp_per_floor":[80,80,80,80,80,80,80,80,80,80,80,80,80,80,80,80,80,80,80,80,80,80,80,80,80,80,80,80,80,80,80,80,80,80,80,80,80,80,80,80,80,80,80,80,80,80,80,70,70,70],"card_choices":[{"not_picked":["Sentinel","Anger"],"picked":"Rampage","floor":1.0},{"not_picked":["Combust","Carnage","Intimidate"],"picked":"SKIP","floor":2.0},{"not_picked":["Combust","Burning Pact","Havoc"],"picked":"SKIP","floor":4.0},{"not_picked":["Rampage","Body Slam"],"picked":"Iron Wave","floor":7.0},{"not_picked":["Headbutt","Infernal Blade","Evolve"],"picked":"SKIP","floor":10.0},{"not_picked":["Dual Wield","Cleave"],"picked":"Body Slam","floor":11.0},{"not_picked":["Impervious","Anger"],"picked":"Shrug It Off","floor":12.0},{"not_picked":["Cleave","Thunderclap"],"picked":"Seeing Red","floor":13.0},{"not_picked":["Anger","Havoc"],"picked":"Iron Wave","floor":14.0},{"not_picked":["Dropkick","Ghostly Armor"],"picked":"Armaments","floor":14.0},{"not_picked":["Berserk","Impervious"],"picked":"Reaper","floor":16.0},{"not_picked":["Anger","Twin Strike"],"picked":"Pommel Strike","floor":18.0},{"not_picked":["Havoc","Perfected Strike"],"picked":"Shrug It Off","floor":18.0},{"not_picked":["Burning Pact+1","Warcry","Havoc"],"picked":"SKIP","floor":19.0},{"not_picked":["Clothesline","Flex","Seeing Red"],"picked":"SKIP","floor":19.0},{"not_picked":["Exhume","Metallicize"],"picked":"Flame Barrier+1","floor":20.0},{"not_picked":["Armaments","Anger","Clash+1"],"picked":"SKIP","floor":20.0},{"not_picked":["Rage","Warcry+1"],"picked":"Spot Weakness+1","floor":21.0},{"not_picked":["Thunderclap","Headbutt","Clothesline"],"picked":"SKIP","floor":21.0},{"not_picked":["Havoc","Immolate"],"picked":"Flame Barrier+1","floor":24.0},{"not_picked":["Burning Pact","Clash"],"picked":"Rage","floor":25.0},{"not_picked":["Wild Strike+1","Clash","Headbutt"],"picked":"SKIP","floor":25.0},{"not_picked":["Evolve","Pommel Strike"],"picked":"Shrug It Off","floor":27.0},{"not_picked":["Shockwave","Fire Breathing","Flex+1"],"picked":"SKIP","floor":27.0},{"not_picked":["Fire Breathing","Hemokinesis"],"picked":"Shrug It Off","floor":28.0},{"not_picked":["Bludgeon","Anger","Perfected Strike"],"picked":"SKIP","floor":28.0},{"not_picked":["Warcry","Armaments"],"picked":"Evolve","floor":30},{"not_picked":["Iron Wave","Exhume","Clothesline+1"],"picked":"SKIP","floor":30},{"not_picked":["Hemokinesis+1","Bloodletting+1","Headbutt+1"],"picked":"SKIP","floor":31},{"not_picked":["Spot Weakness","Combust","Sever Soul"],"picked":"SKIP","floor":31},{"not_picked":["Double Tap","Exhume"],"picked":"Berserk","floor":33},{"not_picked":["Infernal Blade","Clash+1"],"picked":"Rage+1","floor":35},{"not_picked":["Headbutt+1","Fire Breathing"],"picked":"Metallicize","floor":35},{"not_picked":["Sever Soul","Perfected Strike+1"],"picked":"Metallicize","floor":36},{"not_picked":["Clothesline","Thunderclap"],"picked":"Body Slam+1","floor":36},{"not_picked":["Heavy Blade+1","Anger+1","Seeing Red"],"picked":"SKIP","floor":38},{"not_picked":["Power Through","Fire Breathing","Reckless Charge"],"picked":"SKIP","floor":38},{"not_picked":["Uppercut+1","Wild Strike+1"],"picked":"Twin Strike","floor":39},{"not_picked":["Sword Boomerang","True Grit+1","Impervious"],"picked":"SKIP","floor":39},{"not_picked":["Sword Boomerang","Pommel Strike","Reaper"],"picked":"SKIP","floor":41},{"not_picked":["Shockwave","Dual Wield+1"],"picked":"Body Slam","floor":44},{"not_picked":["Spot Weakness","Corruption","Cleave+1"],"picked":"SKIP","floor":44}],"player_experience":158338,"relics_obtained":[{"floor":7.0,"key":"Boot"},{"floor":9.0,"key":"Thread and Needle"},{"floor":11.0,"key":"Whetstone"},{"floor":13.0,"key":"Prayer Wheel"},{"floor":24.0,"key":"Omamori"},{"floor":26.0,"key":"Regal Pillow"},{"floor":41,"key":"Bottled Flame"},{"floor":43,"key":"Gremlin Horn"}],"event_choices":[{"event_name":"Scrap Ooze","player_choice":"success","floor":3.0,"damage_taken":7.0},{"event_name":"Big Fish","player_choice":"Banana","floor":8.0,"damage_taken":0.0},{"event_name":"Mysterious Sphere","player_choice":"Ignore","floor":46,"damage_taken":0},{"event_name":"The Moai Head","player_choice":"Heal","floor":48,"damage_taken":0}],"boss_relics":[{"not_picked":["Runic Cube","Lizard Tail"],"picked":"Cursed Key"},{"not_picked":["Astrolabe","Snecko Eye"],"picked":"Coffee Dripper"}],"items_purged_floors":[],"is_endless":false,"potions_floor_spawned":[1,10,11,12,16,19,21,25,28,31,35,36,39,41],"ascension_level":0}