{"gold_per_floor":[17,32,51,51,61,76,94,108,108,143,143,143,143,163,163,265,265,283,296,150,167,181,181,206,206,230,261,261,272,288,203,203,300,300,315,60,77,97,115,115,115,115,115,141,141,0,0,17,17,17],"floor_reached":51,"playtime":2040,"items_purged":[],"score":848,"play_id":"9d1bad03-3806-4abf-b793-00a9cd88056c","local_time":"20180727085737","is_ascension_mode":false,"campfire_choices":[{"data":"Inflame","floor":11.0,"key":"SMITH"},{"data":"Body Slam","floor":13.0,"key":"SMITH"},{"data":"Armaments","floor":15.0,"key":"SMITH"},{"data":"Body Slam","floor":23.0,"key":"SMITH"},{"data":"Demon Form","floor":25.0,"key":"SMITH"},{"floor":32.0,"key":"REST"},{"data":"Barricade","floor":40.0,"key":"SMITH"},{"data":"Entrench","floor":42.0,"key":"SMITH"},{"floor":45.0,"key":"REST"},{"data":"Battle Trance","floor":49.0,"key":"SMITH"}],"neow_cost":"NO_GOLD","seed_source_timestamp":44394009557040,"circlet_count":0,"master_deck":["Strike_R+1","Strike_R+1","Strike_R+1","Strike_R+1","Defend_R+1","Defend_R+1","Defend_R+1","Defend_R+1","Bash","Battle Trance+1","Feed","Body Slam+1","Inflame+1","Armaments+1","Body Slam+1","Demon Form+1","Shrug It Off","Metallicize","Shrug It Off","Shrug It Off+1","Body Slam+1","Flame Barrier","Flame Barrier","Battle Trance+1","Barricade+1","Shrug It Off","Body Slam+1","Panache","Entrench+1","Seeing Red+1"],"special_seed":0,"relics":["Burning Blood","Prayer Wheel","Kunai","Lantern","Question Card","Black Star","Art of War","Unceasing Top","Ice Cream","Strawberry","Blue Candle","Letter Opener","Girya","Empty Cage","Ornamental Fan","Singing Bowl","Mummified Hand","Red Mask"],"potions_floor_usage":[],"damage_taken":[{"damage":7.0,"enemies":"Small Slimes","floor":1.0,"turns":4.0},{"damage":5.0,"enemies":"Jaw Worm","floor":2.0,"turns":5.0},{"damage":7.0,"enemies":"2 Louse","floor":3.0,"turns":3.0},{"damage":10.0,"enemies":"Looter","floor":5.0,"turns":2.0},{"damage":11.0,"enemies":"Blue Slaver","floor":6.0,"turns":4.0},{"damage":1.0,"enemies":"2 Fungi Beasts","floor":7.0,"turns":3.0},{"damage":11.0,"enemies":"Large Slime","floor":8.0,"turns":6.0},{"damage":20.0,"enemies":"Gremlin Nob","floor":10.0,"turns":4.0},{"damage":0.0,"enemies":"Looter","floor":14.0,"turns":2.0},{"damage":16.0,"enemies":"Slime Boss","floor":16.0,"turns":11.0},{"damage":19.0,"enemies":"Shell Parasite","floor":18.0,"turns":5.0},{"damage":26.0,"enemies":"Spheric Guardian","floor":19.0,"turns":7.0},{"damage":10.0,"enemies":"Centurion and Healer","floor":21.0,"turns":6.0},{"damage":12.0,"enemies":"Sentry and Sphere","floor":22.0,"turns":9.0},{"damage":18.0,"enemies":"Gremlin Leader","floor":24.0,"turns":8.0},{"damage":39.0,"enemies":"Slavers","floor":27.0,"turns":7.0},{"damage":3.0,"enemies":"3 Cultists","floor":29.0,"turns":7.0},{"damage":1.0,"enemies":"Snake Plant","floor":30.0,"turns":2.0},{"damage":32.0,"enemies":"Automaton","floor":33.0,"turns":9.0},{"damage":9.0,"enemies":"Flame Bruiser 1 Orb","floor":35.0,"turns":6.0},{"damage":17.0,"enemies":"Orb Walker","floor":37.0,"turns":5.0},{"damage":34.0,"enemies":"Maw","floor":38.0,"turns":7.0},{"damage":15.0,"enemies":"4 Shapes","floor":39.0,"turns":5.0},{"damage":36.0,"enemies":"2 Orb Walkers","floor":44.0,"turns":6.0},{"damage":0.0,"enemies":"Flame Bruiser 2 Orb","floor":48.0,"turns":5.0},{"damage":51,"enemies":"Donu and Deca","floor":50,"turns":11}],"seed_played":"6831421125703278337","potions_obtained":[{"floor":1.0,"key":"Energy Potion"},{"floor":3.0,"key":"Weak Potion"},{"floor":7.0,"key":"Ancient Potion"},{"floor":8.0,"key":"SpeedPotion"},{"floor":29.0,"key":"SpeedPotion"},{"floor":37.0,"key":"Explosive Potion"}],"is_trial":false,"path_per_floor":["M","M","M","$","M","M","M","M","T","E","R","?","R","M","R","B",null,"M","M","$","M","M","R","E","R","T","E","?","M","M","?","R","B",null,"M","$","M","M","M","R","$","R","T","E","R","?","$","M","R","B"],"character_chosen":"IRONCLAD","items_purchased":["Art of War","Panache","Entrench"],"campfire_rested":2,"item_purchase_floors":[20,36,36],"current_hp_per_floor":[79,80,79,79,78,73,81,76,76,65,65,62,62,68,68,62,93,84,64,64,60,57,57,45,45,52,19,19,22,27,27,59,33,107,104,104,93,65,59,59,59,59,59,31,64,64,64,74,74,29],"gold":17,"neow_bonus":"ONE_RARE_RELIC","is_prod":false,"is_daily":false,"chose_seed":false,"campfire_upgraded":8,"win_rate":0,"timestamp":1532671057,"path_taken":["M","M","M","$","M","M","M","M","T","E","R","?","R","M","R","BOSS","M","M","$","M","M","R","E","R","T","E","?","M","M","?","R","BOSS","M","$","M","M","M","R","$","R","T","E","R","?","$","M","R","BOSS"],"build_version":"2018-07-26","purchased_purges":0,"victory":true,"max_hp_per_floor":[80,80,80,80,83,83,86,86,86,89,89,89,89,89,89,93,93,97,97,97,97,100,100,100,100,107,107,107,107,107,107,107,107,107,107,107,107,107,110,110,110,110,110,112,112,112,112,116,116,116],"card_choices":[{"not_picked":["Second Wind","Rage"],"picked":"Battle Trance","floor":1.0},{"not_picked":["Havoc","Second Wind","Flex"],"picked":"SKIP","floor":1.0},{"not_picked":["Havoc","Fire Breathing","Warcry"],"picked":"SKIP","floor":2.0},{"not_picked":["Pommel Strike","Flex","Bloodletting"],"picked":"SKIP","floor":2.0},{"not_picked":["Clothesline","Wild Strike"],"picked":"Feed","floor":3.0},{"not_picked":["Shockwave","Warcry","Headbutt"],"picked":"SKIP","floor":3.0},{"not_picked":["Evolve","Twin Strike"],"picked":"Perfected Strike","floor":5.0},{"not_picked":["True Grit","Sever Soul","Reckless Charge"],"picked":"SKIP","floor":5.0},{"not_picked":["Power Through","Warcry"],"picked":"Body Slam","floor":6.0},{"not_picked":["Anger","Blood for Blood"],"picked":"Inflame","floor":6.0},{"not_picked":["Anger","Sentinel","Cleave"],"picked":"SKIP","floor":7.0},{"not_picked":["Exhume","Sentinel","Bloodletting"],"picked":"SKIP","floor":7.0},{"not_picked":["Thunderclap","Dual Wield","Reckless Charge"],"picked":"SKIP","floor":8.0},{"not_picked":["Reckless Charge","Dual Wield","Headbutt"],"picked":"SKIP","floor":8.0},{"not_picked":["True Grit","Feel No Pain","Pummel"],"picked":"SKIP","floor":10.0},{"not_picked":["Clothesline","Clash","Shockwave"],"picked":"Armaments","floor":14.0},{"not_picked":["Havoc","Rage","Sword Boomerang"],"picked":"Body Slam","floor":14.0},{"not_picked":["Offering","Dark Embrace","Reaper"],"picked":"Demon Form","floor":16.0},{"not_picked":["Hemokinesis","Armaments","Iron Wave+1"],"picked":"Shrug It Off","floor":18.0},{"not_picked":["Cleave+1","Dual Wield","Clash","Clothesline"],"picked":"SKIP","floor":18.0},{"not_picked":["Inflame","Second Wind","Cleave"],"picked":"Metallicize","floor":19.0},{"not_picked":["Bludgeon","Reckless Charge","Infernal Blade"],"picked":"Shrug It Off","floor":19.0},{"not_picked":["Havoc","Clothesline+1","Searing Blow","Armaments"],"picked":"SKIP","floor":21.0},{"not_picked":["Dropkick","Perfected Strike","Pommel Strike+1","Thunderclap+1"],"picked":"SKIP","floor":21.0},{"not_picked":["Twin Strike+1","Anger+1","Iron Wave"],"picked":"Shrug It Off+1","floor":22.0},{"not_picked":["Corruption","Feel No Pain","Flex"],"picked":"Body Slam+1","floor":22.0},{"not_picked":["Reaper","Sword Boomerang+1","Iron Wave+1","Hemokinesis"],"picked":"SKIP","floor":24.0},{"not_picked":["Rage","Perfected Strike","Shrug It Off+1"],"picked":"Flame Barrier","floor":27.0},{"not_picked":["Sever Soul+1","Shockwave","Combust"],"picked":"Flame Barrier","floor":29.0},{"not_picked":["True Grit+1","Whirlwind","Cleave+1","Heavy Blade"],"picked":"SKIP","floor":29.0},{"not_picked":["Sever Soul","Twin Strike","Entrench+1"],"picked":"Battle Trance+1","floor":30.0},{"not_picked":["Sever Soul","Hemokinesis","Wild Strike","Flex"],"picked":"SKIP","floor":30.0},{"not_picked":["Impervious","Immolate","Bludgeon"],"picked":"Barricade","floor":33.0},{"not_picked":["Disarm+1","Thunderclap","True Grit+1"],"picked":"Shrug It Off","floor":35.0},{"not_picked":["Sword Boomerang+1","Feel No Pain","Clash"],"picked":"Body Slam+1","floor":35.0},{"not_picked":["Sword Boomerang+1","Cleave","Whirlwind","Thunderclap+1"],"picked":"SKIP","floor":37.0},{"not_picked":["Shrug It Off","Rampage+1","Sword Boomerang+1","Headbutt+1"],"picked":"SKIP","floor":37.0},{"not_picked":["Shrug It Off","Immolate","Headbutt+1"],"picked":"Seeing Red+1","floor":38.0},{"not_picked":["Heavy Blade","Shockwave+1","Thunderclap","Iron Wave"],"picked":"SKIP","floor":38.0},{"not_picked":["Iron Wave+1","Body Slam","Armaments","Havoc+1"],"picked":"SKIP","floor":39.0},{"not_picked":["Feed","Flex","True Grit+1","Wild Strike"],"picked":"SKIP","floor":39.0},{"not_picked":["Cleave+1","Immolate","Rampage+1","Second Wind"],"picked":"Singing Bowl","floor":44.0},{"not_picked":["Disarm+1","Anger","Warcry+1","Fire Breathing"],"picked":"Singing Bowl","floor":48.0},{"not_picked":["Fire Breathing+1","Iron Wave+1","Combust+1","True Grit"],"picked":"Singing Bowl","floor":48.0}],"player_experience":225596,"relics_obtained":[{"floor":9.0,"key":"Kunai"},{"floor":10.0,"key":"Lantern"},{"floor":24.0,"key":"Unceasing Top"},{"floor":24.0,"key":"Ice Cream"},{"floor":26.0,"key":"Strawberry"},{"floor":27.0,"key":"Blue Candle"},{"floor":27.0,"key":"Letter Opener"},{"floor":43.0,"key":"Ornamental Fan"},{"floor":44.0,"key":"Singing Bowl"},{"floor":44.0,"key":"Mummified Hand"}],"event_choices":[{"event_name":"Scrap Ooze","player_choice":"success","floor":12.0,"damage_taken":3.0},{"event_name":"Back to Basics","player_choice":"Simplicity","floor":28.0,"damage_taken":0.0},{"event_name":"Addict","player_choice":"Obtained Relic","floor":31.0,"damage_taken":0.0},{"event_name":"Tomb of Lord Red Mask","player_choice":"Paid","floor":46.0,"damage_taken":0.0}],"is_beta":false,"boss_relics":[{"not_picked":["Astrolabe","White Beast Statue"],"picked":"Black Star"},{"not_picked":["Runic Pyramid","Pandora\u0027s Box"],"picked":"Empty Cage"}],"items_purged_floors":[],"is_endless":false,"potions_floor_spawned":[1,3,7,8,18,22,29,37],"ascension_level":0}