{"gold_per_floor":[115,115,115,115,129,129,163,163,163,174,184,204,223,102,102,199,199,216,233,261,9,9],"floor_reached":22,"playtime":618,"items_purged":["Strike_B"],"score":186,"play_id":"df08f5e1-76c0-4a22-a19f-3cd800ffff3d","local_time":"20190722032819","is_ascension_mode":false,"campfire_choices":[{"data":"Go for the Eyes","floor":6.0,"key":"SMITH"},{"data":"Self Repair","floor":15,"key":"SMITH"}],"neow_cost":"NONE","seed_source_timestamp":197483372155300,"circlet_count":0,"master_deck":["Strike_B","Strike_B","Strike_B","Defend_B","Defend_B","Defend_B","Defend_B","Zap+1","Dualcast","Self Repair+1","Go for the Eyes+1","Gash","Stack","Beam Cell","Stack","Gash","Seek","Beam Cell","BootSequence+1"],"special_seed":0,"relics":["Cracked Core","Bag of Preparation","Busted Crown","Red Mask","Toxic Egg 2"],"potions_floor_usage":[7,16,20],"damage_taken":[{"damage":6.0,"enemies":"Jaw Worm","floor":1.0,"turns":3.0},{"damage":0.0,"enemies":"2 Louse","floor":5.0,"turns":2.0},{"damage":30,"enemies":"Gremlin Nob","floor":7,"turns":4},{"damage":0,"enemies":"Cultist","floor":10,"turns":3},{"damage":6,"enemies":"2 Fungi Beasts","floor":11,"turns":2},{"damage":13,"enemies":"Lots of Slimes","floor":12,"turns":4},{"damage":2,"enemies":"Looter","floor":13,"turns":2},{"damage":28,"enemies":"The Guardian","floor":16,"turns":10},{"damage":8,"enemies":"Spheric Guardian","floor":18,"turns":5},{"damage":26,"enemies":"Chosen","floor":19,"turns":6},{"damage":40,"enemies":"Masked Bandits","floor":20,"turns":5},{"damage":46,"enemies":"Sentry and Sphere","floor":22,"turns":7}],"seed_played":"3813473588382159580","potions_obtained":[{"floor":1.0,"key":"GamblersBrew"},{"floor":8,"key":"FocusPotion"},{"floor":8,"key":"LiquidBronze"},{"floor":8,"key":"SneckoOil"},{"floor":11,"key":"Explosive Potion"}],"is_trial":false,"path_per_floor":["M","$","?","?","M","R","E","?","T","M","M","M","M","$","R","B",null,"M","M","?","$","M"],"character_chosen":"DEFECT","items_purchased":["Gash","Toxic Egg 2"],"campfire_rested":0,"item_purchase_floors":[14,21],"current_hp_per_floor":[76,76,81,81,87,87,64,64,64,71,72,59,57,57,57,39,87,87,71,41,41,0],"gold":9,"neow_bonus":"TEN_PERCENT_HP_BONUS","is_prod":false,"is_daily":false,"chose_seed":false,"campfire_upgraded":2,"win_rate":0,"timestamp":1563755299,"path_taken":["M","$","?","?","?","R","E","?","T","M","?","M","M","$","R","BOSS","M","M","?","$","M"],"build_version":"2019-07-17","purchased_purges":1,"victory":false,"max_hp_per_floor":[82,82,87,87,87,87,87,87,87,87,87,87,87,87,87,87,87,87,87,87,87,87],"card_choices":[{"not_picked":["Sweeping Beam","Beam Cell"],"picked":"Self Repair","floor":1.0},{"not_picked":["Compile Driver","Hologram"],"picked":"Go for the Eyes","floor":5.0},{"not_picked":["Beam Cell","Compile Driver"],"picked":"Gash","floor":7},{"not_picked":["Coolheaded","Chaos","Streamline"],"picked":"SKIP","floor":10},{"not_picked":["Cold Snap","Compile Driver"],"picked":"Stack","floor":11},{"not_picked":["Compile Driver","Rebound"],"picked":"Beam Cell","floor":12},{"not_picked":["Buffer","Cold Snap"],"picked":"Stack","floor":13},{"not_picked":["Fission","Creative AI"],"picked":"Seek","floor":16},{"not_picked":[],"picked":"Beam Cell","floor":18},{"not_picked":["Capacitor+1"],"picked":"SKIP","floor":19},{"not_picked":[],"picked":"BootSequence+1","floor":20}],"player_experience":725026,"relics_obtained":[{"floor":7,"key":"Bag of Preparation"},{"floor":20,"key":"Red Mask"}],"event_choices":[{"damage_healed":0.0,"max_hp_gain":5.0,"max_hp_loss":0.0,"gold_gain":0.0,"event_name":"Big Fish","player_choice":"Donut","floor":3.0,"gold_loss":0.0,"damage_taken":0.0},{"damage_healed":0.0,"max_hp_gain":0.0,"max_hp_loss":0.0,"gold_gain":0.0,"event_name":"Accursed Blacksmith","player_choice":"Forge","floor":4.0,"gold_loss":0.0,"damage_taken":0.0,"cards_upgraded":["Zap"]},{"damage_healed":0,"gold_gain":0,"player_choice":"Got Potions","damage_taken":0,"max_hp_gain":0,"max_hp_loss":0,"event_name":"Lab","floor":8,"gold_loss":0},{"damage_healed":0,"gold_gain":0,"player_choice":"Fought Bandits","damage_taken":0,"max_hp_gain":0,"max_hp_loss":0,"event_name":"Masked Bandits","floor":20,"gold_loss":0}],"is_beta":false,"boss_relics":[{"not_picked":["Lizard Tail","Snecko Eye"],"picked":"Busted Crown"}],"items_purged_floors":[14],"is_endless":false,"potions_floor_spawned":[1,11,12],"killed_by":"Sentry and Sphere","ascension_level":0}