{"gold_per_floor":[115,129,7,7,17,17,33,33,33,63,63,94,27,56,56,153,153,165,65,85,114,126,126,143,143,143,58,58,58,77,94,94,194,194,209,209,431,480,494,494,520,520,520,520,536,14,14,40,40,40],"floor_reached":51,"playtime":3220,"items_purged":["Strike_R","Strike_R","Strike_R"],"score":721,"play_id":"6a0f0e55-3680-4b2d-b26b-162b08609e16","local_time":"20190727015953","is_ascension_mode":false,"campfire_choices":[{"data":"Bash","floor":6.0,"key":"SMITH"},{"data":"Shockwave","floor":8.0,"key":"SMITH"},{"data":"Uppercut","floor":15.0,"key":"SMITH"},{"data":"Inflame","floor":23.0,"key":"SMITH"},{"data":"Heavy Blade","floor":25.0,"key":"SMITH"},{"data":"Inflame","floor":29.0,"key":"SMITH"},{"data":"Bludgeon","floor":32.0,"key":"SMITH"},{"data":"Demon Form","floor":40.0,"key":"SMITH"},{"data":"Heavy Blade","floor":42.0,"key":"SMITH"},{"floor":49,"key":"REST"}],"neow_cost":"NONE","seed_source_timestamp":2214245440015,"circlet_count":0,"master_deck":["Strike_R","Strike_R","Defend_R","Defend_R","Defend_R","Defend_R","Bash+1","Headbutt","Heavy Blade+1","Spot Weakness","Shockwave+1","Disarm","Corruption","Uppercut+1","Heavy Blade+1","Exhume","Inflame+1","Iron Wave+1","Battle Trance","Inflame+1","Bludgeon+1","Heavy Blade+1","Demon Form+1","Sadistic Nature","Shrug It Off+1"],"special_seed":0,"relics":["Burning Blood","NeowsBlessing","Red Skull","Mercury Hourglass","Strawberry","Bag of Marbles","Snecko Eye","Red Mask","Kunai","Vajra","Philosopher\u0027s Stone","Calipers","Orichalcum","Ornamental Fan","Pen Nib","Chemical X","Bottled Lightning","Bottled Flame"],"potions_floor_usage":[48,50,50],"damage_taken":[{"damage":0.0,"enemies":"Cultist","floor":1.0,"turns":1.0},{"damage":0.0,"enemies":"Jaw Worm","floor":2.0,"turns":1.0},{"damage":0.0,"enemies":"2 Louse","floor":5.0,"turns":1.0},{"damage":3.0,"enemies":"2 Fungi Beasts","floor":7.0,"turns":4.0},{"damage":24.0,"enemies":"Gremlin Nob","floor":10.0,"turns":4.0},{"damage":18.0,"enemies":"3 Sentries","floor":12.0,"turns":5.0},{"damage":22.0,"enemies":"Gremlin Nob","floor":14.0,"turns":4.0},{"damage":7.0,"enemies":"Slime Boss","floor":16.0,"turns":6.0},{"damage":0.0,"enemies":"Spheric Guardian","floor":18.0,"turns":3.0},{"damage":2.0,"enemies":"Shell Parasite","floor":20.0,"turns":3.0},{"damage":5.0,"enemies":"Masked Bandits","floor":21.0,"turns":3.0},{"damage":10.0,"enemies":"Snake Plant","floor":22.0,"turns":4.0},{"damage":20.0,"enemies":"3 Cultists","floor":24.0,"turns":5.0},{"damage":1.0,"enemies":"Shelled Parasite and Fungi","floor":30.0,"turns":3.0},{"damage":0.0,"enemies":"Snecko","floor":31.0,"turns":3.0},{"damage":13.0,"enemies":"Champ","floor":33.0,"turns":6.0},{"damage":0.0,"enemies":"Orb Walker","floor":35.0,"turns":1.0},{"damage":42.0,"enemies":"2 Orb Walkers","floor":38.0,"turns":4.0},{"damage":1.0,"enemies":"3 Shapes","floor":39.0,"turns":3.0},{"damage":4.0,"enemies":"Giant Head","floor":41.0,"turns":3.0},{"damage":0,"enemies":"Maw","floor":45,"turns":4},{"damage":27,"enemies":"Nemesis","floor":48,"turns":5},{"damage":19,"enemies":"Time Eater","floor":50,"turns":5}],"seed_played":"7098807605128131641","potions_obtained":[{"floor":5.0,"key":"EssenceOfSteel"},{"floor":14.0,"key":"SkillPotion"},{"floor":16.0,"key":"Weak Potion"},{"floor":18.0,"key":"FearPotion"},{"floor":21.0,"key":"FearPotion"},{"floor":24.0,"key":"Strength Potion"},{"floor":39.0,"key":"FearPotion"}],"is_trial":false,"path_per_floor":["M","M","$","?","M","R","M","R","T","E","$","E","$","E","R","B",null,"M","$","M","?","M","R","M","R","T","?","?","R","M","M","R","B",null,"M","?","?","?","M","R","E","R","T","?","M","$","T","E","R","B",null],"character_chosen":"IRONCLAD","items_purchased":["Heavy Blade","Uppercut","Pen Nib","Swift Potion","Chemical X"],"campfire_rested":1,"item_purchase_floors":[3,13,46,46,46],"current_hp_per_floor":[80,80,80,80,80,80,80,80,80,62,62,57,57,41,41,40,87,87,87,87,87,83,83,69,69,69,69,69,69,74,80,80,73,87,87,87,87,51,56,56,58,58,58,58,64,64,64,43,69,56],"gold":40,"neow_bonus":"THREE_ENEMY_KILL","is_prod":false,"is_daily":false,"chose_seed":false,"campfire_upgraded":9,"win_rate":0,"timestamp":1564214393,"path_taken":["M","M","$","?","M","R","M","R","T","E","$","E","$","E","R","BOSS","M","$","M","?","M","R","M","R","T","?","?","R","M","M","R","BOSS","M","?","?","?","M","R","E","R","T","?","M","$","?","E","R","BOSS"],"build_version":"2019-07-17","purchased_purges":3,"victory":true,"max_hp_per_floor":[80,80,80,80,80,80,80,80,80,80,80,87,87,87,87,87,87,87,87,87,87,87,87,87,87,87,87,87,87,87,87,87,87,87,87,87,87,87,87,87,87,87,87,87,87,87,87,87,87,87],"card_choices":[{"not_picked":["Perfected Strike","Twin Strike"],"picked":"Battle Trance","floor":1.0},{"not_picked":["Feel No Pain","Dropkick"],"picked":"Headbutt","floor":2.0},{"not_picked":["Rupture","Armaments"],"picked":"Spot Weakness","floor":5.0},{"not_picked":["Twin Strike","Intimidate"],"picked":"Shockwave","floor":7.0},{"not_picked":["Sword Boomerang","Flame Barrier"],"picked":"Disarm","floor":10.0},{"not_picked":["Perfected Strike","Clothesline"],"picked":"Corruption","floor":12.0},{"not_picked":["Wild Strike","Fiend Fire"],"picked":"Heavy Blade","floor":14.0},{"not_picked":["Fiend Fire","Barricade"],"picked":"Exhume","floor":16.0},{"not_picked":["Armaments","True Grit","Perfected Strike"],"picked":"SKIP","floor":18.0},{"not_picked":["Warcry","Cleave"],"picked":"Inflame","floor":20.0},{"not_picked":["Armaments","Sword Boomerang+1"],"picked":"Iron Wave+1","floor":21.0},{"not_picked":["Flex","Body Slam+1"],"picked":"Battle Trance","floor":22.0},{"not_picked":["Dropkick","Sword Boomerang","Clash"],"picked":"SKIP","floor":24.0},{"not_picked":["Blood for Blood","Anger"],"picked":"Bludgeon","floor":30.0},{"not_picked":["Pommel Strike","Body Slam"],"picked":"Heavy Blade+1","floor":31.0},{"not_picked":["Impervious","Offering"],"picked":"Demon Form","floor":33.0},{"not_picked":["Thunderclap+1","Corruption","Twin Strike+1"],"picked":"SKIP","floor":35.0},{"not_picked":["Infernal Blade+1","Sword Boomerang+1","Armaments"],"picked":"SKIP","floor":39.0},{"not_picked":["Sentinel","Flex+1","Infernal Blade"],"picked":"SKIP","floor":41.0},{"not_picked":["Bandage Up","Impatience"],"picked":"Sadistic Nature","floor":44},{"not_picked":["Iron Wave+1","Armaments+1"],"picked":"Shrug It Off+1","floor":45},{"not_picked":["Wild Strike+1","Thunderclap+1","Headbutt+1"],"picked":"SKIP","floor":48}],"player_experience":1561103,"relics_obtained":[{"floor":9.0,"key":"Red Skull"},{"floor":10.0,"key":"Mercury Hourglass"},{"floor":12.0,"key":"Strawberry"},{"floor":14.0,"key":"Bag of Marbles"},{"floor":21.0,"key":"Red Mask"},{"floor":26.0,"key":"Kunai"},{"floor":38.0,"key":"Calipers"},{"floor":41.0,"key":"Orichalcum"},{"floor":43.0,"key":"Ornamental Fan"},{"floor":47,"key":"Bottled Lightning"},{"floor":48,"key":"Bottled Flame"}],"event_choices":[{"damage_healed":0.0,"max_hp_gain":0.0,"max_hp_loss":0.0,"gold_gain":0.0,"event_name":"NoteForYourself","player_choice":"Ignored","floor":4.0,"gold_loss":0.0,"damage_taken":0.0},{"damage_healed":0.0,"max_hp_gain":0.0,"max_hp_loss":0.0,"gold_gain":0.0,"event_name":"Masked Bandits","player_choice":"Fought Bandits","floor":21.0,"gold_loss":0.0,"damage_taken":0.0},{"damage_healed":0.0,"max_hp_gain":0.0,"max_hp_loss":0.0,"gold_gain":0.0,"event_name":"Addict","player_choice":"Obtained Relic","floor":27.0,"gold_loss":85.0,"damage_taken":0.0,"relics_obtained":["Vajra"]},{"damage_healed":0.0,"max_hp_gain":0.0,"max_hp_loss":0.0,"gold_gain":0.0,"event_name":"The Library","player_choice":"Read","floor":28.0,"gold_loss":0.0,"damage_taken":0.0,"cards_obtained":["Inflame"]},{"cards_removed":["Battle Trance"],"damage_healed":0.0,"max_hp_gain":0.0,"max_hp_loss":0.0,"gold_gain":0.0,"event_name":"Falling","player_choice":"Removed Skill","floor":36.0,"gold_loss":0.0,"damage_taken":0.0},{"damage_healed":0.0,"max_hp_gain":0.0,"max_hp_loss":0.0,"gold_gain":222.0,"event_name":"Tomb of Lord Red Mask","player_choice":"Wore Mask","floor":37.0,"gold_loss":0.0,"damage_taken":0.0},{"damage_healed":0.0,"max_hp_gain":0.0,"max_hp_loss":0.0,"gold_gain":0.0,"event_name":"Mysterious Sphere","player_choice":"Fight","floor":38.0,"gold_loss":0.0,"damage_taken":0.0},{"damage_healed":0,"gold_gain":0,"player_choice":"Memory 1","damage_taken":0,"max_hp_gain":0,"max_hp_loss":0,"event_name":"SensoryStone","floor":44,"gold_loss":0}],"is_beta":false,"boss_relics":[{"not_picked":["Velvet Choker","Black Star"],"picked":"Snecko Eye"},{"not_picked":["Cursed Key","Fusion Hammer"],"picked":"Philosopher\u0027s Stone"}],"items_purged_floors":[3,19,46],"is_endless":false,"potions_floor_spawned":[5,14,16,18,21,24,30,39],"ascension_level":0}