{"gold_per_floor":[112,130,130,140,160,160,59,59,84,100,130,159,184,196,208,323,335,329,68,87,87,87,12,12,12,12,28,28,43,61,86,86,86],"floor_reached":33,"playtime":1664,"items_purged":["Strike_G"],"score":430,"play_id":"17a4890d-f388-4f8d-b84d-92162a63f6ad","local_time":"20190727220114","is_ascension_mode":true,"campfire_choices":[{"floor":6,"key":"REST"},{"data":"Noxious Fumes","floor":8,"key":"SMITH"},{"floor":15,"key":"REST"},{"floor":28,"key":"REST"},{"floor":32,"key":"REST"}],"neow_cost":"NONE","seed_source_timestamp":11313935577462,"circlet_count":0,"master_deck":["AscendersBane","Strike_G","Strike_G","Strike_G","Defend_G","Defend_G","Defend_G","Defend_G","Survivor","Neutralize","Noxious Fumes+1","Sucker Punch","Dodge and Roll","Catalyst+1","Catalyst","Dodge and Roll","Leg Sweep","Dash","Dagger Spray","Malaise","Footwork","Catalyst","PiercingWail","Caltrops+1","Decay","Shame","Backflip+1","Wraith Form v2","Backflip+1"],"relics":["Ring of the Snake","Orichalcum","MawBank","Cursed Key","FaceOfCleric","Toxic Egg 2","Bottled Flame"],"potions_floor_usage":[16,16,30,31,33],"damage_taken":[{"damage":11,"enemies":"Jaw Worm","floor":1,"turns":4},{"damage":1,"enemies":"Cultist","floor":2,"turns":4},{"damage":12,"enemies":"Small Slimes","floor":4,"turns":3},{"damage":5,"enemies":"Blue Slaver","floor":5,"turns":5},{"damage":17,"enemies":"Large Slime","floor":10,"turns":7},{"damage":2,"enemies":"Lagavulin","floor":11,"turns":7},{"damage":9,"enemies":"2 Fungi Beasts","floor":12,"turns":4},{"damage":4,"enemies":"Blue Slaver","floor":13,"turns":6},{"damage":25,"enemies":"Slime Boss","floor":16,"turns":13},{"damage":10,"enemies":"2 Thieves","floor":18,"turns":4},{"damage":7,"enemies":"Spheric Guardian","floor":20,"turns":7},{"damage":9,"enemies":"Shelled Parasite and Fungi","floor":27,"turns":6},{"damage":6,"enemies":"Snake Plant","floor":29,"turns":6},{"damage":38,"enemies":"Sentry and Sphere","floor":30,"turns":8},{"damage":20,"enemies":"Slavers","floor":31,"turns":5},{"damage":59,"enemies":"Collector","floor":33,"turns":6}],"seed_played":"2276314384421662938","potions_obtained":[{"floor":10,"key":"Explosive Potion"},{"floor":12,"key":"SkillPotion"},{"floor":29,"key":"PowerPotion"},{"floor":30,"key":"Strength Potion"},{"floor":31,"key":"Regen Potion"}],"is_trial":false,"path_per_floor":["M","M","?","M","M","R","$","R","T","M","E","M","M","?","R","B",null,"M","$","M","?","?","?","$","?","T","M","R","M","M","E","R","B"],"character_chosen":"THE_SILENT","items_purchased":["Catalyst","Dodge and Roll","Footwork","Catalyst","PiercingWail"],"campfire_rested":4,"item_purchase_floors":[7,7,19,19,19],"current_hp_per_floor":[59,58,58,46,41,64,64,64,64,47,45,36,32,32,55,30,65,55,55,48,48,48,48,48,48,48,40,63,58,21,2,26,0],"gold":86,"neow_bonus":"TEN_PERCENT_HP_BONUS","is_prod":false,"is_daily":false,"chose_seed":false,"campfire_upgraded":1,"win_rate":0,"timestamp":1564282874,"path_taken":["M","M","?","M","M","R","$","R","T","?","E","M","M","?","R","BOSS","M","$","M","?","?","?","?","?","T","?","R","M","M","E","R","BOSS"],"build_version":"2019-07-17","purchased_purges":1,"victory":false,"max_hp_per_floor":[77,77,77,77,77,77,77,77,77,77,77,77,77,77,77,77,77,77,77,77,77,77,77,77,77,77,78,78,79,80,81,81,81],"card_choices":[{"not_picked":["Poisoned Stab","Underhanded Strike"],"picked":"Noxious Fumes","floor":1},{"not_picked":["Tactician","Reflex"],"picked":"Sucker Punch","floor":2},{"not_picked":["Calculated Gamble","Acrobatics"],"picked":"Dodge and Roll","floor":4},{"not_picked":["Venomology","Prepared"],"picked":"Catalyst","floor":5},{"not_picked":["Poisoned Stab","Dodge and Roll"],"picked":"Leg Sweep","floor":10},{"not_picked":["Backflip","A Thousand Cuts"],"picked":"Dash","floor":11},{"not_picked":["Outmaneuver","Riddle With Holes","Underhanded Strike"],"picked":"SKIP","floor":12},{"not_picked":["Bane","Outmaneuver"],"picked":"Dagger Spray","floor":13},{"not_picked":["Doppelganger","Adrenaline"],"picked":"Malaise","floor":16},{"not_picked":["Concentrate","Accuracy+1","Endless Agony+1"],"picked":"SKIP","floor":18},{"not_picked":["Dagger Throw","Finisher"],"picked":"Caltrops+1","floor":20},{"not_picked":["Finisher","Flying Knee","Blade Dance+1"],"picked":"SKIP","floor":27},{"not_picked":["Outmaneuver+1","Slice"],"picked":"Backflip+1","floor":29},{"not_picked":["Slice+1","Poisoned Stab"],"picked":"Wraith Form v2","floor":30},{"not_picked":["Quick Slash+1","A Thousand Cuts"],"picked":"Backflip+1","floor":31}],"player_experience":241468,"relics_obtained":[{"floor":9,"key":"Orichalcum"},{"floor":11,"key":"MawBank"},{"floor":26,"key":"Toxic Egg 2"},{"floor":31,"key":"Bottled Flame"}],"event_choices":[{"cards_removed":["Defend_G"],"damage_healed":0,"gold_gain":0,"player_choice":"Card Removal","damage_taken":0,"max_hp_gain":0,"max_hp_loss":0,"event_name":"Wheel of Change","floor":3,"gold_loss":0},{"damage_healed":0,"gold_gain":0,"player_choice":"Grow","damage_taken":0,"max_hp_gain":0,"max_hp_loss":0,"event_name":"Living Wall","floor":14,"gold_loss":0,"cards_upgraded":["Catalyst"]},{"damage_healed":0,"gold_gain":0,"player_choice":"Ignored","damage_taken":0,"max_hp_gain":0,"max_hp_loss":0,"event_name":"Cursed Tome","floor":21,"gold_loss":0},{"damage_healed":0,"gold_gain":0,"player_choice":"Smashed Altar","damage_taken":0,"max_hp_gain":0,"max_hp_loss":0,"event_name":"Forgotten Altar","floor":22,"gold_loss":0,"cards_obtained":["Decay"]},{"cards_removed":["Strike_G"],"damage_healed":0,"gold_gain":0,"player_choice":"Gave Gold","damage_taken":0,"max_hp_gain":0,"max_hp_loss":0,"event_name":"Beggar","floor":23,"gold_loss":75},{"damage_healed":0,"gold_gain":0,"player_choice":"Trade","damage_taken":0,"relics_obtained":["FaceOfCleric"],"max_hp_gain":0,"max_hp_loss":0,"event_name":"FaceTrader","floor":25,"gold_loss":0}],"is_beta":false,"boss_relics":[{"not_picked":["Runic Pyramid","WristBlade"],"picked":"Cursed Key"}],"items_purged_floors":[19],"is_endless":false,"potions_floor_spawned":[10,12,29,30,31],"killed_by":"Collector","ascension_level":12}