{"path_per_floor":["M","$","M","M","$","E","M","R","T","M","E","M","E","M","R","B",null,"M","$","M","$","M","R","$","?","T","R","M","M","M","M","R"],"character_chosen":"IRONCLAD","items_purchased":["Inflame","Thunderclap","Sword Boomerang","Blood Vial","Flash of Steel","Inflame"],"gold_per_floor":[110,24,44,58,6,35,50,50,122,139,171,189,220,231,231,332,332,349,92,104,30,44,44,44,44,44,44,55,70,86,96,96,96],"floor_reached":33,"campfire_rested":1,"playtime":1570,"current_hp_per_floor":[80,80,80,75,75,65,71,71,71,71,56,54,35,24,48,33,80,68,68,58,58,54,62,62,62,62,70,56,37,41,36,46,0],"items_purged":[],"gold":96,"score":273,"play_id":"b913dce6-e880-477e-8018-4941de910522","local_time":"20180507020109","is_prod":false,"is_daily":false,"chose_seed":false,"is_ascension_mode":false,"campfire_upgraded":4,"timestamp":1525647669,"path_taken":["M","$","M","M","$","E","M","R","T","M","E","M","E","M","R","BOSS","M","$","M","$","M","R","$","?","T","R","M","?","M","M","R","BOSS"],"build_version":"2018-05-03","seed_source_timestamp":102224703766302,"purchased_purges":0,"victory":false,"master_deck":["Strike_R","Strike_R","Strike_R","Strike_R","Strike_R","Defend_R","Defend_R","Defend_R","Bash","Berserk+1","Twin Strike","Inflame+1","Thunderclap","Whirlwind","Rage","Sword Boomerang","Flame Barrier","Clothesline","Impervious","Flash of Steel","Inflame+1","Iron Wave","Body Slam+1","Seeing Red","Spot Weakness+1"],"max_hp_per_floor":[80,80,80,80,80,80,80,80,80,80,80,80,80,80,80,80,80,80,80,80,80,80,80,80,80,80,80,80,80,80,80,80,80],"relics":["Burning Blood","Calipers","Dodecahedron","Lantern","Bag of Preparation","Eternal Feather","Blood Vial","Frozen Egg 2"],"card_choices":[{"not_picked":["Body Slam","Seeing Red"],"picked":"Twin Strike","floor":1.0},{"not_picked":["Twin Strike","Perfected Strike"],"picked":"Whirlwind","floor":3.0},{"not_picked":["Carnage","Shrug It Off"],"picked":"Rage","floor":4.0},{"not_picked":["Seeing Red","Pommel Strike"],"picked":"Flame Barrier","floor":10.0},{"not_picked":["Spot Weakness","Flex"],"picked":"Clothesline","floor":13.0},{"not_picked":["Barricade","Dark Embrace"],"picked":"Impervious","floor":16.0},{"not_picked":["Havoc","Perfected Strike"],"picked":"Iron Wave","floor":22.0},{"not_picked":["Heavy Blade","Exhume"],"picked":"Seeing Red","floor":29.0},{"not_picked":["Feel No Pain","Havoc"],"picked":"Spot Weakness","floor":31.0}],"player_experience":139115,"potions_floor_usage":[33,33,33],"damage_taken":[{"damage":3.0,"enemies":"Small Slimes","floor":1.0,"turns":3.0},{"damage":0.0,"enemies":"Cultist","floor":3.0,"turns":2.0},{"damage":11.0,"enemies":"Jaw Worm","floor":4.0,"turns":3.0},{"damage":16.0,"enemies":"3 Sentries","floor":6.0,"turns":4.0},{"damage":0.0,"enemies":"Lots of Slimes","floor":7.0,"turns":1.0},{"damage":6.0,"enemies":"3 Louse","floor":10.0,"turns":2.0},{"damage":21.0,"enemies":"Lagavulin","floor":11.0,"turns":6.0},{"damage":8.0,"enemies":"2 Fungi Beasts","floor":12.0,"turns":3.0},{"damage":25.0,"enemies":"3 Sentries","floor":13.0,"turns":6.0},{"damage":17.0,"enemies":"Exordium Thugs","floor":14.0,"turns":4.0},{"damage":21.0,"enemies":"Hexaghost","floor":16.0,"turns":8.0},{"damage":18.0,"enemies":"2 Thieves","floor":18.0,"turns":4.0},{"damage":18.0,"enemies":"Shell Parasite","floor":20.0,"turns":8.0},{"damage":12.0,"enemies":"Snake Plant","floor":22.0,"turns":6.0},{"damage":37.0,"enemies":"Snecko","floor":28.0,"turns":7.0},{"damage":27.0,"enemies":"Cultist and Chosen","floor":29.0,"turns":5.0},{"damage":4.0,"enemies":"Snake Plant","floor":30.0,"turns":4.0},{"damage":13.0,"enemies":"Chosen and Byrds","floor":31.0,"turns":6.0},{"damage":63,"enemies":"Collector","floor":33,"turns":8}],"event_choices":[{"event_name":"Transmorgrifier","player_choice":"Transform","floor":25.0,"damage_taken":0.0}],"boss_relics":[],"potions_floor_spawned":[6,11,13,16,22,30],"seed_played":"-1296216498434171596","killed_by":"Collector","ascension_level":0,"is_trial":false}