{"gold_per_floor":[116,191,206,106,125,125,54,54,105,192,204,216,256,283,295,405,417,449,461,141,81,9,41,41,51,51,51,51,51,63,97,97,197,197,210,210,210,230],"floor_reached":38,"playtime":1548,"items_purged":[],"score":483,"play_id":"7ad91a1f-434c-4a56-a2a8-5aca6e4496fd","local_time":"20181228185059","is_ascension_mode":false,"campfire_choices":[{"data":"Defragment","floor":6,"key":"SMITH"},{"data":"Defragment","floor":8,"key":"SMITH"},{"data":"Coolheaded","floor":12,"key":"SMITH"},{"data":"Go for the Eyes","floor":15,"key":"SMITH"},{"data":"Machine Learning","floor":24,"key":"SMITH"},{"data":"Defragment","floor":29,"key":"SMITH"},{"data":"Hologram","floor":32,"key":"SMITH"}],"neow_cost":"NONE","seed_source_timestamp":310945871786024,"circlet_count":0,"master_deck":["Strike_B","Strike_B","Strike_B","Strike_B","Defend_B","Defend_B","Defend_B","Defend_B","Zap","Dualcast","Go for the Eyes+1","Gash","Coolheaded+1","Defragment+1","Defragment+1","Conserve Battery","Cold Snap","Machine Learning+1","Hologram+1","Panache","Finesse","Go for the Eyes","Defragment+1","Blizzard","Loop+1","Core Surge","Barrage","All For One"],"relics":["FrozenCore","MawBank","Emotion Chip","WingedGreaves","Du-Vu Doll","Vajra","Runic Pyramid"],"potions_floor_usage":[13,13,31],"damage_taken":[{"damage":1,"enemies":"Jaw Worm","floor":1,"turns":4},{"damage":0,"enemies":"Cultist","floor":3,"turns":3},{"damage":0,"enemies":"Small Slimes","floor":5,"turns":3},{"damage":24,"enemies":"Gremlin Nob","floor":13,"turns":4},{"damage":7,"enemies":"Blue Slaver","floor":14,"turns":4},{"damage":17,"enemies":"Hexaghost","floor":16,"turns":13},{"damage":3,"enemies":"Spheric Guardian","floor":18,"turns":6},{"damage":1,"enemies":"2 Thieves","floor":21,"turns":4},{"damage":0,"enemies":"Book of Stabbing","floor":23,"turns":8},{"damage":5,"enemies":"Cultist and Chosen","floor":25,"turns":8},{"damage":5,"enemies":"Shelled Parasite and Fungi","floor":30,"turns":7},{"damage":24,"enemies":"Slavers","floor":31,"turns":7},{"damage":0,"enemies":"Champ","floor":33,"turns":17},{"damage":6,"enemies":"Orb Walker","floor":35,"turns":5},{"damage":11,"enemies":"3 Darklings","floor":38,"turns":7}],"seed_played":"-2129419180073420771","potions_obtained":[{"floor":1,"key":"LiquidBronze"},{"floor":3,"key":"LiquidBronze"},{"floor":14,"key":"Ancient Potion"},{"floor":30,"key":"Dexterity Potion"},{"floor":35,"key":"Strength Potion"}],"is_trial":false,"path_per_floor":["M","?","M","$","M","R","$","R","T","?","$","R","E","M","R","B",null,"M","?","$","M","$","E","R","M","T","?","$","R","M","E","R","B",null,"M","$","?","M"],"character_chosen":"DEFECT","items_purchased":["Gash","Coolheaded","Defragment","Panache","Finesse","Go for the Eyes","Defragment"],"campfire_rested":0,"item_purchase_floors":[4,4,7,20,20,20,22],"current_hp_per_floor":[81,73,73,73,73,73,73,73,73,62,62,62,38,31,31,14,82,79,63,63,62,62,62,62,57,57,57,57,57,52,28,28,28,87,81,81,81,70],"gold":230,"neow_bonus":"TEN_PERCENT_HP_BONUS","is_prod":false,"is_daily":false,"chose_seed":false,"campfire_upgraded":7,"win_rate":0,"timestamp":1546015859,"path_taken":["M","?","M","$","M","R","?","R","T","?","$","R","E","M","R","BOSS","M","?","$","M","$","E","R","M","T","?","$","R","M","E","R","BOSS","M","$","?","M"],"build_version":"2018-12-20","purchased_purges":0,"victory":false,"max_hp_per_floor":[82,82,82,82,82,82,82,82,82,82,82,82,82,82,82,82,82,82,87,87,87,87,87,87,87,87,87,87,87,87,87,87,87,87,87,87,83,83],"card_choices":[{"not_picked":["Double Energy","Chill"],"picked":"Go for the Eyes","floor":1},{"not_picked":["Steam","Barrage","Aggregate"],"picked":"SKIP","floor":3},{"not_picked":["Go for the Eyes","Beam Cell"],"picked":"Defragment","floor":5},{"not_picked":["Cold Snap","Stack"],"picked":"Conserve Battery","floor":13},{"not_picked":["Genetic Algorithm","Steam"],"picked":"Cold Snap","floor":14},{"not_picked":["Buffer","Thunder Strike"],"picked":"Machine Learning","floor":16},{"not_picked":["Go for the Eyes","Stack"],"picked":"Hologram","floor":18},{"not_picked":["Cold Snap","Streamline","Sweeping Beam"],"picked":"SKIP","floor":21},{"not_picked":["Sweeping Beam","Thunder Strike","Cold Snap+1"],"picked":"SKIP","floor":23},{"not_picked":["Rip and Tear","Barrage"],"picked":"Blizzard","floor":25},{"not_picked":["Scrape","Ball Lightning","Hologram"],"picked":"SKIP","floor":30},{"not_picked":["Sweeping Beam","Chaos"],"picked":"Loop+1","floor":31},{"not_picked":["Electrodynamics","Buffer"],"picked":"Core Surge","floor":33},{"not_picked":["Sweeping Beam+1","Go for the Eyes"],"picked":"Barrage","floor":35},{"not_picked":["Sweeping Beam+1","Hologram+1"],"picked":"All For One","floor":38}],"player_experience":533252,"relics_obtained":[{"floor":9,"key":"MawBank"},{"floor":13,"key":"Emotion Chip"},{"floor":23,"key":"WingedGreaves"},{"floor":26,"key":"Du-Vu Doll"},{"floor":31,"key":"Vajra"}],"event_choices":[{"damage_healed":0,"gold_gain":75,"player_choice":"Touch","damage_taken":8,"max_hp_gain":0,"max_hp_loss":0,"event_name":"FaceTrader","floor":2,"gold_loss":0},{"damage_healed":0,"gold_gain":75,"player_choice":"Gather Gold","damage_taken":11,"max_hp_gain":0,"max_hp_loss":0,"event_name":"World of Goop","floor":10,"gold_loss":0},{"damage_healed":0,"gold_gain":0,"player_choice":"Shed Blood","damage_taken":21,"max_hp_gain":5,"max_hp_loss":0,"event_name":"Forgotten Altar","floor":19,"gold_loss":0},{"damage_healed":0,"gold_gain":0,"player_choice":"Max HP","damage_taken":0,"max_hp_gain":0,"max_hp_loss":4,"event_name":"Winding Halls","floor":37,"gold_loss":0}],"is_beta":false,"boss_relics":[{"not_picked":["Black Star","Pandora\u0027s Box"],"picked":"FrozenCore"},{"not_picked":["Snecko Eye","White Beast Statue"],"picked":"Runic Pyramid"}],"items_purged_floors":[],"is_endless":false,"potions_floor_spawned":[1,3,14,30,35],"killed_by":"3 Darklings","ascension_level":0}