{"gold_per_floor":[112,112,131,131,131,131,156,65,113,113,127,94,94,22,22,118,118,88,105,105,116,127,127,127,159,186,186,186,186,186,186,186,186],"floor_reached":33,"playtime":1250,"items_purged":[],"score":261,"play_id":"841e6f39-103a-41af-bd4a-afe5f582659b","local_time":"20190124010902","is_ascension_mode":false,"campfire_choices":[{"data":"Barricade","floor":6,"key":"SMITH"},{"data":"Metallicize","floor":10,"key":"SMITH"},{"floor":13,"key":"REST"},{"data":"Defend_R","floor":15,"key":"SMITH"},{"data":"Bash","floor":23,"key":"SMITH"},{"data":"Defend_R","floor":28,"key":"SMITH"},{"data":"Defend_R","floor":30,"key":"SMITH"},{"floor":32,"key":"REST"}],"neow_cost":"TEN_PERCENT_HP_LOSS","seed_source_timestamp":358151543346915,"circlet_count":0,"master_deck":["Strike_R","Strike_R","Strike_R","Strike_R","Defend_R+1","Defend_R","Defend_R+1","Defend_R+1","Bash+1","Barricade+1","Flame Barrier+1","Metallicize+1","Shrug It Off+1","Ghostly Armor+1"],"relics":["Burning Blood","Toxic Egg 2","Smiling Mask","Velvet Choker","Ancient Tea Set","Orichalcum"],"potions_floor_usage":[7,18,18,22,25,25],"damage_taken":[{"damage":10,"enemies":"Jaw Worm","floor":1,"turns":4},{"damage":12,"enemies":"Cultist","floor":3,"turns":6},{"damage":39,"enemies":"Lagavulin","floor":7,"turns":8},{"damage":1,"enemies":"2 Louse","floor":11,"turns":3},{"damage":5,"enemies":"Exordium Thugs","floor":12,"turns":5},{"damage":12,"enemies":"Hexaghost","floor":16,"turns":20},{"damage":8,"enemies":"2 Thieves","floor":18,"turns":5},{"damage":0,"enemies":"Chosen","floor":19,"turns":9},{"damage":0,"enemies":"Shelled Parasite and Fungi","floor":21,"turns":10},{"damage":0,"enemies":"Centurion and Healer","floor":22,"turns":13},{"damage":20,"enemies":"Slavers","floor":25,"turns":11},{"damage":2,"enemies":"Automaton","floor":33,"turns":4}],"seed_played":"151733216708208857","potions_obtained":[{"floor":1,"key":"FearPotion"},{"floor":7,"key":"EntropicBrew"},{"floor":11,"key":"Block Potion"},{"floor":18,"key":"Explosive Potion"}],"is_trial":false,"path_per_floor":["M","?","M","?","$","R","E","$","T","R","M","M","R","$","R","B",null,"M","M","$","M","M","R","?","E","T","?","R","$","R","?","R","B"],"character_chosen":"IRONCLAD","items_purchased":["Metallicize","Shrug It Off+1","Ghostly Armor+1"],"campfire_rested":2,"item_purchase_floors":[8,8,14],"current_hp_per_floor":[68,68,62,62,62,62,29,29,29,29,34,35,56,56,56,50,72,70,72,72,72,72,72,72,58,58,58,58,58,58,45,68,66],"gold":186,"neow_bonus":"THREE_RARE_CARDS","is_prod":false,"is_daily":false,"chose_seed":false,"campfire_upgraded":6,"win_rate":0,"timestamp":1548284942,"path_taken":["M","?","?","?","$","R","E","$","T","R","M","?","R","$","R","BOSS","M","M","$","M","M","R","?","E","T","?","R","$","R","?","R","BOSS"],"build_version":"2019-01-23","purchased_purges":0,"victory":false,"max_hp_per_floor":[72,72,72,72,72,72,72,72,72,72,72,72,72,72,72,72,72,72,72,72,72,72,72,72,72,72,72,72,72,72,77,77,77],"card_choices":[{"not_picked":["Immolate","Exhume"],"picked":"Barricade","floor":0},{"not_picked":["Blood for Blood","Power Through","Disarm"],"picked":"SKIP","floor":1},{"not_picked":["Uppercut","Sever Soul","Spot Weakness"],"picked":"SKIP","floor":3},{"not_picked":["Dual Wield","Pommel Strike"],"picked":"Flame Barrier","floor":7},{"not_picked":["Rupture","Second Wind+1","True Grit+1"],"picked":"SKIP","floor":11},{"not_picked":["Pommel Strike","Havoc+1","Clothesline"],"picked":"SKIP","floor":12},{"not_picked":["Pommel Strike+1","True Grit+1","Perfected Strike"],"picked":"SKIP","floor":18},{"not_picked":["Anger","Feel No Pain","Wild Strike"],"picked":"SKIP","floor":19},{"not_picked":["True Grit+1","Anger","Clash"],"picked":"SKIP","floor":21},{"not_picked":["Clothesline","Havoc+1","Shockwave+1"],"picked":"SKIP","floor":22},{"not_picked":["Heavy Blade+1","Wild Strike","Limit Break+1"],"picked":"SKIP","floor":25}],"player_experience":563152,"relics_obtained":[{"floor":7,"key":"Toxic Egg 2"},{"floor":9,"key":"Smiling Mask"},{"floor":25,"key":"Ancient Tea Set"},{"floor":26,"key":"Orichalcum"}],"event_choices":[{"cards_removed":["Strike_R"],"damage_healed":0,"gold_gain":0,"player_choice":"Offered Basic","damage_taken":0,"max_hp_gain":0,"max_hp_loss":0,"event_name":"Bonfire Elementals","floor":2,"gold_loss":0},{"damage_healed":0,"gold_gain":0,"player_choice":"Ignored","damage_taken":0,"max_hp_gain":0,"max_hp_loss":0,"event_name":"Transmorgrifier","floor":4,"gold_loss":0},{"damage_healed":0,"gold_gain":0,"player_choice":"Ignored","damage_taken":0,"max_hp_gain":0,"max_hp_loss":0,"event_name":"Cursed Tome","floor":24,"gold_loss":0},{"damage_healed":0,"gold_gain":0,"player_choice":"Ignored","damage_taken":0,"max_hp_gain":0,"max_hp_loss":0,"event_name":"Ghosts","floor":27,"gold_loss":0},{"damage_healed":0,"gold_gain":0,"player_choice":"Shed Blood","damage_taken":18,"max_hp_gain":5,"max_hp_loss":0,"event_name":"Forgotten Altar","floor":31,"gold_loss":0}],"is_beta":false,"boss_relics":[{"not_picked":["Lizard Tail","Mark of Pain"],"picked":"Velvet Choker"}],"items_purged_floors":[],"is_endless":false,"potions_floor_spawned":[1,7,11,18,21],"killed_by":"Automaton","ascension_level":0}