{"gold_per_floor":[113,125,300,300,174,174,207,207,261,297,311,311,347,361,361,361],"floor_reached":16,"playtime":227,"items_purged":["Doubt"],"score":133,"play_id":"8cffdcf9-3711-41da-a7ab-79c74786f5b1","local_time":"20190724194128","is_ascension_mode":false,"campfire_choices":[{"data":"Sword Boomerang","floor":6,"key":"SMITH"},{"data":"Shrug It Off","floor":8,"key":"SMITH"},{"data":"Bash","floor":12,"key":"SMITH"},{"data":"Pummel","floor":15,"key":"SMITH"}],"neow_cost":"NONE","seed_source_timestamp":94542837719800,"circlet_count":0,"master_deck":["Strike_R","Strike_R","Strike_R","Strike_R","Strike_R","Defend_R","Defend_R","Defend_R","Defend_R","Bash+1","Sword Boomerang+1","Shrug It Off+1","Pummel+1"],"relics":["Burning Blood","NeowsBlessing","Golden Idol","Potion Belt","Happy Flower","Question Card","Odd Mushroom"],"potions_floor_usage":[13,16,16,16],"damage_taken":[{"damage":0,"enemies":"2 Louse","floor":1,"turns":1},{"damage":0,"enemies":"Small Slimes","floor":2,"turns":1},{"damage":0,"enemies":"3 Sentries","floor":7,"turns":1},{"damage":28,"enemies":"Gremlin Nob","floor":10,"turns":5},{"damage":11,"enemies":"Jaw Worm","floor":11,"turns":2},{"damage":18,"enemies":"The Mushroom Lair","floor":13,"turns":4},{"damage":0,"enemies":"Looter","floor":14,"turns":2},{"damage":35,"enemies":"The Guardian","floor":16,"turns":6}],"seed_played":"-9097605725715162645","potions_obtained":[{"floor":7,"key":"Strength Potion"},{"floor":10,"key":"Fire Potion"},{"floor":11,"key":"EssenceOfSteel"},{"floor":14,"key":"Explosive Potion"}],"is_trial":false,"path_per_floor":["M","M","?","?","$","R","E","R","T","E","M","R","?","M","R","B"],"character_chosen":"IRONCLAD","items_purchased":["Sword Boomerang"],"campfire_rested":0,"item_purchase_floors":[5],"current_hp_per_floor":[80,80,80,60,60,60,66,66,66,44,39,39,27,33,33,0],"gold":361,"neow_bonus":"THREE_ENEMY_KILL","is_prod":false,"is_daily":false,"chose_seed":false,"campfire_upgraded":4,"win_rate":0,"timestamp":1563986488,"path_taken":["M","M","?","?","$","R","E","R","T","E","?","R","?","M","R","BOSS"],"build_version":"2019-07-17","purchased_purges":1,"victory":false,"max_hp_per_floor":[80,80,80,80,80,80,80,80,80,80,80,80,80,80,80,80],"card_choices":[{"not_picked":["Clothesline","Warcry","Sentinel"],"picked":"SKIP","floor":1},{"not_picked":["Blood for Blood","Pommel Strike","Iron Wave"],"picked":"SKIP","floor":2},{"not_picked":["Perfected Strike","Entrench"],"picked":"Shrug It Off","floor":7},{"not_picked":["Body Slam","Flame Barrier"],"picked":"Pummel","floor":10},{"not_picked":["Second Wind","Corruption","True Grit","Clash"],"picked":"SKIP","floor":11},{"not_picked":["Iron Wave","Clothesline","Body Slam","Shockwave"],"picked":"SKIP","floor":14}],"player_experience":763187,"relics_obtained":[{"floor":7,"key":"Potion Belt"},{"floor":9,"key":"Happy Flower"},{"floor":10,"key":"Question Card"},{"floor":13,"key":"Odd Mushroom"}],"event_choices":[{"damage_healed":0,"gold_gain":175,"player_choice":"AGREE","damage_taken":0,"max_hp_gain":0,"max_hp_loss":0,"event_name":"Liars Game","floor":3,"gold_loss":0,"cards_obtained":["Doubt"]},{"damage_healed":0,"gold_gain":0,"player_choice":"Take Damage","damage_taken":20,"relics_obtained":["Golden Idol"],"max_hp_gain":0,"max_hp_loss":0,"event_name":"Golden Idol","floor":4,"gold_loss":0},{"damage_healed":0,"gold_gain":0,"player_choice":"Fought Mushrooms","damage_taken":0,"max_hp_gain":0,"max_hp_loss":0,"event_name":"Mushrooms","floor":13,"gold_loss":0}],"is_beta":false,"boss_relics":[],"items_purged_floors":[5],"is_endless":false,"potions_floor_spawned":[7,10,11,14],"killed_by":"The Guardian","ascension_level":0}