{"gold_per_floor":[115,128,47,222,240,275,275,288,288,303,288],"floor_reached":11,"playtime":318,"items_purged":[],"score":75,"play_id":"81b68adb-20d3-4722-8bbd-05b175eace71","local_time":"20190722170353","is_ascension_mode":false,"campfire_choices":[],"neow_cost":"CURSE","seed_source_timestamp":4582930893200,"circlet_count":0,"master_deck":["Strike_R","Strike_R","Strike_R","Strike_R","Strike_R","Defend_R","Defend_R","Defend_R","Defend_R","Bash","Injury","Double Tap","Whirlwind","Blind","Doubt"],"relics":["Burning Blood","Self Forming Clay","Blue Candle","Letter Opener"],"potions_floor_usage":[8],"damage_taken":[{"damage":3,"enemies":"2 Louse","floor":1,"turns":3},{"damage":6,"enemies":"Cultist","floor":2,"turns":3},{"damage":15,"enemies":"Small Slimes","floor":5,"turns":4},{"damage":53,"enemies":"3 Sentries","floor":6,"turns":7},{"damage":16,"enemies":"Gremlin Gang","floor":8,"turns":4},{"damage":12,"enemies":"3 Louse","floor":10,"turns":4},{"damage":10,"enemies":"Exordium Thugs","floor":11,"turns":1}],"seed_played":"-8768127373201558766","potions_obtained":[{"floor":5,"key":"Weak Potion"},{"floor":6,"key":"Poison Potion"},{"floor":8,"key":"Block Potion"}],"is_trial":false,"path_per_floor":["M","M","$","?","M","E","?","M","T","M","M"],"character_chosen":"IRONCLAD","items_purchased":["Blind"],"campfire_rested":0,"item_purchase_floors":[3],"current_hp_per_floor":[80,80,80,80,71,24,24,14,14,8,0],"gold":288,"neow_bonus":"THREE_RARE_CARDS","is_prod":false,"is_daily":false,"chose_seed":false,"campfire_upgraded":0,"win_rate":0,"timestamp":1563804233,"path_taken":["M","M","$","?","M","E","?","?","T","M","M"],"build_version":"2019-07-17","purchased_purges":0,"victory":false,"max_hp_per_floor":[80,80,80,80,80,80,80,80,80,80,80],"card_choices":[{"not_picked":["Fiend Fire","Reaper"],"picked":"Double Tap","floor":0},{"not_picked":["Havoc","Burning Pact","Heavy Blade"],"picked":"SKIP","floor":1},{"not_picked":["Rage","Headbutt"],"picked":"Whirlwind","floor":2},{"not_picked":["Clothesline","Twin Strike","Sword Boomerang"],"picked":"SKIP","floor":5},{"not_picked":["Exhume","Shrug It Off","Headbutt"],"picked":"SKIP","floor":6},{"not_picked":["Clash","Pommel Strike","Burning Pact"],"picked":"SKIP","floor":8},{"not_picked":["Warcry","Clash","Flex"],"picked":"SKIP","floor":10}],"player_experience":737389,"relics_obtained":[{"floor":6,"key":"Self Forming Clay"},{"floor":7,"key":"Blue Candle"},{"floor":9,"key":"Letter Opener"}],"event_choices":[{"damage_healed":0,"gold_gain":175,"player_choice":"AGREE","damage_taken":0,"max_hp_gain":0,"max_hp_loss":0,"event_name":"Liars Game","floor":4,"gold_loss":0,"cards_obtained":["Doubt"]},{"damage_healed":0,"gold_gain":0,"player_choice":"Relic","damage_taken":0,"max_hp_gain":0,"max_hp_loss":0,"event_name":"Wheel of Change","floor":7,"gold_loss":0}],"is_beta":false,"boss_relics":[],"items_purged_floors":[],"is_endless":false,"potions_floor_spawned":[5,6,8],"killed_by":"Exordium Thugs","ascension_level":0}