{"gold_per_floor":[119,42,59,76,94,128,128,154,154,166,166,191,201,233,233,328,328,308,320,320,38,57,57,84,84,84,84,84,104,4,38,38,140,140,153,153,173,191,204,239,258,96,96,127,144,144,16,34,34,34],"floor_reached":51,"playtime":3403,"items_purged":["Dualcast","Writhe","Defend_B","Strike_B"],"score":1109,"play_id":"4b56b9f7-0518-4156-bbd2-d3dc5e7af79e","local_time":"20190131085939","is_ascension_mode":false,"campfire_choices":[{"data":"Defragment","floor":7.0,"key":"SMITH"},{"data":"Zap","floor":11.0,"key":"SMITH"},{"data":"Conserve Battery","floor":15.0,"key":"SMITH"},{"data":"Glacier","floor":23.0,"key":"SMITH"},{"data":"Capacitor","floor":25.0,"key":"SMITH"},{"data":"Defragment","floor":32.0,"key":"SMITH"},{"floor":46,"key":"REST"},{"data":"Loop","floor":49,"key":"SMITH"}],"neow_cost":"NONE","seed_source_timestamp":28235778266765,"circlet_count":0,"master_deck":["Strike_B","Defend_B","Defend_B+1","Defend_B","Zap+1","Barrage","Capacitor+1","Conserve Battery+1","Defragment+1","Cold Snap","Cold Snap","Conserve Battery+1","Conserve Battery","Thunder Strike","Sweeping Beam","Machine Learning","White Noise","Glacier+1","Ball Lightning","White Noise","Defragment+1","Core Surge","Cold Snap","Ball Lightning","FTL+1","Conserve Battery+1","Loop+1","Injury","Force Field"],"special_seed":0,"relics":["Cracked Core","Dodecahedron","Darkstone Periapt","FossilizedHelix","Dead Branch","Strawberry","Cursed Key","War Paint","PreservedInsect","Matryoshka","Smiling Mask","Kunai","Oddly Smooth Stone","Anchor","Vajra"],"potions_floor_usage":[44,44,50,50,50],"damage_taken":[{"damage":0.0,"enemies":"Cultist","floor":1.0,"turns":3.0},{"damage":1.0,"enemies":"Jaw Worm","floor":3.0,"turns":3.0},{"damage":0.0,"enemies":"2 Louse","floor":4.0,"turns":3.0},{"damage":0.0,"enemies":"Looter","floor":5.0,"turns":3.0},{"damage":19.0,"enemies":"Gremlin Nob","floor":6.0,"turns":5.0},{"damage":0.0,"enemies":"Lagavulin","floor":8.0,"turns":6.0},{"damage":0.0,"enemies":"2 Fungi Beasts","floor":10.0,"turns":4.0},{"damage":0.0,"enemies":"3 Sentries","floor":12.0,"turns":7.0},{"damage":0.0,"enemies":"Red Slaver","floor":13.0,"turns":3.0},{"damage":7.0,"enemies":"Gremlin Nob","floor":14.0,"turns":4.0},{"damage":0.0,"enemies":"Slime Boss","floor":16.0,"turns":8.0},{"damage":8.0,"enemies":"2 Thieves","floor":18.0,"turns":4.0},{"damage":0.0,"enemies":"Shell Parasite","floor":19.0,"turns":6.0},{"damage":0.0,"enemies":"Snecko","floor":22.0,"turns":5.0},{"damage":0.0,"enemies":"Centurion and Healer","floor":29.0,"turns":6.0},{"damage":0.0,"enemies":"Book of Stabbing","floor":31.0,"turns":5.0},{"damage":0.0,"enemies":"Automaton","floor":33.0,"turns":8.0},{"damage":0.0,"enemies":"3 Darklings","floor":35.0,"turns":3.0},{"damage":27.0,"enemies":"3 Shapes","floor":37.0,"turns":5.0},{"damage":8.0,"enemies":"3 Darklings","floor":38.0,"turns":5.0},{"damage":3.0,"enemies":"Spire Growth","floor":39.0,"turns":5.0},{"damage":0.0,"enemies":"Nemesis","floor":40.0,"turns":5.0},{"damage":0.0,"enemies":"Sphere and 2 Shapes","floor":41.0,"turns":6.0},{"damage":23,"enemies":"Reptomancer","floor":44,"turns":4},{"damage":4,"enemies":"4 Shapes","floor":45,"turns":5},{"damage":0,"enemies":"3 Darklings","floor":48,"turns":4},{"damage":0,"enemies":"Time Eater","floor":50,"turns":12}],"seed_played":"-6258903937903071008","potions_obtained":[{"floor":1.0,"key":"SkillPotion"},{"floor":6.0,"key":"GamblersBrew"},{"floor":8.0,"key":"SteroidPotion"},{"floor":10.0,"key":"Regen Potion"},{"floor":16.0,"key":"AttackPotion"},{"floor":18.0,"key":"LiquidBronze"},{"floor":19.0,"key":"Explosive Potion"},{"floor":29.0,"key":"Swift Potion"},{"floor":33.0,"key":"Energy Potion"},{"floor":37.0,"key":"AttackPotion"},{"floor":39.0,"key":"Dexterity Potion"},{"floor":45,"key":"FocusPotion"}],"is_trial":false,"path_per_floor":["M","$","M","M","M","E","R","E","T","M","R","E","M","E","R","B",null,"M","M","?","$","M","R","T","R","T","?","?","M","$","E","R","B",null,"M","?","M","M","M","E","M","$","T","E","M","R","$","M","R","B",null],"character_chosen":"DEFECT","items_purchased":["Capacitor","War Paint","Ball Lightning","Loop","Regen Potion","FocusPotion"],"campfire_rested":1,"item_purchase_floors":[2,21,21,42,42,47],"current_hp_per_floor":[75,75,74,74,74,55,55,55,55,55,55,70,70,70,70,70,82,74,74,58,58,58,58,64,64,70,70,70,70,70,70,70,70,99,99,99,72,64,61,61,61,61,67,56,52,83,83,83,83,83],"gold":34,"neow_bonus":"REMOVE_CARD","is_prod":false,"is_daily":false,"chose_seed":false,"campfire_upgraded":7,"win_rate":0,"timestamp":1548921579,"path_taken":["M","$","M","M","M","E","R","E","T","?","R","E","M","E","R","BOSS","M","M","?","$","M","R","?","R","T","?","?","M","?","E","R","BOSS","M","?","M","?","M","E","M","$","T","E","M","R","$","M","R","BOSS"],"build_version":"2019-01-23","purchased_purges":4,"victory":true,"max_hp_per_floor":[75,75,75,75,75,75,75,75,75,75,75,75,75,82,82,82,82,82,82,87,87,87,87,93,93,99,99,99,99,99,99,99,99,99,99,99,99,99,99,99,99,99,105,105,105,105,105,105,105,105],"card_choices":[{"not_picked":["Loop","Genetic Algorithm"],"picked":"Barrage","floor":1.0},{"not_picked":["Leap","Lockon"],"picked":"Conserve Battery","floor":3.0},{"not_picked":["Fusion","Chaos"],"picked":"Defragment","floor":4.0},{"not_picked":["Rebound","Undo"],"picked":"Cold Snap","floor":5.0},{"not_picked":["Rebound","Sweeping Beam"],"picked":"Cold Snap","floor":6.0},{"not_picked":["Rip and Tear","Reprogram"],"picked":"Conserve Battery","floor":8.0},{"not_picked":["Gash","Heatsinks"],"picked":"Conserve Battery","floor":10.0},{"not_picked":["Genetic Algorithm","Static Discharge"],"picked":"Thunder Strike","floor":12.0},{"not_picked":["Tempest","Streamline","Steam Power"],"picked":"SKIP","floor":13.0},{"not_picked":["Go for the Eyes","Cold Snap"],"picked":"Sweeping Beam","floor":14.0},{"not_picked":["Seek","Hyperbeam"],"picked":"Machine Learning","floor":16.0},{"not_picked":["Compile Driver+1","Hologram"],"picked":"White Noise","floor":18.0},{"not_picked":["Sweeping Beam","Blizzard+1"],"picked":"Glacier","floor":19.0},{"not_picked":["Melter","Rebound","Redo"],"picked":"SKIP","floor":22.0},{"not_picked":["Self Repair","Stack"],"picked":"Defragment","floor":29.0},{"not_picked":["Aggregate","Sweeping Beam","Melter"],"picked":"SKIP","floor":31.0},{"not_picked":["Machine Learning","Meteor Strike"],"picked":"Core Surge","floor":33.0},{"not_picked":["Rebound+1","Compile Driver+1"],"picked":"Cold Snap","floor":35.0},{"not_picked":["Turbo","Conserve Battery","Coolheaded"],"picked":"SKIP","floor":37.0},{"not_picked":["Ball Lightning+1","Self Repair"],"picked":"FTL+1","floor":38.0},{"not_picked":["Steam","Hologram+1","Storm+1"],"picked":"SKIP","floor":39.0},{"not_picked":["Coolheaded+1","Core Surge","Lockon+1"],"picked":"SKIP","floor":40.0},{"not_picked":["Stack","Recycle"],"picked":"Conserve Battery+1","floor":41.0},{"not_picked":["Beam Cell","Hello World+1","Genetic Algorithm+1"],"picked":"SKIP","floor":44},{"not_picked":["Go for the Eyes+1","Rebound+1"],"picked":"Force Field","floor":45},{"not_picked":["Reinforced Body","Doom and Gloom","Steam"],"picked":"SKIP","floor":48}],"player_experience":241663,"relics_obtained":[{"floor":6.0,"key":"Dodecahedron"},{"floor":8.0,"key":"Darkstone Periapt"},{"floor":9.0,"key":"FossilizedHelix"},{"floor":12.0,"key":"Dead Branch"},{"floor":14.0,"key":"Strawberry"},{"floor":24.0,"key":"PreservedInsect"},{"floor":26.0,"key":"Matryoshka"},{"floor":31.0,"key":"Smiling Mask"},{"floor":40.0,"key":"Kunai"},{"floor":43.0,"key":"Oddly Smooth Stone"},{"floor":43.0,"key":"Anchor"},{"floor":44,"key":"Vajra"}],"event_choices":[{"damage_healed":0.0,"max_hp_gain":5.0,"max_hp_loss":0.0,"gold_gain":0.0,"event_name":"Forgotten Altar","player_choice":"Shed Blood","floor":20.0,"gold_loss":0.0,"damage_taken":21.0},{"cards_removed":["Shame"],"damage_healed":0.0,"max_hp_gain":0.0,"max_hp_loss":0.0,"gold_gain":0.0,"event_name":"Back to Basics","player_choice":"Elegance","floor":27.0,"gold_loss":0.0,"damage_taken":0.0},{"damage_healed":0.0,"max_hp_gain":0.0,"max_hp_loss":0.0,"gold_gain":0.0,"event_name":"The Library","player_choice":"Read","floor":28.0,"gold_loss":0.0,"damage_taken":0.0,"cards_obtained":["White Noise"]},{"damage_healed":0.0,"max_hp_gain":0.0,"max_hp_loss":0.0,"gold_gain":0.0,"cards_transformed":["Strike_B"],"event_name":"Transmorgrifier","player_choice":"Transformed","floor":36.0,"gold_loss":0.0,"damage_taken":0.0,"cards_obtained":["Ball Lightning"]}],"is_beta":false,"boss_relics":[{"not_picked":["Calling Bell","Sozu"],"picked":"Cursed Key"},{"not_picked":["Pandora\u0027s Box","Runic Dome","Velvet Choker"]}],"items_purged_floors":[21,30,42,47],"is_endless":false,"potions_floor_spawned":[1,6,8,10,16,18,19,29,33,37,39,45,48],"ascension_level":0}