{"gold_per_floor":[117,117,142,142,157,188,42,42,42,67,83,101,101,120,120,244,244,264,314,337,114,135,135,158,158,158,199,104,138,154,254,254,254],"floor_reached":33,"playtime":850,"items_purged":[],"score":314,"play_id":"b8cd4789-06d1-43f0-ac9d-be0da1f19878","local_time":"20181014011930","is_ascension_mode":false,"campfire_choices":[{"data":"Spot Weakness","floor":8.0,"key":"SMITH"},{"data":"Feed","floor":13.0,"key":"SMITH"},{"data":"Battle Trance","floor":15.0,"key":"SMITH"},{"data":"Inflame","floor":23.0,"key":"SMITH"},{"data":"Bash","floor":25.0,"key":"SMITH"},{"floor":32,"key":"REST"}],"neow_cost":"NONE","seed_source_timestamp":109552655690827,"circlet_count":0,"master_deck":["Strike_R","Strike_R+1","Strike_R","Strike_R","Strike_R+1","Defend_R","Defend_R","Defend_R","Defend_R","Bash+1","Spot Weakness+1","Battle Trance+1","Pummel","Cleave","Feed+1","Inflame+1","Inflame","Shrug It Off+1","Whirlwind"],"special_seed":0,"relics":["Burning Blood","NeowsBlessing","Golden Idol","Sundial","Pen Nib","Whetstone","Busted Crown","Red Skull","Toxic Egg 2","Potion Belt","Art of War"],"potions_floor_usage":[30],"damage_taken":[{"damage":0.0,"enemies":"2 Louse","floor":1.0,"turns":1.0},{"damage":0.0,"enemies":"Small Slimes","floor":3.0,"turns":1.0},{"damage":0.0,"enemies":"Cultist","floor":5.0,"turns":1.0},{"damage":34.0,"enemies":"Lagavulin","floor":6.0,"turns":8.0},{"damage":5.0,"enemies":"3 Louse","floor":10.0,"turns":2.0},{"damage":8.0,"enemies":"Large Slime","floor":11.0,"turns":4.0},{"damage":7.0,"enemies":"Blue Slaver","floor":12.0,"turns":3.0},{"damage":5.0,"enemies":"3 Louse","floor":14.0,"turns":2.0},{"damage":53.0,"enemies":"The Guardian","floor":16.0,"turns":10.0},{"damage":5.0,"enemies":"Spheric Guardian","floor":18.0,"turns":3.0},{"damage":10.0,"enemies":"Chosen","floor":20.0,"turns":4.0},{"damage":8.0,"enemies":"Snecko","floor":22.0,"turns":4.0},{"damage":11.0,"enemies":"Snake Plant","floor":24.0,"turns":3.0},{"damage":58.0,"enemies":"Gremlin Leader","floor":27.0,"turns":6.0},{"damage":25.0,"enemies":"Book of Stabbing","floor":29.0,"turns":4.0},{"damage":0,"enemies":"Sentry and Sphere","floor":30,"turns":2},{"damage":65,"enemies":"Automaton","floor":33,"turns":6}],"seed_played":"-4550313311163454773","potions_obtained":[{"floor":1.0,"key":"Weak Potion"},{"floor":5.0,"key":"Explosive Potion"},{"floor":24.0,"key":"PowerPotion"},{"floor":29.0,"key":"SteroidPotion"}],"is_trial":false,"path_per_floor":["M","?","M","?","M","E","$","R","T","M","M","M","R","M","R","B",null,"M","?","M","$","M","R","M","R","T","E","$","E","M","?","R"],"character_chosen":"IRONCLAD","items_purchased":["Pen Nib","Inflame","Red Skull","Shrug It Off+1","Whirlwind"],"campfire_rested":1,"item_purchase_floors":[7,21,21,28,28],"current_hp_per_floor":[80,74,74,79,79,51,51,51,51,52,50,49,49,54,54,11,87,91,91,87,87,85,85,80,80,80,28,28,13,23,23,52,0],"gold":254,"neow_bonus":"THREE_ENEMY_KILL","is_prod":false,"is_daily":false,"chose_seed":false,"campfire_upgraded":5,"win_rate":0,"timestamp":1539469170,"path_taken":["M","?","?","?","M","E","$","R","T","M","M","M","R","M","R","BOSS","M","?","?","$","M","R","M","R","T","E","$","E","M","?","R","BOSS"],"build_version":"2018-10-11","purchased_purges":0,"victory":false,"max_hp_per_floor":[80,74,74,79,79,79,79,79,79,79,79,79,79,83,83,87,87,91,91,91,91,91,91,91,91,91,91,91,95,99,99,99,99],"card_choices":[{"not_picked":["Havoc","Searing Blow"],"picked":"Spot Weakness","floor":1.0},{"not_picked":["Twin Strike","Warcry"],"picked":"Battle Trance","floor":3.0},{"not_picked":["Twin Strike","Anger"],"picked":"Pummel","floor":5.0},{"not_picked":["Immolate","Headbutt","Flex"],"picked":"SKIP","floor":6.0},{"not_picked":["Twin Strike","Clothesline"],"picked":"Cleave","floor":10.0},{"not_picked":["Burning Pact","Evolve","Reckless Charge"],"picked":"SKIP","floor":11.0},{"not_picked":["Second Wind","Flex"],"picked":"Feed","floor":12.0},{"not_picked":["Twin Strike","Havoc","Armaments"],"picked":"SKIP","floor":14.0},{"not_picked":["Carnage"],"picked":"SKIP","floor":18.0},{"not_picked":["Heavy Blade"],"picked":"SKIP","floor":20.0},{"not_picked":["Havoc"],"picked":"SKIP","floor":22.0},{"not_picked":["Corruption+1"],"picked":"SKIP","floor":24.0},{"not_picked":[],"picked":"Inflame","floor":27.0},{"not_picked":["Pommel Strike"],"picked":"SKIP","floor":29.0},{"not_picked":["Entrench+1"],"picked":"SKIP","floor":30}],"player_experience":405495,"relics_obtained":[{"floor":6.0,"key":"Sundial"},{"floor":9.0,"key":"Whetstone"},{"floor":26.0,"key":"Toxic Egg 2"},{"floor":27.0,"key":"Potion Belt"},{"floor":29.0,"key":"Art of War"}],"event_choices":[{"event_name":"Golden Idol","player_choice":"Lose Max HP","floor":2.0,"damage_taken":0.0},{"event_name":"Big Fish","player_choice":"Donut","floor":4.0,"damage_taken":0.0},{"event_name":"The Joust","player_choice":"Bet on Murderer","floor":19.0,"damage_taken":0.0},{"event_name":"Golden Shrine","player_choice":"Pray","floor":31,"damage_taken":0}],"is_beta":false,"boss_relics":[{"not_picked":["Runic Dome","Runic Cube"],"picked":"Busted Crown"}],"items_purged_floors":[],"is_endless":false,"potions_floor_spawned":[1,5,24,29],"killed_by":"Automaton","ascension_level":0}