{"path_per_floor":["M","M","?","M","M","E","?","$","T","$","M","?","$","M","R","B",null,"M","M","M","?","?","R","M","M","T","R","M","$","M","M","R","B",null,"M","?","M","?","M","R","M","M","T","$","?","R","M","M","R","B"],"character_chosen":"IRONCLAD","items_purchased":["Offering","Armaments","Inflame","Bottled Lightning","Demon Form","Flash of Steel"],"gold_per_floor":[111,123,123,141,155,190,190,54,80,27,47,47,10,31,31,156,156,179,199,223,223,261,261,282,300,327,327,343,27,47,60,60,190,190,215,215,229,287,311,311,334,350,377,38,38,38,62,75,75,75],"floor_reached":51,"campfire_rested":0,"playtime":5166,"current_hp_per_floor":[80,79,59,65,60,36,36,36,36,36,41,34,34,36,36,16,80,78,74,72,72,78,78,80,79,79,79,71,71,73,75,75,12,80,80,70,72,74,76,76,74,72,72,72,72,72,70,72,72,70],"items_purged":["Pain","Doubt"],"gold":75,"score":457,"play_id":"dcf7e65a-7872-43ae-879e-81effcecbd02","is_prod":false,"is_daily":false,"is_ascension_mode":false,"campfire_upgraded":5,"path_taken":["M","M","?","?","M","E","?","$","T","$","?","?","?","M","R","BOSS","M","M","M","?","?","R","M","M","T","R","M","$","?","M","R","BOSS","M","?","M","?","?","R","?","M","T","$","?","R","M","M","R","BOSS"],"build_version":"2018-02-07-BETA1","purchased_purges":2,"victory":true,"master_deck":["Defend_R","Defend_R","Bash","True Grit","Whirlwind","Shrug It Off+1","Flex","Offering+1","Armaments+1","Thunderclap","Inflame+1","Exhume","Seeing Red+1","Iron Wave","Battle Trance","Double Tap+1","Clothesline+1","Reckless Charge+1","Offering+1","Madness","Madness","Spot Weakness+1","Demon Form","Flash of Steel"],"max_hp_per_floor":[80,80,80,80,80,80,80,80,80,80,80,80,80,80,80,80,80,80,80,80,80,80,80,80,80,80,80,80,80,80,80,80,80,80,80,80,80,80,80,80,80,80,80,80,80,80,80,80,80,80],"relics":["Burning Blood","Golden Idol","Anchor","Vajra","Cursed Key","Red Mask","Bag of Marbles","Bottled Lightning","Astrolabe","Girya","Ancient Tea Set"],"card_choices":[{"not_picked":["Rage","Sever Soul"],"picked":"Whirlwind"},{"not_picked":["Armaments","Havoc"],"picked":"Shrug It Off"},{"not_picked":["Anger","Sword Boomerang"],"picked":"Pommel Strike"},{"not_picked":["Wild Strike","Headbutt"],"picked":"Thunderclap"},{"not_picked":["Impervious","Bludgeon"],"picked":"Exhume"},{"not_picked":["Rupture","Twin Strike"],"picked":"Seeing Red"},{"not_picked":["Flex","Fiend Fire"],"picked":"Iron Wave"},{"not_picked":["Flex","Thunderclap"],"picked":"Battle Trance"},{"not_picked":["Reaper","Immolate"],"picked":"Double Tap"},{"not_picked":["Shrug It Off","Rupture"],"picked":"Spot Weakness"}],"player_experience":294237,"potions_floor_usage":[4,6,6,11,22,30,41,50,50,50],"damage_taken":[{"damage":6,"enemies":"Cultist","floor":1,"turns":4},{"damage":7,"enemies":"Small Slimes","floor":2,"turns":4},{"damage":0,"enemies":"Blue Slaver","floor":4,"turns":4},{"damage":11,"enemies":"Gremlin Gang","floor":5,"turns":3},{"damage":30,"enemies":"Lagavulin","floor":6,"turns":7},{"damage":1,"enemies":"2 Fungi Beasts","floor":11,"turns":3},{"damage":4,"enemies":"Exordium Thugs","floor":14,"turns":2},{"damage":26,"enemies":"The Guardian","floor":16,"turns":9},{"damage":8,"enemies":"Chosen","floor":18,"turns":3},{"damage":10,"enemies":"2 Thieves","floor":19,"turns":3},{"damage":8,"enemies":"3 Cultists","floor":20,"turns":3},{"damage":0,"enemies":"Masked Bandits","floor":22,"turns":2},{"damage":4,"enemies":"Cultist and Chosen","floor":24,"turns":6},{"damage":7,"enemies":"Snake Plant","floor":25,"turns":4},{"damage":14,"enemies":"Sentry and Sphere","floor":28,"turns":4},{"damage":4,"enemies":"3 Cultists","floor":30,"turns":1},{"damage":4,"enemies":"Cultist and Chosen","floor":31,"turns":3},{"damage":69,"enemies":"Champ","floor":33,"turns":11},{"damage":6,"enemies":"3 Shapes","floor":35,"turns":2},{"damage":4,"enemies":"Flame Bruiser 1 Orb","floor":37,"turns":2},{"damage":4,"enemies":"Mysterious Sphere","floor":38,"turns":1},{"damage":4,"enemies":"Sphere and 2 Shapes","floor":39,"turns":1},{"damage":8,"enemies":"Maw","floor":41,"turns":4},{"damage":8,"enemies":"4 Shapes","floor":42,"turns":4},{"damage":8,"enemies":"Spire Growth","floor":47,"turns":2},{"damage":4,"enemies":"Flame Bruiser 2 Orb","floor":48,"turns":1},{"damage":8,"enemies":"Donu and Deca","floor":50,"turns":1}],"event_choices":[{"event_name":"Golden Idol","player_choice":"Take Damage","floor":3,"damage_taken":0},{"event_name":"Transmorgrifier","player_choice":"Transform","floor":7,"damage_taken":0},{"event_name":"Golden Wing","player_choice":"Card Removal","floor":12,"damage_taken":0},{"event_name":"Back to Basics","player_choice":"Elegance","floor":21,"damage_taken":0},{"event_name":"Masked Bandits","player_choice":"Fought over 223 gold","floor":22,"damage_taken":0},{"event_name":"Winding Halls","player_choice":"Embrace Madness","floor":36,"damage_taken":0},{"event_name":"Mysterious Sphere","player_choice":"Fight","floor":38,"damage_taken":0}],"boss_relics":[{"not_picked":["Eternal Feather","Orrery"],"picked":"Cursed Key"},{"not_picked":["Runic Dome","Question Card"],"picked":"Astrolabe"}],"potions_floor_spawned":[1,2,4,6,20,24,33,38,41,48],"seed_played":"-3672382275738100571","ascension_level":0,"is_trial":false}