{"gold_per_floor":[115,133,149,149,160,160,40,69,69,84,84,84,100,116,116,220,220,238,238,252,19,38,38,57,74,74,74,90,16,16,16],"floor_reached":31,"playtime":877,"items_purged":["Strike_B","Decay"],"score":241,"play_id":"1af565cb-cd94-4742-b3d3-126a9466ed09","local_time":"20181012033223","is_ascension_mode":false,"campfire_choices":[{"data":"Static Discharge","floor":6.0,"key":"SMITH"},{"data":"Defragment","floor":11.0,"key":"SMITH"},{"floor":15.0,"key":"REST"},{"floor":23.0,"key":"REST"}],"neow_cost":"NONE","seed_source_timestamp":141701862163420,"circlet_count":0,"master_deck":["Strike_B","Strike_B","Strike_B","Defend_B","Defend_B","Defend_B","Defend_B","Zap","Dualcast","Capacitor","Static Discharge+1","Defragment+1","Conserve Battery","Core Surge","Defragment","Machine Learning","Conserve Battery","Force Field","Shame","Steam"],"special_seed":0,"relics":["Cracked Core","Shuriken","Calipers","Cursed Key","Membership Card","Ornamental Fan"],"potions_floor_usage":[],"damage_taken":[{"damage":1.0,"enemies":"Cultist","floor":1.0,"turns":4.0},{"damage":1.0,"enemies":"Jaw Worm","floor":2.0,"turns":4.0},{"damage":6.0,"enemies":"2 Louse","floor":3.0,"turns":2.0},{"damage":5.0,"enemies":"Looter","floor":5.0,"turns":3.0},{"damage":16.0,"enemies":"3 Sentries","floor":8.0,"turns":5.0},{"damage":13.0,"enemies":"3 Louse","floor":10.0,"turns":4.0},{"damage":13.0,"enemies":"Lots of Slimes","floor":13.0,"turns":3.0},{"damage":4.0,"enemies":"Blue Slaver","floor":14.0,"turns":4.0},{"damage":28.0,"enemies":"Slime Boss","floor":16.0,"turns":8.0},{"damage":10.0,"enemies":"Chosen","floor":18.0,"turns":3.0},{"damage":20.0,"enemies":"2 Thieves","floor":20.0,"turns":4.0},{"damage":25.0,"enemies":"Snake Plant","floor":22.0,"turns":3.0},{"damage":19.0,"enemies":"Centurion and Healer","floor":24.0,"turns":7.0},{"damage":10.0,"enemies":"Snecko","floor":25.0,"turns":7.0},{"damage":11.0,"enemies":"Snake Plant","floor":28.0,"turns":4.0},{"damage":12,"enemies":"3 Cultists","floor":31,"turns":2}],"seed_played":"6476581126728378967","potions_obtained":[{"floor":2.0,"key":"Weak Potion"},{"floor":3.0,"key":"GamblersBrew"},{"floor":5.0,"key":"LiquidBronze"},{"floor":8.0,"key":"EntropicBrew"},{"floor":16.0,"key":"SteroidPotion"},{"floor":20.0,"key":"Energy Potion"}],"is_trial":false,"path_per_floor":["M","M","M","$","M","R","$","E","T","M","R","?","M","M","R","B",null,"M","?","M","$","M","R","M","M","T","?","M","$","$"],"character_chosen":"DEFECT","items_purchased":["Defragment","Conserve Battery","Membership Card","Steam"],"campfire_rested":2,"item_purchase_floors":[7,7,21,29],"current_hp_per_floor":[81,80,74,74,69,69,69,53,53,40,40,40,27,23,47,19,82,72,72,52,52,27,51,32,22,22,22,11,11,11,0],"gold":16,"neow_bonus":"TEN_PERCENT_HP_BONUS","is_prod":false,"is_daily":false,"chose_seed":false,"campfire_upgraded":2,"win_rate":0,"timestamp":1539304343,"path_taken":["M","M","M","$","M","R","$","E","T","M","R","?","M","?","R","BOSS","M","?","M","$","M","R","M","?","T","?","M","$","?","?"],"build_version":"2018-10-11","purchased_purges":2,"victory":false,"max_hp_per_floor":[82,82,82,82,82,82,82,82,82,82,82,82,82,82,82,82,82,82,82,82,82,82,82,82,82,82,82,82,82,82,82],"card_choices":[{"not_picked":["Streamline","Barrage","Tempest"],"picked":"SKIP","floor":1.0},{"not_picked":["Scrape","Hologram"],"picked":"Capacitor","floor":2.0},{"not_picked":["Stack","Barrage","Fusion"],"picked":"SKIP","floor":3.0},{"not_picked":["Beam Cell","Cold Snap"],"picked":"Static Discharge","floor":5.0},{"not_picked":["Glacier","Go for the Eyes"],"picked":"Core Surge","floor":8.0},{"not_picked":["Beam Cell","Compile Driver","Steam Power"],"picked":"SKIP","floor":10.0},{"not_picked":["Lockon","Redo"],"picked":"Defragment","floor":13.0},{"not_picked":["Redo","Hologram","Genetic Algorithm"],"picked":"SKIP","floor":14.0},{"not_picked":["All For One","Core Surge"],"picked":"Machine Learning","floor":16.0},{"not_picked":["Beam Cell","Static Discharge","Rebound"],"picked":"SKIP","floor":18.0},{"not_picked":["Scrape","Barrage","Double Energy"],"picked":"SKIP","floor":20.0},{"not_picked":["Compile Driver+1","Sweeping Beam+1"],"picked":"Conserve Battery","floor":22.0},{"not_picked":["White Noise+1","Gash","Genetic Algorithm"],"picked":"SKIP","floor":24.0},{"not_picked":["Rebound","Loop"],"picked":"Force Field","floor":25.0},{"not_picked":["Compile Driver","Static Discharge","Turbo"],"picked":"SKIP","floor":28.0}],"player_experience":399157,"relics_obtained":[{"floor":8.0,"key":"Shuriken"},{"floor":9.0,"key":"Calipers"},{"floor":26.0,"key":"Ornamental Fan"}],"event_choices":[{"event_name":"Liars Game","player_choice":"disagreed","floor":12.0,"damage_taken":0.0},{"event_name":"Beggar","player_choice":"Ignored","floor":19.0,"damage_taken":0.0},{"event_name":"Forgotten Altar","player_choice":"Smashed Altar","floor":27.0,"damage_taken":0.0}],"is_beta":false,"boss_relics":[{"not_picked":["Coffee Dripper","Busted Crown"],"picked":"Cursed Key"}],"items_purged_floors":[21,29],"is_endless":false,"potions_floor_spawned":[2,3,5,8,13,16,20],"killed_by":"3 Cultists","ascension_level":0}