{"gold_per_floor":[109,109,122,122,197,247,260,273,319,332,365,365,384,418,418,418],"floor_reached":16,"playtime":2297,"items_purged":[],"score":171,"play_id":"1255142a-29b8-4273-8698-cf2c00001c79","local_time":"20190725003611","is_ascension_mode":true,"campfire_choices":[{"floor":12,"key":"REST"},{"data":"Leg Sweep","floor":15,"key":"SMITH"}],"neow_cost":"NONE","seed_source_timestamp":55812645589685,"circlet_count":0,"master_deck":["Strike_G","Strike_G","Strike_G","Strike_G","Strike_G","Defend_G","Defend_G","Defend_G","Defend_G","Defend_G","Survivor","Neutralize+1","PiercingWail","Flying Knee","Flying Knee","Escape Plan","Leg Sweep+1","Heel Hook","PiercingWail","Flying Knee"],"relics":["Ring of the Snake","Boot","Bag of Marbles","Bag of Preparation","Juzu Bracelet","The Courier"],"potions_floor_usage":[11,11,14,16],"damage_taken":[{"damage":0,"enemies":"Cultist","floor":1,"turns":5},{"damage":0,"enemies":"2 Louse","floor":3,"turns":2},{"damage":1,"enemies":"Small Slimes","floor":7,"turns":4},{"damage":1,"enemies":"Blue Slaver","floor":8,"turns":4},{"damage":16,"enemies":"Exordium Thugs","floor":10,"turns":4},{"damage":0,"enemies":"3 Sentries","floor":11,"turns":7},{"damage":1,"enemies":"Large Slime","floor":13,"turns":6},{"damage":24,"enemies":"Gremlin Nob","floor":14,"turns":5},{"damage":38,"enemies":"Hexaghost","floor":16,"turns":16}],"seed_played":"8172030844916045604","potions_obtained":[{"floor":3,"key":"PowerPotion"},{"floor":7,"key":"Energy Potion"},{"floor":8,"key":"Strength Potion"},{"floor":14,"key":"Block Potion"}],"is_trial":false,"path_per_floor":["M","?","M","?","?","T","M","M","T","M","E","R","M","E","R","B"],"character_chosen":"THE_SILENT","items_purchased":[],"campfire_rested":1,"item_purchase_floors":[],"current_hp_per_floor":[77,77,77,65,54,54,53,52,52,36,36,59,58,34,34,0],"gold":418,"neow_bonus":"TEN_PERCENT_HP_BONUS","is_prod":false,"is_daily":false,"chose_seed":false,"campfire_upgraded":1,"win_rate":0,"timestamp":1564032971,"path_taken":["M","?","?","?","?","?","?","M","T","M","E","R","M","E","R","BOSS"],"build_version":"2019-07-17","purchased_purges":0,"victory":false,"max_hp_per_floor":[77,77,77,77,77,77,77,77,77,77,77,77,77,77,77,77],"card_choices":[{"not_picked":["Slice","Concentrate"],"picked":"PiercingWail","floor":1},{"not_picked":["Deflect","PiercingWail"],"picked":"Flying Knee","floor":3},{"not_picked":["Slice","Wraith Form v2"],"picked":"Flying Knee","floor":7},{"not_picked":["Eviscerate","Skewer"],"picked":"Escape Plan","floor":8},{"not_picked":["Dodge and Roll","Deadly Poison"],"picked":"Leg Sweep","floor":10},{"not_picked":["Reflex","Deflect"],"picked":"Heel Hook","floor":11},{"not_picked":["Endless Agony","Finisher"],"picked":"PiercingWail","floor":13},{"not_picked":["Eviscerate","Flechettes"],"picked":"Flying Knee","floor":14}],"player_experience":613559,"relics_obtained":[{"floor":6,"key":"Bag of Marbles"},{"floor":9,"key":"Bag of Preparation"},{"floor":11,"key":"Juzu Bracelet"},{"floor":14,"key":"The Courier"}],"event_choices":[{"damage_healed":0,"gold_gain":0,"player_choice":"Upgraded","damage_taken":0,"max_hp_gain":0,"max_hp_loss":0,"event_name":"Upgrade Shrine","floor":2,"gold_loss":0,"cards_upgraded":["Neutralize"]},{"damage_healed":0,"gold_gain":0,"player_choice":"Success","damage_taken":12,"relics_obtained":["Boot"],"max_hp_gain":0,"max_hp_loss":0,"event_name":"Scrap Ooze","floor":4,"gold_loss":0},{"damage_healed":0,"gold_gain":75,"player_choice":"Gather Gold","damage_taken":11,"max_hp_gain":0,"max_hp_loss":0,"event_name":"World of Goop","floor":5,"gold_loss":0}],"is_beta":false,"boss_relics":[],"items_purged_floors":[],"is_endless":false,"potions_floor_spawned":[3,7,8,14],"killed_by":"Hexaghost","ascension_level":5}