{"path_per_floor":["M","M","$","?","M","E","M","E","T","$","M","R","?","M","R"],"character_chosen":"IRONCLAD","items_purchased":["Limit Break","Gremlin Horn"],"gold_per_floor":[211,223,83,258,270,295,313,346,376,45,63,63,138,153,153,153],"floor_reached":16,"campfire_rested":1,"playtime":365,"item_purchase_floors":[],"current_hp_per_floor":[79,77,77,77,77,47,42,34,34,34,40,40,29,26,50,0],"items_purged":["Doubt"],"gold":153,"score":112,"play_id":"1f20104b-c90d-4d18-8d76-6e4bd8c106a4","local_time":"20180608235857","is_prod":false,"is_daily":false,"chose_seed":false,"is_ascension_mode":false,"campfire_upgraded":1,"win_rate":0.0,"timestamp":1528491537,"campfire_choices":[{"data":"Limit Break","floor":12.0,"key":"SMITH"},{"floor":15.0,"key":"REST"}],"path_taken":["M","M","$","?","?","E","M","E","T","$","M","R","?","M","R","BOSS"],"build_version":"2018-06-07v3","seed_source_timestamp":0,"purchased_purges":1,"victory":false,"master_deck":["Strike_R","Strike_R","Strike_R","Strike_R","Strike_R","Defend_R","Defend_R","Defend_R","Defend_R","Bash","Perfected Strike","Limit Break+1","Cleave","Perfected Strike","Thunderclap"],"max_hp_per_floor":[80,80,80,80,80,80,80,80,80,80,80,80,80,80,80,80],"relics":["Burning Blood","Peace Pipe","Lantern","Tiny Chest","Gremlin Horn"],"card_choices":[{"not_picked":["Clash","Rupture","Feel No Pain"],"picked":"SKIP","floor":1.0},{"not_picked":["Sword Boomerang","True Grit"],"picked":"Perfected Strike","floor":2.0},{"not_picked":["Seeing Red","Pummel"],"picked":"Cleave","floor":5.0},{"not_picked":["Warcry","Flex"],"picked":"Perfected Strike","floor":6.0},{"not_picked":["Wild Strike","True Grit","Clothesline"],"picked":"SKIP","floor":7.0},{"not_picked":["Headbutt","Uppercut"],"picked":"Thunderclap","floor":8.0},{"not_picked":["Pommel Strike","Burning Pact","Immolate"],"picked":"SKIP","floor":11.0},{"not_picked":["True Grit","Clash","Headbutt"],"picked":"SKIP","floor":14.0}],"player_experience":97757,"potions_floor_usage":[16,16],"damage_taken":[{"damage":7.0,"enemies":"Small Slimes","floor":1.0,"turns":4.0},{"damage":8.0,"enemies":"Jaw Worm","floor":2.0,"turns":4.0},{"damage":6.0,"enemies":"Cultist","floor":5.0,"turns":3.0},{"damage":36.0,"enemies":"Lagavulin","floor":6.0,"turns":5.0},{"damage":11.0,"enemies":"Red Slaver","floor":7.0,"turns":4.0},{"damage":14.0,"enemies":"3 Sentries","floor":8.0,"turns":6.0},{"damage":0.0,"enemies":"3 Louse","floor":11.0,"turns":1.0},{"damage":9.0,"enemies":"Blue Slaver","floor":14.0,"turns":3.0},{"damage":67,"enemies":"The Guardian","floor":16,"turns":8}],"relics_obtained":[{"floor":6.0,"key":"Peace Pipe"},{"floor":8.0,"key":"Lantern"},{"floor":9.0,"key":"Tiny Chest"}],"event_choices":[{"event_name":"Liars Game","player_choice":"agreed","floor":4.0,"damage_taken":0.0},{"event_name":"World of Goop","player_choice":"Gather Gold","floor":13.0,"damage_taken":0.0}],"boss_relics":[],"items_purged_floors":[],"potions_floor_spawned":[2,7,11,14],"seed_played":"-3417517553665450396","killed_by":"The Guardian","ascension_level":0,"potions_obtained":[{"floor":2.0,"key":"Strength Potion"},{"floor":7.0,"key":"SkillPotion"},{"floor":11.0,"key":"Regen Potion"},{"floor":14.0,"key":"Swift Potion"}],"is_trial":false}