{"gold_per_floor":[109,125,140,152,6,38,38,69,93,108,183,198,215,0,0,99,99,118,118,131,131,131,131,46,46,46,58,92,192,192,209,209,309,309,322,339,19,33,52,52,104,117,141,141,156,166,43,59,59,59],"floor_reached":51,"playtime":1274,"items_purged":["Strike_R","Strike_R"],"score":904,"play_id":"95941785-95f3-46f6-9f91-e1063f5f8e00","local_time":"20181012021724","is_ascension_mode":true,"campfire_choices":[{"data":"Spot Weakness","floor":7.0,"key":"SMITH"},{"data":"Inflame","floor":15,"key":"SMITH"},{"data":"Sword Boomerang","floor":23,"key":"SMITH"},{"data":"Battle Trance","floor":25,"key":"SMITH"},{"floor":32,"key":"REST"},{"data":"Offering","floor":40,"key":"SMITH"},{"data":"Offering","floor":44,"key":"SMITH"},{"data":"Shrug It Off","floor":49,"key":"SMITH"}],"neow_cost":"","seed_source_timestamp":136840643931224,"circlet_count":0,"master_deck":["Strike_R","Strike_R","Strike_R","Defend_R","Defend_R","Defend_R","Defend_R","Bash","Sword Boomerang+1","Battle Trance+1","Spot Weakness+1","Inflame+1","Offering+1","Whirlwind+1","Offering+1","Heavy Blade+1","Shrug It Off+1"],"special_seed":0,"relics":["Burning Blood","Oddly Smooth Stone","Vajra","Juzu Bracelet","Lantern","PreservedInsect","Busted Crown","Potion Belt","Centennial Puzzle","Bag of Marbles","MutagenicStrength","Coffee Dripper","Molten Egg 2","Mango","Boot"],"potions_floor_usage":[8,16,28,33,50,50,50,50,50],"damage_taken":[{"damage":3.0,"enemies":"Jaw Worm","floor":1.0,"turns":5.0},{"damage":10.0,"enemies":"Small Slimes","floor":2.0,"turns":3.0},{"damage":0.0,"enemies":"2 Louse","floor":3.0,"turns":2.0},{"damage":21.0,"enemies":"Looter","floor":4.0,"turns":4.0},{"damage":16.0,"enemies":"3 Sentries","floor":6.0,"turns":6.0},{"damage":16,"enemies":"Gremlin Nob","floor":8,"turns":3},{"damage":12,"enemies":"Exordium Thugs","floor":10,"turns":4},{"damage":0,"enemies":"2 Fungi Beasts","floor":12,"turns":4},{"damage":2,"enemies":"Large Slime","floor":13,"turns":6},{"damage":21,"enemies":"The Guardian","floor":16,"turns":8},{"damage":9,"enemies":"3 Byrds","floor":18,"turns":4},{"damage":16,"enemies":"Shell Parasite","floor":20,"turns":4},{"damage":0,"enemies":"Snecko","floor":27,"turns":2},{"damage":11,"enemies":"Slavers","floor":28,"turns":2},{"damage":18,"enemies":"Snake Plant","floor":31,"turns":2},{"damage":62,"enemies":"Champ","floor":33,"turns":4},{"damage":21,"enemies":"3 Shapes","floor":35,"turns":4},{"damage":6,"enemies":"Orb Walker","floor":36,"turns":1},{"damage":6,"enemies":"Reptomancer","floor":38,"turns":1},{"damage":6,"enemies":"3 Darklings","floor":39,"turns":1},{"damage":23,"enemies":"Mysterious Sphere","floor":41,"turns":4},{"damage":3,"enemies":"4 Shapes","floor":42,"turns":3},{"damage":6,"enemies":"Transient","floor":45,"turns":5},{"damage":0,"enemies":"Reptomancer","floor":46,"turns":2},{"damage":6,"enemies":"Sphere and 2 Shapes","floor":48,"turns":1},{"damage":6,"enemies":"Time Eater","floor":50,"turns":3}],"seed_played":"838631930120178729","potions_obtained":[{"floor":1.0,"key":"Explosive Potion"},{"floor":4.0,"key":"Strength Potion"},{"floor":8,"key":"LiquidBronze"},{"floor":12,"key":"PowerPotion"},{"floor":13,"key":"Dexterity Potion"},{"floor":16,"key":"Block Potion"},{"floor":28,"key":"Strength Potion"},{"floor":31,"key":"AttackPotion"},{"floor":35,"key":"LiquidBronze"},{"floor":39,"key":"Weak Potion"},{"floor":41,"key":"AttackPotion"}],"is_trial":false,"path_per_floor":["M","M","M","M","$","E","R","E","T","M","?","M","M","$","R","B",null,"M","$","M","?","$","R","?","R","T","M","E","?","?","M","R","B",null,"M","M","$","M","M","R","?","M","T","R","M","M","$","M","R","B"],"character_chosen":"IRONCLAD","items_purchased":["Oddly Smooth Stone","Inflame","PreservedInsect","Molten Egg 2","Shrug It Off"],"campfire_rested":1,"item_purchase_floors":[5,14,14,37,47],"current_hp_per_floor":[80,76,80,65,65,55,55,45,45,39,28,34,38,38,38,23,66,63,63,53,53,53,53,53,53,53,59,54,54,54,42,66,10,63,48,48,48,48,48,48,45,48,48,48,48,54,54,54,54,54],"gold":59,"neow_bonus":"","is_prod":false,"is_daily":false,"chose_seed":false,"campfire_upgraded":7,"win_rate":0,"timestamp":1539299844,"path_taken":["M","M","M","M","$","E","R","E","T","M","?","M","M","$","R","BOSS","M","$","M","?","$","R","?","R","T","M","E","?","?","M","R","BOSS","M","M","$","M","M","R","?","M","T","R","M","M","$","M","R","BOSS"],"build_version":"2018-10-04v2","purchased_purges":2,"victory":true,"max_hp_per_floor":[80,80,80,80,80,80,80,80,80,80,80,80,80,80,80,80,80,80,80,80,80,80,80,80,80,80,80,80,80,80,80,80,80,80,80,80,80,80,80,80,94,94,94,94,94,94,94,94,94,94],"card_choices":[{"not_picked":["Searing Blow","True Grit"],"picked":"Sword Boomerang","floor":1.0},{"not_picked":["Headbutt","Armaments","Thunderclap"],"picked":"SKIP","floor":2.0},{"not_picked":["Warcry","Clash"],"picked":"Battle Trance","floor":3.0},{"not_picked":["Havoc","Berserk"],"picked":"Spot Weakness","floor":4.0},{"not_picked":["Clothesline","Pommel Strike","Warcry"],"picked":"SKIP","floor":6.0},{"not_picked":["Hemokinesis","Warcry","Headbutt"],"picked":"SKIP","floor":8},{"not_picked":["Twin Strike","Battle Trance","Metallicize"],"picked":"SKIP","floor":10},{"not_picked":["Uppercut","Wild Strike","Rupture"],"picked":"SKIP","floor":12},{"not_picked":["Fiend Fire","Twin Strike","Warcry"],"picked":"SKIP","floor":13},{"not_picked":["Barricade","Bludgeon"],"picked":"Offering","floor":16},{"not_picked":[],"picked":"Whirlwind+1","floor":18},{"not_picked":["Clothesline+1"],"picked":"SKIP","floor":20},{"not_picked":["Body Slam"],"picked":"SKIP","floor":27},{"not_picked":["Carnage"],"picked":"SKIP","floor":28},{"not_picked":["Clash"],"picked":"SKIP","floor":31},{"not_picked":[],"picked":"Offering","floor":33},{"not_picked":["Cleave"],"picked":"SKIP","floor":35},{"not_picked":["Anger+1"],"picked":"SKIP","floor":36},{"not_picked":["Pommel Strike+1"],"picked":"SKIP","floor":38},{"not_picked":["Warcry+1"],"picked":"SKIP","floor":39},{"not_picked":["Corruption+1"],"picked":"SKIP","floor":42},{"not_picked":[],"picked":"Heavy Blade+1","floor":45},{"not_picked":["Flex"],"picked":"SKIP","floor":46},{"not_picked":["Warcry"],"picked":"SKIP","floor":48}],"player_experience":394815,"relics_obtained":[{"floor":6.0,"key":"Vajra"},{"floor":8,"key":"Juzu Bracelet"},{"floor":9,"key":"Lantern"},{"floor":26,"key":"Centennial Puzzle"},{"floor":28,"key":"Bag of Marbles"},{"floor":41,"key":"Mango"},{"floor":43,"key":"Boot"}],"event_choices":[{"event_name":"World of Goop","player_choice":"Gather Gold","floor":11,"damage_taken":0},{"event_name":"Ghosts","player_choice":"Ignored","floor":21,"damage_taken":0},{"event_name":"Addict","player_choice":"Obtained Relic","floor":24,"damage_taken":0},{"event_name":"Golden Shrine","player_choice":"Pray","floor":29,"damage_taken":0},{"event_name":"Drug Dealer","player_choice":"Inject Mutagens","floor":30,"damage_taken":0},{"event_name":"Mysterious Sphere","player_choice":"Fight","floor":41,"damage_taken":0}],"is_beta":false,"boss_relics":[{"not_picked":["Philosopher\u0027s Stone","Calling Bell"],"picked":"Busted Crown"},{"not_picked":["Runic Dome","Pandora\u0027s Box"],"picked":"Coffee Dripper"}],"items_purged_floors":[37,47],"is_endless":false,"potions_floor_spawned":[1,4,8,12,13,16,18,28,31,35,39,41,42,46],"ascension_level":5}