{"path_per_floor":["M","?","M","M","$","R","?","R","T","M","M","M","R","T","R","B",null,"M","M","$","?","M","R","M","M","T","R","M","R","?","$","R","B",null,"M","?","$","?","?","R","?","M","T","M","M","M","R","M","R","B"],"character_chosen":"IRONCLAD","items_purchased":["Headbutt","Pommel Strike","Inflame","Fire Potion","Metallicize","Swift Potion"],"gold_per_floor":[112,112,122,135,8,8,8,8,34,45,62,74,74,100,100,198,198,213,223,122,122,135,135,149,159,159,159,172,172,172,124,124,228,228,240,240,21,21,71,71,71,91,118,135,145,161,161,175,175,175],"floor_reached":51,"campfire_rested":1,"playtime":4324,"current_hp_per_floor":[80,73,78,80,80,80,80,80,80,76,69,75,75,75,75,47,80,80,80,80,80,67,67,58,31,31,31,36,36,36,36,36,36,80,65,65,65,65,35,35,35,41,41,29,37,28,28,33,59,38],"items_purged":["Strike_R","Juggernaut"],"gold":175,"play_id":"76fc831b-aec8-4f6e-bf11-b69e6be6ba68","is_prod":false,"is_daily":false,"campfire_rituals":0,"campfire_upgraded":10,"is_hardmode":false,"path_taken":["M","?","M","M","$","R","?","R","T","M","M","M","R","?","R","BOSS","M","M","$","?","M","R","M","M","T","R","?","R","?","$","R","BOSS","M","?","$","?","?","R","?","?","T","M","M","M","R","M","R","BOSS"],"build_version":"2018-01-18-PROD4","purchased_purges":3,"victory":true,"master_deck":["Strike_R","Defend_R","Defend_R","Bash","Whirlwind","Flex","Searing Blow","Headbutt","Double Tap","Armaments","Shrug It Off","Berserk","Iron Wave","Juggernaut","Pommel Strike","Inflame","Rampage","Feed","Metallicize","Headbutt","Burning Pact","Seeing Red"],"max_hp_per_floor":[80,80,80,80,80,80,80,80,80,80,80,80,80,80,80,80,80,80,80,80,80,80,80,80,80,80,80,80,80,80,80,80,80,80,84,84,84,84,84,84,84,84,84,84,87,87,87,87,87,87],"relics":["Burning Blood","Happy Flower","Orichalcum","Astrolabe","Torii","Lizard Tail","Thread and Needle","Vajra"],"campfire_meditates":0,"card_choices":[{"not_picked":["Perfected Strike","Sword Boomerang"],"picked":"Whirlwind"},{"not_picked":["Power Through","Warcry"],"picked":"Flex"},{"not_picked":["Blood for Blood","Power Through"],"picked":"Searing Blow"},{"not_picked":["Flex","Sever Soul"],"picked":"Double Tap"},{"not_picked":["Headbutt","Dropkick"],"picked":"Armaments"},{"not_picked":["Anger","Body Slam"],"picked":"Shrug It Off"},{"not_picked":["Fiend Fire","Dark Embrace"],"picked":"Juggernaut"},{"not_picked":["Fiend Fire","Brutality"],"picked":"Feed"},{"not_picked":["Warcry","Armaments"],"picked":"Headbutt"},{"not_picked":["True Grit","Heavy Blade"],"picked":"Burning Pact"},{"not_picked":["Twin Strike","Iron Wave"],"picked":"Seeing Red"}],"player_experience":158815,"potions_floor_usage":[16,16,18,24,24,35,35,39,46,48,50,50],"damage_taken":[{"damage":0,"enemies":"2 Louse","floor":1,"turns":3},{"damage":1,"enemies":"Jaw Worm","floor":3,"turns":3},{"damage":0,"enemies":"Small Slimes","floor":4,"turns":2},{"damage":10,"enemies":"Exordium Thugs","floor":10,"turns":3},{"damage":13,"enemies":"Red Slaver","floor":11,"turns":2},{"damage":0,"enemies":"Looter","floor":12,"turns":3},{"damage":43,"enemies":"Hexaghost","floor":16,"turns":7},{"damage":0,"enemies":"Spheric Guardian","floor":18,"turns":1},{"damage":6,"enemies":"3 Byrds","floor":19,"turns":5},{"damage":19,"enemies":"Snecko","floor":22,"turns":4},{"damage":15,"enemies":"3 Cultists","floor":24,"turns":5},{"damage":33,"enemies":"Snake Plant","floor":25,"turns":4},{"damage":1,"enemies":"Snecko","floor":28,"turns":3},{"damage":6,"enemies":"Champ","floor":33,"turns":7},{"damage":25,"enemies":"3 Darklings","floor":35,"turns":5},{"damage":36,"enemies":"Mysterious Sphere","floor":39,"turns":5},{"damage":0,"enemies":"Orb Walker","floor":42,"turns":2},{"damage":18,"enemies":"3 Darklings","floor":44,"turns":8},{"damage":1,"enemies":"Maw","floor":45,"turns":5},{"damage":15,"enemies":"4 Shapes","floor":46,"turns":7},{"damage":1,"enemies":"Sphere and 2 Shapes","floor":48,"turns":4},{"damage":80,"enemies":"Time Eater","floor":50,"turns":10}],"event_choices":[{"event_name":"Golden Wing","player_choice":"Card Removal","floor":2,"damage_taken":0},{"event_name":"Accursed Blacksmith","player_choice":"Forge","floor":7,"damage_taken":0},{"event_name":"The Library","player_choice":"Read","floor":21,"damage_taken":0},{"event_name":"Back to Basics","player_choice":"Simplicity","floor":30,"damage_taken":0},{"event_name":"Tomb of Lord Red Mask","player_choice":"Ignored","floor":36,"damage_taken":0},{"event_name":"Mysterious Sphere","player_choice":"Fight","floor":39,"damage_taken":0},{"event_name":"Transmorgrifier","player_choice":"Skipped","floor":41,"damage_taken":0}],"boss_relics":[{"not_picked":["Black Star","White Beast Statue"],"picked":"Astrolabe"},{"not_picked":["Question Card","Runic Dome"],"picked":"Lizard Tail"}],"potions_floor_spawned":[3,4,10,11,18,19,22,33,39,44,45,48],"seed_played":"-544692415060603045","is_trial":false}