{"path_per_floor":["M","M","M","M","M","R","$","M","T","M","R","E","M","$","R","B",null,"M","M","$","M","M","E","M","$","T","R","E","M","?","?","R","B",null,"M","M","M","M","$","R","$","R","T","M","M","M","?","M","R","B"],"character_chosen":"IRONCLAD","items_purchased":["Pen Nib","Armaments","Blood Vial","Perfected Strike","Paper Frog","Metallicize"],"gold_per_floor":[109,121,134,148,167,167,12,22,22,36,36,70,86,40,40,144,174,189,203,6,16,36,71,83,83,152,152,181,198,198,198,198,302,302,318,338,349,364,364,364,44,44,44,56,68,84,84,101,101,101],"floor_reached":51,"campfire_rested":2,"playtime":1649,"item_purchase_floors":[],"current_hp_per_floor":[80,79,79,70,67,67,67,73,73,79,79,61,67,67,67,24,85,74,80,80,85,70,30,21,21,21,46,26,24,8,8,35,15,90,84,77,90,90,90,90,90,90,90,79,82,69,69,90,90,26],"items_purged":[],"gold":101,"score":774,"play_id":"8b8c9eaf-bbe5-4ec4-832f-4e8b740c98a5","local_time":"20180615083018","is_prod":false,"is_daily":false,"chose_seed":false,"is_ascension_mode":false,"campfire_upgraded":6,"win_rate":0,"timestamp":1529040618,"campfire_choices":[{"data":"Perfected Strike","floor":6.0,"key":"SMITH"},{"data":"Fiend Fire","floor":11.0,"key":"SMITH"},{"data":"Armaments","floor":15.0,"key":"SMITH"},{"floor":27.0,"key":"REST"},{"floor":32.0,"key":"REST"},{"data":"Battle Trance","floor":40,"key":"SMITH"},{"data":"Metallicize","floor":42,"key":"SMITH"},{"data":"Bash","floor":49,"key":"SMITH"}],"path_taken":["M","M","M","M","M","R","$","M","T","M","R","E","?","$","R","BOSS","M","M","$","M","M","E","M","$","T","R","E","M","?","?","R","BOSS","M","M","M","M","$","R","$","R","T","M","M","M","?","M","R","BOSS"],"build_version":"2018-06-14","seed_source_timestamp":86231295370492,"purchased_purges":0,"victory":true,"master_deck":["Strike_R","Strike_R","Strike_R","Strike_R","Strike_R","Defend_R","Defend_R","Defend_R","Defend_R","Bash+1","Perfected Strike+1","Headbutt","Iron Wave","Iron Wave","Fiend Fire+1","Thunderclap","Armaments+1","Demon Form+1","Battle Trance+1","Pommel Strike","Whirlwind","Perfected Strike","Iron Wave","Shrug It Off","Twin Strike","Disarm+1","Evolve+1","Flame Barrier","Reaper","Blood for Blood+1","Seeing Red+1","Whirlwind+1","Perfected Strike+1","Metallicize+1","Perfected Strike+1","Twin Strike+1","Whirlwind+1"],"max_hp_per_floor":[80,80,80,80,80,80,80,80,80,80,80,80,80,80,80,80,85,85,85,85,85,85,85,85,85,85,85,85,85,90,90,90,90,90,90,90,90,90,90,90,90,90,90,90,90,90,90,90,90,90],"special_seed":0,"relics":["Burning Blood","Pen Nib","Toolbox","Smiling Mask","Tiny House","Blood Vial","Sundial","Bottled Tornado","Self Forming Clay","Velvet Choker","Paper Frog","Matryoshka"],"card_choices":[{"not_picked":["Havoc","Heavy Blade","Combust"],"picked":"SKIP","floor":1.0},{"not_picked":["Body Slam","Thunderclap"],"picked":"Perfected Strike","floor":2.0},{"not_picked":["Metallicize","Berserk"],"picked":"Headbutt","floor":3.0},{"not_picked":["Searing Blow","Flex"],"picked":"Iron Wave","floor":4.0},{"not_picked":["Clothesline","Uppercut"],"picked":"Iron Wave","floor":5.0},{"not_picked":["True Grit","Body Slam","Infernal Blade"],"picked":"SKIP","floor":8.0},{"not_picked":["Heavy Blade","Havoc"],"picked":"Fiend Fire","floor":10.0},{"not_picked":["Flex","Bloodletting","Wild Strike"],"picked":"SKIP","floor":12.0},{"not_picked":["Clash","True Grit"],"picked":"Thunderclap","floor":13.0},{"not_picked":["Immolate","Brutality"],"picked":"Demon Form","floor":16.0},{"not_picked":["Clash","Thunderclap"],"picked":"Battle Trance","floor":17.0},{"not_picked":["Armaments","Searing Blow"],"picked":"Pommel Strike","floor":18.0},{"not_picked":["Infernal Blade","Armaments"],"picked":"Whirlwind","floor":19.0},{"not_picked":["Thunderclap","Evolve"],"picked":"Iron Wave","floor":21.0},{"not_picked":["Wild Strike","Searing Blow"],"picked":"Shrug It Off","floor":22.0},{"not_picked":["Juggernaut","Iron Wave"],"picked":"Twin Strike","floor":23.0},{"not_picked":["Wild Strike+1","Body Slam+1"],"picked":"Disarm+1","floor":24.0},{"not_picked":["Second Wind","Anger"],"picked":"Evolve+1","floor":28.0},{"not_picked":["Wild Strike","True Grit"],"picked":"Flame Barrier","floor":29.0},{"not_picked":["Fiend Fire","Berserk"],"picked":"Reaper","floor":33},{"not_picked":["Body Slam+1","True Grit"],"picked":"Blood for Blood+1","floor":35},{"not_picked":["Clash","Anger"],"picked":"Seeing Red+1","floor":36},{"not_picked":["Evolve+1","Disarm+1"],"picked":"Whirlwind+1","floor":37},{"not_picked":["Dual Wield+1","Body Slam+1"],"picked":"Perfected Strike+1","floor":38},{"not_picked":["Cleave","Ghostly Armor","Iron Wave+1"],"picked":"SKIP","floor":44},{"not_picked":["Bludgeon","Rampage"],"picked":"Perfected Strike+1","floor":45},{"not_picked":["Disarm","Infernal Blade+1"],"picked":"Twin Strike+1","floor":46},{"not_picked":["Feel No Pain+1","Anger"],"picked":"Whirlwind+1","floor":48}],"player_experience":132624,"potions_floor_usage":[50,50],"damage_taken":[{"damage":6.0,"enemies":"Cultist","floor":1.0,"turns":3.0},{"damage":7.0,"enemies":"2 Louse","floor":2.0,"turns":3.0},{"damage":6.0,"enemies":"Jaw Worm","floor":3.0,"turns":3.0},{"damage":15.0,"enemies":"Looter","floor":4.0,"turns":3.0},{"damage":9.0,"enemies":"Blue Slaver","floor":5.0,"turns":3.0},{"damage":0.0,"enemies":"Large Slime","floor":8.0,"turns":3.0},{"damage":0.0,"enemies":"Exordium Thugs","floor":10.0,"turns":3.0},{"damage":24.0,"enemies":"Gremlin Nob","floor":12.0,"turns":4.0},{"damage":0.0,"enemies":"Looter","floor":13.0,"turns":2.0},{"damage":49.0,"enemies":"The Guardian","floor":16.0,"turns":8.0},{"damage":17.0,"enemies":"Spheric Guardian","floor":18.0,"turns":5.0},{"damage":0.0,"enemies":"Chosen","floor":19.0,"turns":2.0},{"damage":0.0,"enemies":"Sentry and Sphere","floor":21.0,"turns":4.0},{"damage":21.0,"enemies":"Snake Plant","floor":22.0,"turns":2.0},{"damage":48.0,"enemies":"Slavers","floor":23.0,"turns":7.0},{"damage":17.0,"enemies":"Centurion and Healer","floor":24.0,"turns":5.0},{"damage":28.0,"enemies":"Gremlin Leader","floor":28.0,"turns":6.0},{"damage":10.0,"enemies":"3 Cultists","floor":29.0,"turns":4.0},{"damage":43,"enemies":"Champ","floor":33,"turns":9},{"damage":12,"enemies":"3 Shapes","floor":35,"turns":4},{"damage":15,"enemies":"Orb Walker","floor":36,"turns":3},{"damage":18,"enemies":"Maw","floor":37,"turns":6},{"damage":0,"enemies":"Sphere and 2 Shapes","floor":38,"turns":2},{"damage":17,"enemies":"3 Darklings","floor":44,"turns":4},{"damage":22,"enemies":"Maw","floor":45,"turns":6},{"damage":38,"enemies":"4 Shapes","floor":46,"turns":5},{"damage":22,"enemies":"Sphere and 2 Shapes","floor":48,"turns":5},{"damage":99,"enemies":"Awakened One","floor":50,"turns":8}],"relics_obtained":[{"floor":9.0,"key":"Toolbox"},{"floor":12.0,"key":"Smiling Mask"},{"floor":23.0,"key":"Sundial"},{"floor":26.0,"key":"Bottled Tornado"},{"floor":28.0,"key":"Self Forming Clay"},{"floor":43,"key":"Matryoshka"}],"event_choices":[{"event_name":"Forgotten Altar","player_choice":"Shed Blood","floor":30.0,"damage_taken":0.0},{"event_name":"Ghosts","player_choice":"Ignored","floor":31.0,"damage_taken":0.0},{"event_name":"Mysterious Sphere","player_choice":"Ignore","floor":47,"damage_taken":0}],"boss_relics":[{"not_picked":["Runic Cube","Empty Cage"],"picked":"Tiny House"},{"not_picked":["White Beast Statue","Lizard Tail"],"picked":"Velvet Choker"}],"items_purged_floors":[],"is_endless":false,"potions_floor_spawned":[4,8,12,19,21,22,24,36,48],"seed_played":"4216051497863173265","ascension_level":0,"potions_obtained":[{"floor":4.0,"key":"Block Potion"},{"floor":8.0,"key":"Swift Potion"},{"floor":12.0,"key":"EssenceOfSteel"},{"floor":19.0,"key":"FairyPotion"},{"floor":24.0,"key":"Dexterity Potion"},{"floor":36,"key":"FairyPotion"},{"floor":48,"key":"Block Potion"}],"is_trial":false}