{"gold_per_floor":[112,122,122,48,66,66,86,86,86,102,116,44,70,83,83,184,184,203,203,203,57,77,112,66,83,133,133,149,149,163,0,0,102,102,118,118,118,132,54,54,14,14,14,0,10,26,43,57,57,57],"floor_reached":51,"playtime":1967,"items_purged":["Strike_G"],"score":671,"play_id":"5aec6fec-288d-466a-b8e7-08b79f92a915","local_time":"20190717092606","is_ascension_mode":false,"campfire_choices":[{"data":"Envenom","floor":6.0,"key":"SMITH"},{"data":"Cloak And Dagger","floor":8.0,"key":"SMITH"},{"data":"Noxious Fumes","floor":15.0,"key":"SMITH"},{"data":"Infinite Blades","floor":27.0,"key":"SMITH"},{"floor":29.0,"key":"REST"},{"data":"Leg Sweep","floor":32.0,"key":"SMITH"},{"data":"Footwork","floor":40,"key":"SMITH"},{"data":"Cloak And Dagger","floor":49,"key":"SMITH"}],"neow_cost":"NONE","seed_source_timestamp":248119208358200,"circlet_count":0,"master_deck":["Strike_G+1","Strike_G+1","Strike_G+1","Strike_G+1","Defend_G+1","Defend_G+1","Defend_G+1","Defend_G+1","Defend_G+1","Survivor+1","Neutralize+1","Envenom+1","Cloak And Dagger+1","Leg Sweep+1","Dodge and Roll+1","Noxious Fumes+1","Infinite Blades+1","Backflip+1","Backflip+1","Blind+1","Footwork+1","Blur+1","Crippling Poison+1","Cloak And Dagger+1"],"special_seed":0,"relics":["Ring of the Snake","Strawberry","Pantograph","Busted Crown","Bronze Scales","Blood Vial","Cursed Key","Mark of the Bloom","Red Mask"],"potions_floor_usage":[50,50,50],"damage_taken":[{"damage":0.0,"enemies":"Small Slimes","floor":1.0,"turns":5.0},{"damage":1.0,"enemies":"Cultist","floor":2.0,"turns":4.0},{"damage":0.0,"enemies":"Jaw Worm","floor":5.0,"turns":4.0},{"damage":2.0,"enemies":"Blue Slaver","floor":7.0,"turns":5.0},{"damage":5.0,"enemies":"Large Slime","floor":10.0,"turns":6.0},{"damage":9.0,"enemies":"2 Fungi Beasts","floor":11.0,"turns":4.0},{"damage":16.0,"enemies":"Gremlin Nob","floor":13.0,"turns":5.0},{"damage":0.0,"enemies":"Lots of Slimes","floor":14.0,"turns":5.0},{"damage":10.0,"enemies":"The Guardian","floor":16.0,"turns":10.0},{"damage":15.0,"enemies":"3 Byrds","floor":18.0,"turns":6.0},{"damage":10.0,"enemies":"Spheric Guardian","floor":22.0,"turns":7.0},{"damage":18.0,"enemies":"Gremlin Leader","floor":23.0,"turns":9.0},{"damage":7.0,"enemies":"3 Cultists","floor":25.0,"turns":6.0},{"damage":9.0,"enemies":"Shelled Parasite and Fungi","floor":28.0,"turns":6.0},{"damage":10.0,"enemies":"Snake Plant","floor":30.0,"turns":5.0},{"damage":31.0,"enemies":"Automaton","floor":33.0,"turns":13.0},{"damage":2.0,"enemies":"Orb Walker","floor":35.0,"turns":5.0},{"damage":21,"enemies":"3 Shapes","floor":38,"turns":6},{"damage":3,"enemies":"Jaw Worm Horde","floor":45,"turns":5},{"damage":0,"enemies":"3 Darklings","floor":46,"turns":8},{"damage":0,"enemies":"4 Shapes","floor":47,"turns":6},{"damage":0,"enemies":"Spire Growth","floor":48,"turns":6},{"damage":34,"enemies":"Time Eater","floor":50,"turns":14}],"seed_played":"5806193455383138014","potions_obtained":[{"floor":1.0,"key":"SneckoOil"},{"floor":2.0,"key":"AttackPotion"},{"floor":3.0,"key":"Block Potion"},{"floor":3.0,"key":"Dexterity Potion"},{"floor":3.0,"key":"FairyPotion"},{"floor":14.0,"key":"Weak Potion"},{"floor":25.0,"key":"FearPotion"},{"floor":35.0,"key":"AttackPotion"},{"floor":45,"key":"EssenceOfSteel"},{"floor":46,"key":"PowerPotion"}],"is_trial":false,"path_per_floor":["M","M","?","$","M","R","M","R","T","M","M","$","E","M","R","B",null,"M","?","?","$","M","E","$","M","T","R","M","R","M","?","R","B",null,"M","?","?","M","$","R","$","?","T","?","M","M","M","M","R","B",null],"character_chosen":"THE_SILENT","items_purchased":["Leg Sweep","Noxious Fumes","Infinite Blades","Backflip","Footwork","Blur"],"campfire_rested":1,"item_purchase_floors":[4,12,21,24,39,41],"current_hp_per_floor":[70,69,69,69,69,69,67,67,74,69,60,60,44,44,44,59,77,62,48,48,48,38,20,20,13,13,13,6,30,22,22,22,18,82,80,70,70,51,51,51,51,51,51,51,48,48,48,48,48,14],"gold":57,"neow_bonus":"ONE_RANDOM_RARE_CARD","is_prod":false,"is_daily":false,"chose_seed":false,"campfire_upgraded":7,"win_rate":0,"timestamp":1563344766,"path_taken":["M","M","?","$","M","R","?","R","T","M","M","$","E","M","R","BOSS","M","?","?","$","M","E","$","M","T","R","M","R","M","?","R","BOSS","M","?","?","?","$","R","$","?","T","?","M","M","M","M","R","BOSS"],"build_version":"2019-07-10","purchased_purges":1,"victory":true,"max_hp_per_floor":[70,70,70,70,70,70,70,70,77,77,77,77,77,77,77,77,77,77,82,82,82,82,82,82,82,82,82,82,82,82,82,82,82,82,82,82,82,82,82,82,82,82,82,82,82,82,82,82,82,82],"card_choices":[{"not_picked":["Dash","Concentrate"],"picked":"Cloak And Dagger","floor":1.0},{"not_picked":["All Out Attack","Prepared","Sucker Punch"],"picked":"SKIP","floor":2.0},{"not_picked":["Deflect","Flying Knee","Distraction"],"picked":"SKIP","floor":5.0},{"not_picked":["Slice","Outmaneuver","Underhanded Strike"],"picked":"SKIP","floor":7.0},{"not_picked":["Riddle With Holes","Quick Slash","Blur"],"picked":"SKIP","floor":10.0},{"not_picked":["Wraith Form v2","Prepared"],"picked":"Dodge and Roll","floor":11.0},{"not_picked":["Crippling Poison","Flying Knee","Underhanded Strike"],"picked":"SKIP","floor":13.0},{"not_picked":["Dagger Spray","Masterful Stab","Deadly Poison"],"picked":"SKIP","floor":14.0},{"not_picked":["Leg Sweep"],"picked":"SKIP","floor":18.0},{"not_picked":["Finisher"],"picked":"SKIP","floor":22.0},{"not_picked":["Dagger Spray+1"],"picked":"SKIP","floor":23.0},{"not_picked":["Masterful Stab"],"picked":"SKIP","floor":25.0},{"not_picked":["PiercingWail"],"picked":"SKIP","floor":28.0},{"not_picked":[],"picked":"Backflip","floor":30.0},{"not_picked":["Outmaneuver"],"picked":"SKIP","floor":35.0},{"not_picked":[],"picked":"Blind","floor":36.0},{"not_picked":["Prepared+1"],"picked":"SKIP","floor":38},{"not_picked":[],"picked":"Crippling Poison+1","floor":45},{"not_picked":["Crippling Poison"],"picked":"SKIP","floor":46},{"not_picked":[],"picked":"Cloak And Dagger","floor":47},{"not_picked":["PiercingWail+1"],"picked":"SKIP","floor":48}],"player_experience":168393,"relics_obtained":[{"floor":9.0,"key":"Strawberry"},{"floor":13.0,"key":"Pantograph"},{"floor":23.0,"key":"Bronze Scales"},{"floor":26.0,"key":"Blood Vial"}],"event_choices":[{"damage_healed":0.0,"max_hp_gain":0.0,"max_hp_loss":0.0,"gold_gain":0.0,"event_name":"Lab","player_choice":"Got Potions","floor":3.0,"gold_loss":0.0,"damage_taken":0.0},{"damage_healed":0.0,"max_hp_gain":5.0,"max_hp_loss":0.0,"gold_gain":0.0,"event_name":"Forgotten Altar","player_choice":"Shed Blood","floor":19.0,"gold_loss":0.0,"damage_taken":19.0},{"damage_healed":0.0,"max_hp_gain":0.0,"max_hp_loss":0.0,"gold_gain":0.0,"event_name":"Cursed Tome","player_choice":"Ignored","floor":20.0,"gold_loss":0.0,"damage_taken":0.0},{"damage_healed":0.0,"max_hp_gain":0.0,"max_hp_loss":0.0,"gold_gain":0.0,"event_name":"Masked Bandits","player_choice":"Paid Fearfully","floor":31.0,"gold_loss":163.0,"damage_taken":0.0},{"damage_healed":0.0,"max_hp_gain":0.0,"max_hp_loss":0.0,"gold_gain":0.0,"event_name":"SensoryStone","player_choice":"Memory 3","floor":36.0,"gold_loss":0.0,"damage_taken":10.0},{"damage_healed":0.0,"max_hp_gain":0.0,"max_hp_loss":0.0,"gold_gain":0.0,"event_name":"NoteForYourself","player_choice":"Ignored","floor":37.0,"gold_loss":0.0,"damage_taken":0.0},{"damage_healed":0,"gold_gain":0,"player_choice":"Upgrade","damage_taken":0,"relics_obtained":["Mark of the Bloom"],"max_hp_gain":0,"max_hp_loss":0,"event_name":"MindBloom","floor":42,"gold_loss":0,"cards_upgraded":["Strike_G","Strike_G","Strike_G","Strike_G","Defend_G","Defend_G","Defend_G","Defend_G","Defend_G","Survivor","Neutralize","Dodge and Roll","Backflip","Backflip","Blind","Blur"]},{"damage_healed":0,"gold_gain":0,"player_choice":"Paid","damage_taken":0,"relics_obtained":["Red Mask"],"max_hp_gain":0,"max_hp_loss":0,"event_name":"Tomb of Lord Red Mask","floor":44,"gold_loss":14}],"is_beta":true,"boss_relics":[{"not_picked":["Ectoplasm","Eternal Feather"],"picked":"Busted Crown"},{"not_picked":["Runic Dome","Tiny House"],"picked":"Cursed Key"}],"items_purged_floors":[21],"is_endless":false,"potions_floor_spawned":[1,2,13,14,22,25,35,45,46,48],"ascension_level":0}