{"gold_per_floor":[119,136,149,163,174,174,204,218,294,294,294,294,217,233,233,333,333,349,349],"floor_reached":19,"playtime":843,"items_purged":[],"score":171,"play_id":"ce8dc8b8-187e-4af4-b260-0b9ab0e23e2d","local_time":"20181228195714","is_ascension_mode":false,"campfire_choices":[{"data":"Armaments","floor":6.0,"key":"SMITH"},{"data":"Metallicize","floor":12.0,"key":"SMITH"},{"data":"Trip","floor":15.0,"key":"SMITH"}],"neow_cost":"NONE","seed_source_timestamp":315592199168397,"circlet_count":0,"master_deck":["Strike_R","Strike_R","Strike_R","Strike_R","Strike_R","Defend_R","Defend_R","Defend_R","Defend_R","Bash","Trip+1","Armaments+1","Whirlwind","Metallicize+1","Dropkick","Barricade"],"special_seed":0,"relics":["Burning Blood","Gremlin Horn","Bottled Tornado","Black Star"],"potions_floor_usage":[18],"damage_taken":[{"damage":6.0,"enemies":"Cultist","floor":1.0,"turns":4.0},{"damage":2.0,"enemies":"2 Louse","floor":2.0,"turns":3.0},{"damage":12.0,"enemies":"Small Slimes","floor":3.0,"turns":3.0},{"damage":10.0,"enemies":"Looter","floor":4.0,"turns":3.0},{"damage":11.0,"enemies":"Blue Slaver","floor":5.0,"turns":4.0},{"damage":18.0,"enemies":"3 Sentries","floor":7.0,"turns":10.0},{"damage":4.0,"enemies":"Exordium Wildlife","floor":8.0,"turns":3.0},{"damage":0.0,"enemies":"2 Fungi Beasts","floor":14.0,"turns":3.0},{"damage":54.0,"enemies":"The Guardian","floor":16.0,"turns":15.0},{"damage":23,"enemies":"2 Thieves","floor":18,"turns":5},{"damage":67,"enemies":"Spheric Guardian","floor":19,"turns":14}],"seed_played":"-6049928957043153052","potions_obtained":[{"floor":1.0,"key":"Strength Potion"},{"floor":8.0,"key":"GamblersBrew"},{"floor":14.0,"key":"PowerPotion"},{"floor":16.0,"key":"Block Potion"}],"is_trial":false,"path_per_floor":["M","M","M","M","M","R","E","M","T","$","?","R","$","M","R","B",null,"M","M"],"character_chosen":"IRONCLAD","items_purchased":["Dropkick"],"campfire_rested":0,"item_purchase_floors":[13],"current_hp_per_floor":[80,80,74,70,65,65,53,55,55,55,55,55,55,61,61,13,80,63,0],"gold":349,"neow_bonus":"RANDOM_COLORLESS","is_prod":false,"is_daily":false,"chose_seed":false,"campfire_upgraded":3,"win_rate":0,"timestamp":1546019834,"path_taken":["M","M","M","M","M","R","E","M","T","?","?","R","$","M","R","BOSS","M","M"],"build_version":"2018-12-20","purchased_purges":0,"victory":false,"max_hp_per_floor":[80,80,80,80,80,80,80,80,80,80,80,80,80,80,80,80,80,80,80],"card_choices":[{"not_picked":["Havoc","Warcry","Headbutt"],"picked":"SKIP","floor":1.0},{"not_picked":["Heavy Blade","Sentinel"],"picked":"Armaments","floor":2.0},{"not_picked":["Clash","Searing Blow","Rupture"],"picked":"SKIP","floor":3.0},{"not_picked":["Wild Strike","Body Slam","Shockwave"],"picked":"SKIP","floor":4.0},{"not_picked":["Body Slam","Iron Wave","True Grit"],"picked":"SKIP","floor":5.0},{"not_picked":["Pommel Strike","Wild Strike"],"picked":"Whirlwind","floor":7.0},{"not_picked":["Ghostly Armor","Cleave"],"picked":"Metallicize","floor":8.0},{"not_picked":["Wild Strike","Corruption","Heavy Blade"],"picked":"SKIP","floor":14.0},{"not_picked":["Bludgeon","Dark Embrace"],"picked":"Barricade","floor":16.0},{"not_picked":["Burning Pact","Iron Wave","Anger+1"],"picked":"SKIP","floor":18}],"player_experience":537784,"relics_obtained":[{"floor":7.0,"key":"Gremlin Horn"},{"floor":9.0,"key":"Bottled Tornado"}],"event_choices":[{"damage_healed":0.0,"max_hp_gain":0.0,"max_hp_loss":0.0,"gold_gain":0.0,"event_name":"Golden Wing","player_choice":"Ignored","floor":11.0,"gold_loss":0.0,"damage_taken":0.0}],"is_beta":false,"boss_relics":[{"not_picked":["White Beast Statue","Lizard Tail"],"picked":"Black Star"}],"items_purged_floors":[],"is_endless":false,"potions_floor_spawned":[1,8,14,16],"killed_by":"Spheric Guardian","ascension_level":0}