{"gold_per_floor":[117,117,130,145,2,2,33,33,112,412,412,446,460,478,478,583,583,593,593,868,878,294,327,327,131,154,169,181,181,200,24,24,124,124,141,12,12,0,0,0,100,120,147,164,184,10,26,26,26,26,26,26,26,58,58],"floor_reached":55,"playtime":1875,"items_purged":["Regret","Strike_B+1","Strike_B+1","Shame"],"score":695,"play_id":"76fc94aa-92b1-4d06-bfec-bb4ecc05296d","local_time":"20190721030036","is_ascension_mode":false,"campfire_choices":[{"data":"Go for the Eyes","floor":6.0,"key":"SMITH"},{"data":"Machine Learning","floor":8.0,"key":"SMITH"},{"data":"Hologram","floor":15.0,"key":"SMITH"},{"floor":32.0,"key":"RECALL"},{"floor":40.0,"key":"REST"},{"floor":49.0,"key":"REST"},{"floor":52,"key":"REST"}],"neow_cost":"NONE","seed_source_timestamp":108133435165400,"circlet_count":0,"master_deck":["Strike_B+1","Strike_B+1","Defend_B+1","Defend_B+1","Defend_B+1","Defend_B+1","Zap","Dualcast","Gash","Go for the Eyes+1","Leap","Machine Learning+1","Go for the Eyes","Hologram+1","All For One","Conserve Battery+1","Apotheosis","Auto Shields","Trip","FTL","Hologram","Steam","Parasite","Gash","Gash","Self Repair","Panache","Beam Cell"],"special_seed":0,"relics":["Cracked Core","Centennial Puzzle","Boot","Symbiotic Virus","Old Coin","Gremlin Horn","Fusion Hammer","Ginger","Incense Burner","Omamori","Bird Faced Urn","Calling Bell","Ancient Tea Set","Mummified Hand","WingedGreaves","Red Mask","Emotion Chip","Cables"],"potions_floor_usage":[55,55,55],"damage_taken":[{"damage":1.0,"enemies":"Cultist","floor":1.0,"turns":4.0},{"damage":1.0,"enemies":"2 Louse","floor":3.0,"turns":2.0},{"damage":0.0,"enemies":"Small Slimes","floor":4.0,"turns":3.0},{"damage":20.0,"enemies":"Gremlin Nob","floor":7.0,"turns":4.0},{"damage":8.0,"enemies":"Lagavulin","floor":12.0,"turns":6.0},{"damage":1.0,"enemies":"2 Fungi Beasts","floor":13.0,"turns":3.0},{"damage":4.0,"enemies":"Exordium Thugs","floor":14.0,"turns":4.0},{"damage":17.0,"enemies":"The Guardian","floor":16.0,"turns":10.0},{"damage":17.0,"enemies":"2 Thieves","floor":18.0,"turns":4.0},{"damage":1.0,"enemies":"Chosen","floor":21.0,"turns":4.0},{"damage":13.0,"enemies":"Book of Stabbing","floor":23.0,"turns":4.0},{"damage":2.0,"enemies":"Centurion and Healer","floor":27.0,"turns":7.0},{"damage":6.0,"enemies":"Snake Plant","floor":28.0,"turns":3.0},{"damage":2.0,"enemies":"Chosen and Byrds","floor":30.0,"turns":4.0},{"damage":14.0,"enemies":"Collector","floor":33.0,"turns":6.0},{"damage":11.0,"enemies":"Orb Walker","floor":35.0,"turns":5.0},{"damage":0.0,"enemies":"Mind Bloom Boss Battle","floor":41.0,"turns":4.0},{"damage":2.0,"enemies":"3 Shapes","floor":42.0,"turns":4.0},{"damage":3.0,"enemies":"Maw","floor":44.0,"turns":6.0},{"damage":0.0,"enemies":"4 Shapes","floor":45.0,"turns":3.0},{"damage":4.0,"enemies":"Transient","floor":47.0,"turns":5.0},{"damage":21,"enemies":"Donu and Deca","floor":50,"turns":6},{"damage":33,"enemies":"Shield and Spear","floor":54,"turns":6},{"damage":62,"enemies":"The Heart","floor":55,"turns":5}],"seed_played":"-5327221745396853120","potions_obtained":[{"floor":1.0,"key":"EntropicBrew"},{"floor":12.0,"key":"LiquidBronze"},{"floor":13.0,"key":"SpeedPotion"},{"floor":16.0,"key":"GamblersBrew"},{"floor":23.0,"key":"FocusPotion"},{"floor":33.0,"key":"Weak Potion"},{"floor":41.0,"key":"PowerPotion"},{"floor":42.0,"key":"Dexterity Potion"}],"is_trial":false,"path_per_floor":["M","$","M","M","$","R","E","R","T","T","?","E","M","M","R","B",null,"M","?","?","M","$","E","?","$","T","M","M","?","M","$","R","B",null,"M","$","?","?","?","R","?","M","T","M","M","$","M","$","R","B",null,"R","$","E","B"],"character_chosen":"DEFECT","items_purchased":["Centennial Puzzle","Apotheosis","Ginger","Trip","Steam","Gash","Self Repair","Beam Cell"],"campfire_rested":3,"item_purchase_floors":[5,22,22,25,31,36,36,46],"current_hp_per_floor":[81,81,80,80,80,80,60,60,60,60,60,52,51,47,47,30,82,65,65,65,64,64,51,51,51,51,49,43,43,43,43,43,31,82,71,71,71,71,71,78,78,78,78,78,78,78,78,78,78,69,78,78,78,54,0],"gold":58,"neow_bonus":"TEN_PERCENT_HP_BONUS","is_prod":false,"is_daily":false,"chose_seed":false,"campfire_upgraded":3,"win_rate":0,"timestamp":1563667236,"path_taken":["M","$","M","M","$","R","E","R","T","?","?","E","?","M","R","BOSS","M","?","?","?","$","E","?","$","T","M","M","?","M","$","R","BOSS","M","$","?","?","?","R","?","M","T","M","M","?","M","$","R","BOSS","R","$","E","BOSS"],"build_version":"2019-07-17","purchased_purges":4,"victory":false,"max_hp_per_floor":[82,82,82,82,82,82,82,82,82,82,82,82,82,82,82,82,82,82,82,82,82,82,82,82,82,82,82,82,82,82,82,82,82,82,82,82,82,82,78,78,78,78,78,78,78,78,78,78,78,78,78,78,78,78,78],"card_choices":[{"not_picked":["Steam Power","Ball Lightning"],"picked":"Gash","floor":1.0},{"not_picked":["FTL","Melter"],"picked":"Go for the Eyes","floor":3.0},{"not_picked":["Capacitor","Loop"],"picked":"Leap","floor":4.0},{"not_picked":["Aggregate","Auto Shields"],"picked":"Machine Learning","floor":7.0},{"not_picked":["Coolheaded","Steam"],"picked":"Hologram","floor":12.0},{"not_picked":["Reprogram","Sweeping Beam","Double Energy"],"picked":"SKIP","floor":13.0},{"not_picked":["Turbo","Stack","Chill"],"picked":"SKIP","floor":14.0},{"not_picked":["Multi-Cast","Seek"],"picked":"All For One","floor":16.0},{"not_picked":["Streamline","Go for the Eyes"],"picked":"Conserve Battery+1","floor":18.0},{"not_picked":["Defragment","Stack+1","White Noise"],"picked":"SKIP","floor":21.0},{"not_picked":["Blizzard","Turbo"],"picked":"Auto Shields","floor":23.0},{"not_picked":["Go for the Eyes","Doom and Gloom"],"picked":"FTL","floor":27.0},{"not_picked":["Redo","Storm"],"picked":"Hologram","floor":28.0},{"not_picked":["Leap","Conserve Battery","Melter"],"picked":"SKIP","floor":30.0},{"not_picked":["Steam+1","Ball Lightning"],"picked":"Gash","floor":35.0},{"not_picked":["Magnetism","Mind Blast"],"picked":"Panache","floor":37.0},{"not_picked":["Barrage+1","Cold Snap","Storm"],"picked":"SKIP","floor":42.0},{"not_picked":["BootSequence","Cold Snap+1","Redo"],"picked":"SKIP","floor":44.0},{"not_picked":["Aggregate+1","Rebound","Compile Driver+1"],"picked":"SKIP","floor":45.0},{"not_picked":["Doom and Gloom+1","Compile Driver","Cold Snap"],"picked":"SKIP","floor":47.0},{"not_picked":["Turbo","Coolheaded+1","Streamline"],"picked":"SKIP","floor":54}],"player_experience":717218,"relics_obtained":[{"floor":7.0,"key":"Boot"},{"floor":9.0,"key":"Symbiotic Virus"},{"floor":10.0,"key":"Old Coin"},{"floor":12.0,"key":"Gremlin Horn"},{"floor":23.0,"key":"Incense Burner"},{"floor":26.0,"key":"Omamori"},{"floor":34.0,"key":"Ancient Tea Set"},{"floor":34.0,"key":"Mummified Hand"},{"floor":34.0,"key":"WingedGreaves"},{"floor":41.0,"key":"Emotion Chip"},{"floor":54,"key":"Cables"}],"event_choices":[{"damage_healed":0.0,"max_hp_gain":0.0,"max_hp_loss":0.0,"gold_gain":0.0,"event_name":"Match and Keep!","player_choice":"1 cards matched","floor":11.0,"gold_loss":0.0,"damage_taken":0.0,"cards_obtained":["Go for the Eyes"]},{"damage_healed":0.0,"max_hp_gain":0.0,"max_hp_loss":0.0,"gold_gain":0.0,"event_name":"Back to Basics","player_choice":"Simplicity","floor":19.0,"gold_loss":0.0,"damage_taken":0.0,"cards_upgraded":["Strike_B","Strike_B","Strike_B","Strike_B","Defend_B","Defend_B","Defend_B","Defend_B"]},{"damage_healed":0.0,"max_hp_gain":0.0,"max_hp_loss":0.0,"gold_gain":275.0,"event_name":"Golden Shrine","player_choice":"Desecrate","floor":20.0,"gold_loss":0.0,"damage_taken":0.0,"cards_obtained":["Regret"]},{"damage_healed":0.0,"max_hp_gain":0.0,"max_hp_loss":0.0,"gold_gain":0.0,"event_name":"Cursed Tome","player_choice":"Ignored","floor":24.0,"gold_loss":0.0,"damage_taken":0.0},{"damage_healed":0.0,"max_hp_gain":0.0,"max_hp_loss":0.0,"gold_gain":0.0,"event_name":"The Mausoleum","player_choice":"Opened","floor":29.0,"gold_loss":0.0,"damage_taken":0.0,"relics_obtained":["Bird Faced Urn"],"cards_obtained":["Writhe"]},{"damage_healed":0.0,"max_hp_gain":0.0,"max_hp_loss":0.0,"gold_gain":0.0,"event_name":"SensoryStone","player_choice":"Memory 1","floor":37.0,"gold_loss":0.0,"damage_taken":0.0},{"damage_healed":0.0,"max_hp_gain":0.0,"max_hp_loss":0.0,"gold_gain":0.0,"event_name":"Tomb of Lord Red Mask","player_choice":"Paid","floor":38.0,"gold_loss":12.0,"damage_taken":0.0,"relics_obtained":["Red Mask"]},{"damage_healed":0.0,"max_hp_gain":0.0,"max_hp_loss":4.0,"gold_gain":0.0,"event_name":"Winding Halls","player_choice":"Max HP","floor":39.0,"gold_loss":0.0,"damage_taken":0.0},{"damage_healed":0.0,"max_hp_gain":0.0,"max_hp_loss":0.0,"gold_gain":0.0,"event_name":"MindBloom","player_choice":"Fight","floor":41.0,"gold_loss":0.0,"damage_taken":0.0}],"is_beta":false,"boss_relics":[{"not_picked":["Eternal Feather","Black Star"],"picked":"Fusion Hammer"},{"not_picked":["Empty Cage","Snecko Eye"],"picked":"Calling Bell"}],"items_purged_floors":[22,25,31,46],"is_endless":false,"potions_floor_spawned":[1,12,13,14,16,23,27,33,41,42,54],"killed_by":"The Heart","ascension_level":0}