{"gold_per_floor":[210,210,230,230,244,276,84,84,84,84,100,100,110,135,135,238,238,255,59,79,91,103,103,130,130,179,179,7,22,49,49,49,151,151,167,178,19,19,0,26,26,39,39,39,0,17,17,28,28,28],"floor_reached":50,"playtime":2037,"items_purged":[],"score":620,"play_id":"a014dfee-0953-404f-8150-3128266d8bf6","local_time":"20190729104808","is_ascension_mode":false,"campfire_choices":[{"data":"Apotheosis","floor":8.0,"key":"SMITH"},{"data":"Self Repair","floor":10.0,"key":"SMITH"},{"data":"Zap","floor":12.0,"key":"SMITH"},{"data":"Coolheaded","floor":15.0,"key":"SMITH"},{"floor":23.0,"key":"RECALL"},{"data":"Well Laid Plans","floor":25.0,"key":"SMITH"},{"data":"Panache","floor":32,"key":"SMITH"},{"data":"Dualcast","floor":41,"key":"SMITH"},{"data":"Metamorphosis","floor":44,"key":"SMITH"},{"data":"Go for the Eyes","floor":49,"key":"SMITH"}],"neow_cost":"NONE","seed_source_timestamp":6541697860100,"circlet_count":0,"master_deck":["Strike_B","Strike_B","Strike_B","Defend_B","Defend_B","Defend_B","Defend_B","Zap+1","Dualcast+1","Steam","Leap","Self Repair+1","Apotheosis+1","Conserve Battery","Coolheaded+1","Well Laid Plans+1","Backflip+1","Coolheaded","Panache+1","Flying Knee+1","Metamorphosis+1","Static Discharge+1","Madness","Madness","Jack Of All Trades+1","Conserve Battery","Go for the Eyes+1","Self Repair"],"special_seed":0,"relics":["Cracked Core","Dodecahedron","Pantograph","Bottled Lightning","Nuclear Battery","PrismaticShard","PreservedInsect","Art of War","The Courier","Coffee Dripper","Runic Capacitor","Red Mask","Pocketwatch","Ice Cream"],"potions_floor_usage":[40,42,50],"damage_taken":[{"damage":6.0,"enemies":"Jaw Worm","floor":1.0,"turns":3.0},{"damage":1.0,"enemies":"2 Louse","floor":3.0,"turns":2.0},{"damage":10.0,"enemies":"Small Slimes","floor":5.0,"turns":4.0},{"damage":14.0,"enemies":"Lagavulin","floor":6.0,"turns":10.0},{"damage":9.0,"enemies":"3 Louse","floor":11.0,"turns":3.0},{"damage":0.0,"enemies":"2 Fungi Beasts","floor":13.0,"turns":4.0},{"damage":31.0,"enemies":"Gremlin Nob","floor":14.0,"turns":5.0},{"damage":10.0,"enemies":"The Guardian","floor":16.0,"turns":15.0},{"damage":2.0,"enemies":"Chosen","floor":18.0,"turns":8.0},{"damage":0.0,"enemies":"Shell Parasite","floor":20.0,"turns":8.0},{"damage":20.0,"enemies":"3 Cultists","floor":21.0,"turns":8.0},{"damage":0.0,"enemies":"Snake Plant","floor":22.0,"turns":7.0},{"damage":0.0,"enemies":"Book of Stabbing","floor":24.0,"turns":7.0},{"damage":5.0,"enemies":"Cultist and Chosen","floor":29.0,"turns":9.0},{"damage":0.0,"enemies":"Gremlin Leader","floor":30.0,"turns":6.0},{"damage":0,"enemies":"Collector","floor":33,"turns":13},{"damage":0,"enemies":"3 Darklings","floor":35,"turns":4},{"damage":0,"enemies":"3 Shapes","floor":36,"turns":4},{"damage":18,"enemies":"Giant Head","floor":40,"turns":7},{"damage":34,"enemies":"Writhing Mass","floor":42,"turns":4},{"damage":7,"enemies":"Sphere and 2 Shapes","floor":46,"turns":4},{"damage":46,"enemies":"4 Shapes","floor":48,"turns":6},{"damage":42,"enemies":"Time Eater","floor":50,"turns":6}],"seed_played":"-3724824107232310575","potions_obtained":[{"floor":3.0,"key":"SkillPotion"},{"floor":5.0,"key":"Fire Potion"},{"floor":6.0,"key":"Poison Potion"},{"floor":13.0,"key":"GamblersBrew"},{"floor":14.0,"key":"Block Potion"},{"floor":18.0,"key":"PowerPotion"},{"floor":22.0,"key":"Poison Potion"},{"floor":30.0,"key":"Energy Potion"},{"floor":33,"key":"LiquidBronze"},{"floor":35,"key":"Poison Potion"},{"floor":42,"key":"FairyPotion"}],"is_trial":false,"path_per_floor":["M","?","M","$","M","E","$","R","T","R","M","R","M","E","R","B",null,"M","$","M","M","M","R","E","R","T","?","$","M","E","?","R","B",null,"M","M","$","?","?","E","R","M","T","R","$","M","$","M","R","B"],"character_chosen":"DEFECT","items_purchased":["Apotheosis","Conserve Battery","PrismaticShard","Panache","Runic Capacitor","Conserve Battery"],"campfire_rested":0,"item_purchase_floors":[7,7,19,28,37,45],"current_hp_per_floor":[69,62,61,61,51,44,44,44,44,44,45,45,55,34,34,59,75,75,75,75,65,75,75,75,75,75,75,75,75,75,75,75,75,75,75,75,75,66,66,58,58,34,34,34,34,37,37,17,17,0],"gold":28,"neow_bonus":"HUNDRED_GOLD","is_prod":false,"is_daily":false,"chose_seed":false,"campfire_upgraded":9,"win_rate":0,"timestamp":1564386488,"path_taken":["M","?","M","$","M","E","$","R","T","R","M","R","M","E","R","BOSS","M","$","M","M","M","R","E","R","T","?","$","M","E","?","R","BOSS","M","M","$","?","?","E","R","M","T","R","?","M","$","?","R","BOSS"],"build_version":"2019-07-17","purchased_purges":0,"victory":false,"max_hp_per_floor":[75,75,75,75,75,75,75,75,75,75,75,75,75,75,75,75,75,75,75,75,75,75,75,75,75,75,75,75,75,75,75,75,75,75,75,75,75,75,75,75,75,75,75,75,75,75,75,75,75,75],"card_choices":[{"not_picked":["Stack","Rip and Tear"],"picked":"Steam","floor":1.0},{"not_picked":["Turbo","Steam Power"],"picked":"Leap","floor":3.0},{"not_picked":["Conserve Battery","Rebound"],"picked":"Self Repair","floor":5.0},{"not_picked":["Sweeping Beam","Chaos","Melter"],"picked":"SKIP","floor":6.0},{"not_picked":["Streamline","Gash","Thunder Strike"],"picked":"SKIP","floor":11.0},{"not_picked":["Streamline","Self Repair","Storm"],"picked":"SKIP","floor":13.0},{"not_picked":["Gash","Stack"],"picked":"Coolheaded","floor":14.0},{"not_picked":["Leap","Stack","Steam"],"picked":"SKIP","floor":18.0},{"not_picked":["Catalyst","Loop"],"picked":"Well Laid Plans","floor":20.0},{"not_picked":["Havoc+1","Flex","True Grit"],"picked":"SKIP","floor":21.0},{"not_picked":["Dagger Throw+1","Flechettes"],"picked":"Backflip+1","floor":22.0},{"not_picked":["Headbutt","Searing Blow"],"picked":"Coolheaded","floor":24.0},{"not_picked":["Thunderclap","Heavy Blade","Choke"],"picked":"SKIP","floor":29.0},{"not_picked":["Masterful Stab+1","Heatsinks"],"picked":"Flying Knee+1","floor":30.0},{"not_picked":["Envenom","Glass Knife"],"picked":"Metamorphosis","floor":33},{"not_picked":["Dagger Throw","Deflect"],"picked":"Static Discharge+1","floor":35},{"not_picked":["Pummel","Catalyst+1","Flechettes"],"picked":"SKIP","floor":36},{"not_picked":["Prepared","Genetic Algorithm"],"picked":"Jack Of All Trades+1","floor":40},{"not_picked":["Purity+1","All Out Attack+1","Clothesline"],"picked":"SKIP","floor":42},{"not_picked":["Cleave+1","Flex"],"picked":"Go for the Eyes","floor":46},{"not_picked":["Venomology","Shockwave"],"picked":"Self Repair","floor":48}],"player_experience":792351,"relics_obtained":[{"floor":6.0,"key":"Dodecahedron"},{"floor":9.0,"key":"Pantograph"},{"floor":14.0,"key":"Bottled Lightning"},{"floor":24.0,"key":"PreservedInsect"},{"floor":26.0,"key":"Art of War"},{"floor":30.0,"key":"The Courier"},{"floor":40,"key":"Pocketwatch"},{"floor":43,"key":"Ice Cream"}],"event_choices":[{"cards_removed":["Strike_B"],"damage_healed":0.0,"max_hp_gain":0.0,"max_hp_loss":0.0,"gold_gain":0.0,"event_name":"Golden Wing","player_choice":"Card Removal","floor":2.0,"gold_loss":0.0,"damage_taken":7.0},{"damage_healed":0.0,"max_hp_gain":0.0,"max_hp_loss":0.0,"gold_gain":0.0,"event_name":"Ghosts","player_choice":"Ignored","floor":27.0,"gold_loss":0.0,"damage_taken":0.0},{"damage_healed":0,"gold_gain":0,"player_choice":"Ignored","damage_taken":0,"max_hp_gain":0,"max_hp_loss":0,"event_name":"Cursed Tome","floor":31,"gold_loss":0},{"damage_healed":0,"gold_gain":0,"player_choice":"Embrace Madness","damage_taken":9,"max_hp_gain":0,"max_hp_loss":0,"event_name":"Winding Halls","floor":38,"gold_loss":0,"cards_obtained":["Madness","Madness"]},{"damage_healed":0,"gold_gain":0,"player_choice":"Paid","damage_taken":0,"relics_obtained":["Red Mask"],"max_hp_gain":0,"max_hp_loss":0,"event_name":"Tomb of Lord Red Mask","floor":39,"gold_loss":19}],"is_beta":false,"boss_relics":[{"not_picked":["Tiny House","Philosopher\u0027s Stone"],"picked":"Nuclear Battery"},{"not_picked":["White Beast Statue","Runic Dome"],"picked":"Coffee Dripper"}],"items_purged_floors":[],"is_endless":false,"potions_floor_spawned":[3,5,6,13,14,18,22,30,33,35,36,42],"killed_by":"Time Eater","ascension_level":0}