{"gold_per_floor":[119,132,132,38,57,87,87,17,17,17,92,92,21,34,34,34],"floor_reached":16,"playtime":675,"items_purged":[],"score":98,"play_id":"4c2bd78a-9fbc-4bbe-9226-96ac9766751c","local_time":"20181228193138","is_ascension_mode":false,"campfire_choices":[{"data":"Well Laid Plans","floor":10,"key":"SMITH"},{"data":"Caltrops","floor":15,"key":"SMITH"}],"neow_cost":"NONE","seed_source_timestamp":314259290924538,"circlet_count":0,"master_deck":["Defend_G","Defend_G","Defend_G","Defend_G","Defend_G","Strike_G","Strike_G+1","Strike_G","Strike_G","Strike_G","Survivor+1","Neutralize","Caltrops","Well Laid Plans+1","Backflip","Caltrops+1","Blur"],"relics":["Ring of the Snake","Centennial Puzzle","Ornamental Fan","Regal Pillow","Ancient Tea Set"],"potions_floor_usage":[16],"damage_taken":[{"damage":9,"enemies":"Jaw Worm","floor":1,"turns":5},{"damage":0,"enemies":"Small Slimes","floor":2,"turns":5},{"damage":2,"enemies":"2 Louse","floor":5,"turns":3},{"damage":18,"enemies":"3 Sentries","floor":6,"turns":12},{"damage":2,"enemies":"2 Fungi Beasts","floor":14,"turns":5},{"damage":36,"enemies":"Slime Boss","floor":16,"turns":8}],"seed_played":"7129524808515318044","potions_obtained":[{"floor":2,"key":"Block Potion"},{"floor":5,"key":"FearPotion"}],"is_trial":false,"path_per_floor":["M","M","?","$","M","E","?","$","T","R","?","?","$","M","R","B"],"character_chosen":"THE_SILENT","items_purchased":["Well Laid Plans","Backflip","Caltrops","Blur"],"campfire_rested":0,"item_purchase_floors":[4,4,8,13],"current_hp_per_floor":[61,61,58,58,56,38,61,61,61,61,50,36,36,34,34,0],"gold":34,"neow_bonus":"RANDOM_COMMON_RELIC","is_prod":false,"is_daily":false,"chose_seed":false,"campfire_upgraded":2,"win_rate":0,"timestamp":1546018298,"path_taken":["M","M","?","$","M","E","?","$","T","R","?","?","$","M","R","BOSS"],"build_version":"2018-12-20","purchased_purges":0,"victory":false,"max_hp_per_floor":[70,70,70,70,70,70,70,70,70,70,70,70,70,70,70,70],"card_choices":[{"not_picked":["Sucker Punch","Acrobatics","Riddle With Holes"],"picked":"SKIP","floor":1},{"not_picked":["Outmaneuver","Prepared"],"picked":"Caltrops","floor":2},{"not_picked":["Acrobatics","Accuracy","All Out Attack"],"picked":"SKIP","floor":5},{"not_picked":["PiercingWail","Storm of Steel","Underhanded Strike"],"picked":"SKIP","floor":6},{"not_picked":["Terror","Dagger Spray","Well Laid Plans"],"picked":"SKIP","floor":14}],"player_experience":536499,"relics_obtained":[{"floor":6,"key":"Regal Pillow"},{"floor":9,"key":"Ancient Tea Set"}],"event_choices":[{"damage_healed":0,"gold_gain":0,"player_choice":"Success","damage_taken":3,"relics_obtained":["Ornamental Fan"],"max_hp_gain":0,"max_hp_loss":0,"event_name":"Scrap Ooze","floor":3,"gold_loss":0},{"damage_healed":23,"gold_gain":0,"player_choice":"Banana","damage_taken":0,"max_hp_gain":0,"max_hp_loss":0,"event_name":"Big Fish","floor":7,"gold_loss":0},{"damage_healed":0,"gold_gain":75,"player_choice":"Gather Gold","damage_taken":11,"max_hp_gain":0,"max_hp_loss":0,"event_name":"World of Goop","floor":11,"gold_loss":0},{"damage_healed":0,"gold_gain":0,"player_choice":"Entered Light","damage_taken":14,"max_hp_gain":0,"max_hp_loss":0,"event_name":"Shining Light","floor":12,"gold_loss":0,"cards_upgraded":["Strike_G","Survivor"]}],"is_beta":false,"boss_relics":[],"items_purged_floors":[],"is_endless":false,"potions_floor_spawned":[2,5],"killed_by":"Slime Boss","ascension_level":0}