{"gold_per_floor":[110,110,120,220,239,239,266,280,304,257,277,288,288,304,304,304],"floor_reached":16,"playtime":555,"items_purged":[],"score":104,"play_id":"adbe6542-6bd2-4a6a-a860-a1b941cd4abe","local_time":"20181124222519","is_ascension_mode":false,"campfire_choices":[{"data":"Armaments","floor":6.0,"key":"SMITH"},{"data":"Bash","floor":13,"key":"SMITH"},{"floor":15,"key":"REST"}],"neow_cost":"NONE","seed_source_timestamp":269078985291691,"circlet_count":0,"master_deck":["Strike_R","Strike_R","Strike_R","Strike_R","Strike_R","Defend_R+1","Defend_R+1","Defend_R","Defend_R","Bash+1","Armaments+1","Shrug It Off","Shrug It Off"],"special_seed":0,"relics":["Burning Blood","Happy Flower","War Paint"],"potions_floor_usage":[16],"damage_taken":[{"damage":5.0,"enemies":"Small Slimes","floor":1.0,"turns":5.0},{"damage":6.0,"enemies":"Cultist","floor":3.0,"turns":3.0},{"damage":6.0,"enemies":"Jaw Worm","floor":5.0,"turns":4.0},{"damage":36.0,"enemies":"Gremlin Nob","floor":7.0,"turns":5.0},{"damage":11,"enemies":"Lots of Slimes","floor":8,"turns":6},{"damage":7,"enemies":"Looter","floor":11,"turns":4},{"damage":3,"enemies":"Blue Slaver","floor":12,"turns":4},{"damage":4,"enemies":"Red Slaver","floor":14,"turns":4},{"damage":75,"enemies":"Slime Boss","floor":16,"turns":17}],"seed_played":"6136292883829205533","potions_obtained":[{"floor":3.0,"key":"FearPotion"},{"floor":5.0,"key":"Dexterity Potion"},{"floor":7.0,"key":"PowerPotion"}],"is_trial":false,"path_per_floor":["M","$","M","?","M","R","E","M","T","$","M","M","R","M","R","B"],"character_chosen":"IRONCLAD","items_purchased":["Shrug It Off"],"campfire_rested":1,"item_purchase_floors":[10],"current_hp_per_floor":[80,80,80,80,80,80,50,45,45,45,44,47,47,49,73,0],"gold":304,"neow_bonus":"THREE_CARDS","is_prod":false,"is_daily":false,"chose_seed":false,"campfire_upgraded":2,"win_rate":0,"timestamp":1543091119,"path_taken":["M","$","M","?","M","R","E","M","T","$","M","M","R","?","R","BOSS"],"build_version":"2018-11-15","purchased_purges":0,"victory":false,"max_hp_per_floor":[80,80,80,80,80,80,80,80,80,80,80,80,80,80,80,80],"card_choices":[{"not_picked":["Heavy Blade","Shockwave"],"picked":"Armaments","floor":0.0},{"not_picked":["Anger","Twin Strike","Cleave"],"picked":"SKIP","floor":1.0},{"not_picked":["Armaments","Perfected Strike","Clash"],"picked":"SKIP","floor":3.0},{"not_picked":["Anger","Clash"],"picked":"Shrug It Off","floor":5.0},{"not_picked":["Burning Pact","Clash","True Grit"],"picked":"SKIP","floor":7.0},{"not_picked":["Havoc","Feel No Pain","Wild Strike"],"picked":"SKIP","floor":8},{"not_picked":["Shrug It Off","Impervious","Hemokinesis"],"picked":"SKIP","floor":11},{"not_picked":["Iron Wave","Clash","Flex"],"picked":"SKIP","floor":12},{"not_picked":["Armaments","Combust","Corruption"],"picked":"SKIP","floor":14}],"player_experience":500965,"relics_obtained":[{"floor":7.0,"key":"Happy Flower"},{"floor":9,"key":"War Paint"}],"event_choices":[{"damage_healed":0.0,"max_hp_gain":0.0,"max_hp_loss":0.0,"gold_gain":100.0,"event_name":"Golden Shrine","player_choice":"Pray","floor":4.0,"gold_loss":0.0,"damage_taken":0.0}],"is_beta":false,"boss_relics":[],"items_purged_floors":[],"is_endless":false,"potions_floor_spawned":[3,5,7],"killed_by":"Slime Boss","ascension_level":0}