{"gold_per_floor":[215,13,28,28,41,77,77,98,124,124,165,440,440,65,65,195,195,218,241,241,207,226,226,267,267,293,61,85,9,34,52,52,173,173,198,198,198,72,405,463,481,481,507,527,100,118,130,144,144,144,144,144,16,50,50],"floor_reached":55,"playtime":2088,"items_purged":["Parasite","Strike_G","Strike_G"],"score":777,"play_id":"78eb720f-740c-4c1e-8816-3a1b00e0df60","local_time":"20190726235539","is_ascension_mode":false,"campfire_choices":[{"data":"Footwork","floor":7.0,"key":"SMITH"},{"data":"Deadly Poison","floor":10.0,"key":"SMITH"},{"data":"Neutralize","floor":13.0,"key":"SMITH"},{"data":"Footwork","floor":15.0,"key":"SMITH"},{"data":"Well Laid Plans","floor":23.0,"key":"SMITH"},{"data":"Backflip","floor":25.0,"key":"SMITH"},{"data":"Caltrops","floor":32,"key":"SMITH"},{"floor":49,"key":"RECALL"},{"data":"Burst","floor":52,"key":"SMITH"}],"neow_cost":"NONE","seed_source_timestamp":3978640982400,"circlet_count":0,"master_deck":["Strike_G","Strike_G","Strike_G","Defend_G","Defend_G","Defend_G","Defend_G","Survivor+1","Neutralize+1","Backflip","Footwork+1","Deadly Poison+1","Poisoned Stab","Footwork+1","Backflip+1","Poisoned Stab","Corpse Explosion+1","Clumsy","Deflect+1","Crippling Poison+1","Well Laid Plans+1","Caltrops+1","Burst+1","Dodge and Roll","Catalyst+1"],"special_seed":0,"relics":["Ring of the Snake","Omamori","Anchor","Ancient Tea Set","Oddly Smooth Stone","Lee\u0027s Waffle","Calling Bell","Centennial Puzzle","Pantograph","Torii","War Paint","Snake Skull","Busted Crown","Tiny Chest","Toxic Egg 2","Boot","Bag of Preparation","Lantern","Kunai"],"potions_floor_usage":[48,50,54,55],"damage_taken":[{"damage":0.0,"enemies":"Jaw Worm","floor":1.0,"turns":3.0},{"damage":0.0,"enemies":"2 Louse","floor":3.0,"turns":5.0},{"damage":1.0,"enemies":"Cultist","floor":5.0,"turns":4.0},{"damage":11.0,"enemies":"3 Sentries","floor":6.0,"turns":6.0},{"damage":12.0,"enemies":"Exordium Thugs","floor":8.0,"turns":8.0},{"damage":13.0,"enemies":"Lagavulin","floor":11.0,"turns":7.0},{"damage":12.0,"enemies":"Hexaghost","floor":16.0,"turns":10.0},{"damage":8.0,"enemies":"Chosen","floor":18.0,"turns":6.0},{"damage":1.0,"enemies":"3 Byrds","floor":19.0,"turns":3.0},{"damage":0.0,"enemies":"Snake Plant","floor":22.0,"turns":5.0},{"damage":34.0,"enemies":"Book of Stabbing","floor":24.0,"turns":8.0},{"damage":1,"enemies":"Sentry and Sphere","floor":28,"turns":7},{"damage":8,"enemies":"Cultist and Chosen","floor":30,"turns":5},{"damage":1,"enemies":"Snake Plant","floor":31,"turns":4},{"damage":8,"enemies":"Champ","floor":33,"turns":15},{"damage":0,"enemies":"Orb Walker","floor":35,"turns":5},{"damage":0,"enemies":"Nemesis","floor":40,"turns":7},{"damage":0,"enemies":"3 Shapes","floor":41,"turns":1},{"damage":1,"enemies":"Sphere and 2 Shapes","floor":44,"turns":5},{"damage":7,"enemies":"Spire Growth","floor":46,"turns":5},{"damage":1,"enemies":"3 Darklings","floor":47,"turns":3},{"damage":21,"enemies":"4 Shapes","floor":48,"turns":5},{"damage":13,"enemies":"Donu and Deca","floor":50,"turns":7},{"damage":0,"enemies":"Shield and Spear","floor":54,"turns":4},{"damage":72,"enemies":"The Heart","floor":55,"turns":3}],"seed_played":"2726265136023110139","potions_obtained":[{"floor":1.0,"key":"SteroidPotion"},{"floor":3.0,"key":"SkillPotion"},{"floor":16.0,"key":"Block Potion"},{"floor":19.0,"key":"Strength Potion"},{"floor":22.0,"key":"SneckoOil"},{"floor":30,"key":"Explosive Potion"},{"floor":47,"key":"GhostInAJar"},{"floor":48,"key":"Fire Potion"}],"is_trial":false,"path_per_floor":["M","$","M","?","M","E","R","M","T","R","E","?","R","$","R","B",null,"M","M","$","$","M","R","E","R","T","$","M","$","M","M","R","B",null,"M","?","?","$","?","E","M","T","T","M","$","M","M","M","R","B",null,"R","$","E","B"],"character_chosen":"THE_SILENT","items_purchased":["Backflip","Omamori","Footwork","Backflip","Poisoned Stab","Lee\u0027s Waffle","Well Laid Plans","Snake Skull","Caltrops","Dodge and Roll","Bag of Preparation","Lantern","Catalyst+1","Block Potion"],"campfire_rested":0,"item_purchase_floors":[2,2,14,14,14,14,21,27,29,38,45,45,53,53],"current_hp_per_floor":[70,70,70,53,52,41,41,29,29,29,16,16,16,77,77,65,77,69,68,68,68,68,68,34,34,34,34,33,33,25,24,24,41,74,74,70,70,70,70,70,70,70,70,69,69,62,61,40,40,52,70,70,70,70,0],"gold":50,"neow_bonus":"HUNDRED_GOLD","is_prod":false,"is_daily":false,"chose_seed":false,"campfire_upgraded":8,"win_rate":0,"timestamp":1564174539,"path_taken":["M","$","M","?","M","E","R","M","T","R","E","?","R","$","R","BOSS","M","M","?","$","M","R","E","R","T","$","M","$","M","M","R","BOSS","M","?","?","$","?","E","M","?","T","M","$","M","M","M","R","BOSS","R","$","E","BOSS"],"build_version":"2019-07-17","purchased_purges":3,"victory":false,"max_hp_per_floor":[70,70,70,70,70,70,70,70,70,70,70,70,70,77,77,77,77,77,77,77,77,77,77,77,77,77,74,74,74,74,74,74,74,74,74,70,70,70,70,70,70,70,70,70,70,70,70,70,70,70,70,70,70,70,70],"card_choices":[{"not_picked":["Terror","Outmaneuver","Dagger Spray"],"picked":"SKIP","floor":1.0},{"not_picked":["Dodge and Roll","PiercingWail","Riddle With Holes"],"picked":"SKIP","floor":3.0},{"not_picked":["Setup","Grand Finale"],"picked":"Footwork","floor":5.0},{"not_picked":["Eviscerate","Setup","Blade Dance"],"picked":"SKIP","floor":6.0},{"not_picked":["PiercingWail","Dash"],"picked":"Deadly Poison","floor":8.0},{"not_picked":["Dagger Throw","Underhanded Strike"],"picked":"Poisoned Stab","floor":11.0},{"not_picked":["Phantasmal Killer","Doppelganger"],"picked":"Corpse Explosion","floor":16.0},{"not_picked":["Deadly Poison+1","Outmaneuver"],"picked":"Deflect+1","floor":18.0},{"not_picked":["Poisoned Stab","Slice"],"picked":"Crippling Poison+1","floor":19.0},{"not_picked":["Calculated Gamble","Deadly Poison","Acrobatics+1"],"picked":"SKIP","floor":22.0},{"not_picked":["Slice","Poisoned Stab","Malaise"],"picked":"SKIP","floor":24.0},{"not_picked":["Flying Knee","Sucker Punch","Dagger Throw"],"picked":"SKIP","floor":28},{"not_picked":["Flying Knee","Quick Slash+1","Finisher"],"picked":"SKIP","floor":30},{"not_picked":["Blade Dance+1","Dagger Throw","Reflex"],"picked":"SKIP","floor":31},{"not_picked":["Night Terror","Grand Finale"],"picked":"Burst","floor":33},{"not_picked":["Deadly Poison"],"picked":"SKIP","floor":35},{"not_picked":["Slice"],"picked":"SKIP","floor":40},{"not_picked":["Poisoned Stab+1"],"picked":"SKIP","floor":41},{"not_picked":["Finisher"],"picked":"SKIP","floor":44},{"not_picked":["Flying Knee"],"picked":"SKIP","floor":46},{"not_picked":["Poisoned Stab+1"],"picked":"SKIP","floor":47},{"not_picked":["Skewer+1"],"picked":"SKIP","floor":48},{"not_picked":["Quick Slash"],"picked":"SKIP","floor":54}],"player_experience":772880,"relics_obtained":[{"floor":6.0,"key":"Anchor"},{"floor":9.0,"key":"Ancient Tea Set"},{"floor":11.0,"key":"Oddly Smooth Stone"},{"floor":17.0,"key":"Centennial Puzzle"},{"floor":17.0,"key":"Pantograph"},{"floor":17.0,"key":"Torii"},{"floor":24.0,"key":"War Paint"},{"floor":40,"key":"Tiny Chest"},{"floor":42,"key":"Toxic Egg 2"},{"floor":43,"key":"Boot"},{"floor":54,"key":"Kunai"}],"event_choices":[{"damage_healed":0.0,"max_hp_gain":0.0,"max_hp_loss":0.0,"gold_gain":0.0,"event_name":"Golden Idol","player_choice":"Take Damage","floor":4.0,"gold_loss":0.0,"damage_taken":17.0,"relics_obtained":["Golden Idol"]},{"damage_healed":0.0,"max_hp_gain":0.0,"max_hp_loss":0.0,"gold_gain":275.0,"event_name":"Golden Shrine","player_choice":"Desecrate","floor":12.0,"gold_loss":0.0,"damage_taken":0.0,"cards_obtained":["Regret"]},{"damage_healed":0,"gold_gain":0,"player_choice":"Max HP","damage_taken":0,"max_hp_gain":0,"max_hp_loss":4,"event_name":"Winding Halls","floor":36,"gold_loss":0},{"cards_removed":["Defend_G"],"damage_healed":0,"gold_gain":0,"player_choice":"Removed Skill","damage_taken":0,"max_hp_gain":0,"max_hp_loss":0,"event_name":"Falling","floor":37,"gold_loss":0},{"damage_healed":0,"gold_gain":333,"player_choice":"Gave Idol","damage_taken":0,"max_hp_gain":0,"max_hp_loss":0,"event_name":"The Moai Head","floor":39,"relics_lost":["Golden Idol"],"gold_loss":0}],"is_beta":false,"boss_relics":[{"not_picked":["Astrolabe","Orrery"],"picked":"Calling Bell"},{"not_picked":["Lizard Tail","Empty Cage"],"picked":"Busted Crown"}],"items_purged_floors":[27,38,45],"is_endless":false,"potions_floor_spawned":[1,3,16,19,22,30,41,47,48],"killed_by":"The Heart","ascension_level":0}