{"gold_per_floor":[115,115,127,141,153,181,181,196,196,196,231,66,77,97,97,193,193,212,231,241,241,241,258,258,258,258,277,307,307,19,35,35,134,184,199,213,230,230,230,230,245,265,265,265,281,78,78,91,91,91],"floor_reached":51,"playtime":1957,"items_purged":["Strike_R"],"score":710,"play_id":"9ff899d3-08b0-4ed0-95a3-57bc381a3edb","local_time":"20190615185201","is_ascension_mode":false,"campfire_choices":[{"data":"Body Slam","floor":7,"key":"SMITH"},{"data":"Armaments","floor":15,"key":"SMITH"},{"data":"Metallicize","floor":24,"key":"SMITH"},{"floor":32,"key":"DIG"},{"data":"Juggernaut","floor":40,"key":"SMITH"},{"data":"Body Slam","floor":44,"key":"SMITH"},{"floor":47,"key":"DIG"},{"floor":49,"key":"DIG"}],"neow_cost":"NONE","seed_source_timestamp":156668040904800,"circlet_count":0,"master_deck":["Strike_R","Strike_R","Defend_R","Defend_R+1","Defend_R+1","Defend_R+1","Bash","Body Slam+1","Metallicize+1","Battle Trance","Good Instincts","Armaments+1","Shrug It Off+1","Body Slam+1","Juggernaut+1","Body Slam+1","Evolve","Shrug It Off"],"special_seed":0,"relics":["Burning Blood","Magic Flower","Pen Nib","Bag of Marbles","Velvet Choker","Gremlin Horn","Singing Bowl","Omamori","Shovel","Question Card","Tiny House","Shuriken","Happy Flower","Centennial Puzzle"],"potions_floor_usage":[16,20,33,33,39,48],"damage_taken":[{"damage":2.0,"enemies":"Small Slimes","floor":1.0,"turns":4.0},{"damage":6.0,"enemies":"Cultist","floor":3.0,"turns":3.0},{"damage":0.0,"enemies":"2 Louse","floor":4.0,"turns":3.0},{"damage":26.0,"enemies":"Exordium Thugs","floor":5.0,"turns":7.0},{"damage":30,"enemies":"Lagavulin","floor":6,"turns":9},{"damage":9,"enemies":"Exordium Wildlife","floor":8,"turns":9},{"damage":11,"enemies":"3 Sentries","floor":11,"turns":10},{"damage":2,"enemies":"Looter","floor":13,"turns":3},{"damage":6,"enemies":"3 Louse","floor":14,"turns":3},{"damage":39,"enemies":"Slime Boss","floor":16,"turns":16},{"damage":7,"enemies":"Spheric Guardian","floor":18,"turns":6},{"damage":7,"enemies":"Chosen","floor":19,"turns":6},{"damage":3,"enemies":"Snecko","floor":20,"turns":6},{"damage":14,"enemies":"Snake Plant","floor":23,"turns":5},{"damage":1,"enemies":"Centurion and Healer","floor":27,"turns":6},{"damage":16,"enemies":"Slavers","floor":28,"turns":8},{"damage":18,"enemies":"Shelled Parasite and Fungi","floor":31,"turns":5},{"damage":68,"enemies":"Collector","floor":33,"turns":20},{"damage":2,"enemies":"Orb Walker","floor":35,"turns":3},{"damage":0,"enemies":"3 Shapes","floor":36,"turns":5},{"damage":3,"enemies":"3 Darklings","floor":37,"turns":5},{"damage":5,"enemies":"Sphere and 2 Shapes","floor":41,"turns":4},{"damage":22,"enemies":"Spire Growth","floor":42,"turns":4},{"damage":8,"enemies":"Writhing Mass","floor":45,"turns":4},{"damage":7,"enemies":"Jaw Worm Horde","floor":48,"turns":4},{"damage":48,"enemies":"Donu and Deca","floor":50,"turns":11}],"seed_played":"7292333914018349124","potions_obtained":[{"floor":11,"key":"SkillPotion"},{"floor":13,"key":"Block Potion"},{"floor":14,"key":"Block Potion"},{"floor":16,"key":"BloodPotion"},{"floor":27,"key":"Ancient Potion"},{"floor":33,"key":"Swift Potion"},{"floor":34,"key":"SneckoOil"},{"floor":39,"key":"Fruit Juice"},{"floor":39,"key":"Swift Potion"},{"floor":42,"key":"Block Potion"},{"floor":48,"key":"Energy Potion"}],"is_trial":false,"path_per_floor":["M","?","M","M","M","E","R","M","T","?","E","$","M","M","R","B",null,"M","M","M","?","$","M","R","?","T","M","E","$","$","M","R","B",null,"M","M","M","?","?","R","M","M","T","R","M","$","R","M","R","B",null],"character_chosen":"IRONCLAD","items_purchased":["Battle Trance","Good Instincts","Shovel","Evolve","Shrug It Off"],"campfire_rested":0,"item_purchase_floors":[12,12,30,46,46],"current_hp_per_floor":[80,80,80,80,60,36,36,36,36,36,34,34,41,44,44,14,80,80,80,80,80,80,75,75,75,75,82,75,75,75,66,66,19,89,91,93,95,95,100,100,102,91,91,91,92,92,92,96,96,57],"gold":91,"neow_bonus":"UPGRADE_CARD","is_prod":false,"is_daily":false,"chose_seed":false,"campfire_upgraded":5,"win_rate":0,"timestamp":1560613921,"path_taken":["M","?","?","M","M","E","R","M","T","?","E","$","?","M","R","BOSS","M","M","M","?","$","M","R","?","T","M","E","?","$","M","R","BOSS","M","M","M","?","?","R","?","M","T","R","M","$","R","M","R","BOSS"],"build_version":"2019-01-23","purchased_purges":1,"victory":true,"max_hp_per_floor":[80,80,80,80,80,80,80,80,80,80,80,80,80,80,80,80,80,80,80,80,80,80,80,80,80,80,82,82,82,82,82,82,82,89,91,93,95,95,100,100,102,104,104,104,104,104,104,106,106,106],"card_choices":[{"not_picked":["Pommel Strike","Wild Strike","Perfected Strike"],"picked":"SKIP","floor":1.0},{"not_picked":["Headbutt","Pummel","Thunderclap"],"picked":"SKIP","floor":3.0},{"not_picked":["Dual Wield","Havoc","True Grit"],"picked":"SKIP","floor":4.0},{"not_picked":["Havoc","Shrug It Off"],"picked":"Body Slam","floor":5.0},{"not_picked":["Rage","Double Tap"],"picked":"Metallicize","floor":6},{"not_picked":["Perfected Strike","Disarm","Thunderclap"],"picked":"SKIP","floor":8},{"not_picked":["Flex","Headbutt","Combust"],"picked":"SKIP","floor":11},{"not_picked":["Havoc","Power Through"],"picked":"Armaments","floor":13},{"not_picked":["Cleave","Spot Weakness","Dual Wield"],"picked":"SKIP","floor":14},{"not_picked":["Anger+1","Sentinel","Headbutt"],"picked":"SKIP","floor":18},{"not_picked":["Searing Blow","Flame Barrier","Rage"],"picked":"SKIP","floor":19},{"not_picked":["Combust","Clothesline","Anger+1"],"picked":"SKIP","floor":20},{"not_picked":["Wild Strike","Heavy Blade","Spot Weakness"],"picked":"SKIP","floor":23},{"not_picked":["Armaments+1","Iron Wave+1","Perfected Strike"],"picked":"Singing Bowl","floor":27},{"not_picked":["Headbutt+1","Reckless Charge"],"picked":"Shrug It Off+1","floor":28},{"not_picked":["Clash","Anger"],"picked":"Body Slam","floor":31},{"not_picked":["Limit Break","Dark Embrace","Demon Form"],"picked":"Juggernaut","floor":33},{"not_picked":["Iron Wave","Clash","Twin Strike","True Grit"],"picked":"Singing Bowl","floor":34},{"not_picked":["Flex+1","Wild Strike+1","Thunderclap","Reckless Charge+1"],"picked":"Singing Bowl","floor":35},{"not_picked":["Blood for Blood+1","Perfected Strike","Twin Strike+1","Clothesline+1"],"picked":"Singing Bowl","floor":36},{"not_picked":["Reckless Charge+1","Flex+1","True Grit","Perfected Strike"],"picked":"Singing Bowl","floor":37},{"not_picked":["Uppercut","Immolate","Flex+1","Carnage+1"],"picked":"Singing Bowl","floor":41},{"not_picked":["Power Through+1","Clothesline","Armaments","Iron Wave"],"picked":"Singing Bowl","floor":42},{"not_picked":["Perfected Strike","Sword Boomerang","Pummel+1"],"picked":"Body Slam+1","floor":45},{"not_picked":["Flame Barrier+1","Wild Strike","Anger+1","Havoc+1"],"picked":"Singing Bowl","floor":48}],"player_experience":615638,"relics_obtained":[{"floor":6,"key":"Magic Flower"},{"floor":9,"key":"Pen Nib"},{"floor":11,"key":"Bag of Marbles"},{"floor":26,"key":"Singing Bowl"},{"floor":28,"key":"Omamori"},{"floor":32,"key":"Question Card"},{"floor":43,"key":"Shuriken"},{"floor":47,"key":"Happy Flower"},{"floor":49,"key":"Centennial Puzzle"}],"event_choices":[{"damage_healed":0.0,"max_hp_gain":0.0,"max_hp_loss":0.0,"gold_gain":0.0,"event_name":"Accursed Blacksmith","player_choice":"Forge","floor":2.0,"gold_loss":0.0,"damage_taken":0.0,"cards_upgraded":["Defend_R"]},{"cards_removed":["Strike_R"],"damage_healed":0,"gold_gain":0,"player_choice":"Offered Basic","damage_taken":0,"max_hp_gain":0,"max_hp_loss":0,"event_name":"Bonfire Elementals","floor":10,"gold_loss":0},{"damage_healed":0,"gold_gain":0,"player_choice":"Ignored","damage_taken":0,"max_hp_gain":0,"max_hp_loss":0,"event_name":"Beggar","floor":21,"gold_loss":0},{"damage_healed":0,"gold_gain":0,"player_choice":"Opened","damage_taken":0,"relics_obtained":["Gremlin Horn"],"max_hp_gain":0,"max_hp_loss":0,"event_name":"The Mausoleum","floor":25,"gold_loss":0},{"cards_removed":["Strike_R"],"damage_healed":0,"gold_gain":0,"player_choice":"Removed Attack","damage_taken":0,"max_hp_gain":0,"max_hp_loss":0,"event_name":"Falling","floor":38,"gold_loss":0},{"damage_healed":0,"gold_gain":0,"player_choice":"Got Potions","damage_taken":0,"max_hp_gain":0,"max_hp_loss":0,"event_name":"Lab","floor":39,"gold_loss":0}],"is_beta":false,"boss_relics":[{"not_picked":["Pandora\u0027s Box","White Beast Statue"],"picked":"Velvet Choker"},{"not_picked":["Calling Bell","Mark of Pain"],"picked":"Tiny House"}],"items_purged_floors":[46],"is_endless":false,"potions_floor_spawned":[11,13,14,16,19,27,33,35,41,42,48],"ascension_level":0}