{"gold_per_floor":[119,135,149,164,84,94,94,110,110,126,201,201,226,134,134,234,234,246,256,209,242,257,257,272,284,284,284,296,306,39,70,70,174,174,187,187,63,82,93,118,128,143,143,143,157,157,173,173,173,173],"floor_reached":50,"playtime":1990,"items_purged":["Defend_R"],"score":502,"play_id":"dbeb9e71-23e7-4cd4-ab46-01aaf07587ce","local_time":"20190106205143","is_ascension_mode":false,"campfire_choices":[{"data":"Armaments","floor":7.0,"key":"SMITH"},{"data":"Metallicize","floor":12.0,"key":"SMITH"},{"data":"Demon Form","floor":15.0,"key":"SMITH"},{"data":"Blind","floor":23,"key":"SMITH"},{"data":"Battle Trance","floor":32,"key":"SMITH"},{"data":"Sword Boomerang","floor":46,"key":"SMITH"},{"data":"Bash","floor":49,"key":"SMITH"}],"neow_cost":"NONE","seed_source_timestamp":225376530952213,"circlet_count":0,"master_deck":["Strike_R","Strike_R","Strike_R","Strike_R","Strike_R","Defend_R","Defend_R","Bash+1","Armaments+1","Metallicize+1","Battle Trance+1","Demon Form+1","Blind+1","Whirlwind","Evolve+1","Twin Strike","Heavy Blade","Dropkick","Twin Strike","Dropkick","Impervious","Sword Boomerang+1"],"special_seed":0,"relics":["Burning Blood","Red Skull","Bottled Tornado","Orichalcum","Coffee Dripper","Red Mask","Question Card","MutagenicStrength","Pen Nib","The Courier","Sozu","Happy Flower","Pear","Blue Candle"],"potions_floor_usage":[21,31,33,35,50],"damage_taken":[{"damage":5.0,"enemies":"Cultist","floor":1.0,"turns":4.0},{"damage":1.0,"enemies":"Jaw Worm","floor":2.0,"turns":6.0},{"damage":0.0,"enemies":"Small Slimes","floor":3.0,"turns":3.0},{"damage":10.0,"enemies":"2 Fungi Beasts","floor":4.0,"turns":4.0},{"damage":13.0,"enemies":"Large Slime","floor":6.0,"turns":10.0},{"damage":9.0,"enemies":"Lots of Slimes","floor":8.0,"turns":4.0},{"damage":8.0,"enemies":"Looter","floor":10.0,"turns":4.0},{"damage":16.0,"enemies":"Lagavulin","floor":13.0,"turns":6.0},{"damage":10.0,"enemies":"Hexaghost","floor":16.0,"turns":8.0},{"damage":0.0,"enemies":"Chosen","floor":18.0,"turns":4.0},{"damage":0.0,"enemies":"Shell Parasite","floor":19.0,"turns":4.0},{"damage":21,"enemies":"Masked Bandits","floor":21,"turns":5},{"damage":16,"enemies":"Snake Plant","floor":22,"turns":4},{"damage":6,"enemies":"Snecko","floor":24,"turns":5},{"damage":8,"enemies":"Centurion and Healer","floor":25,"turns":8},{"damage":10,"enemies":"Snake Plant","floor":28,"turns":5},{"damage":0,"enemies":"Cultist and Chosen","floor":29,"turns":5},{"damage":24,"enemies":"Book of Stabbing","floor":31,"turns":6},{"damage":13,"enemies":"Champ","floor":33,"turns":7},{"damage":19,"enemies":"3 Darklings","floor":35,"turns":4},{"damage":6,"enemies":"3 Shapes","floor":38,"turns":7},{"damage":21,"enemies":"Jaw Worm Horde","floor":39,"turns":3},{"damage":34,"enemies":"Reptomancer","floor":40,"turns":5},{"damage":8,"enemies":"Maw","floor":41,"turns":5},{"damage":2,"enemies":"Spire Growth","floor":42,"turns":3},{"damage":6,"enemies":"Jaw Worm Horde","floor":45,"turns":5},{"damage":12,"enemies":"3 Darklings","floor":47,"turns":5},{"damage":94,"enemies":"Awakened One","floor":50,"turns":8}],"seed_played":"-5613715665417904363","potions_obtained":[{"floor":3.0,"key":"Poison Potion"},{"floor":4.0,"key":"SkillPotion"},{"floor":8.0,"key":"EssenceOfSteel"},{"floor":10.0,"key":"SteroidPotion"},{"floor":19,"key":"Poison Potion"},{"floor":22,"key":"Energy Potion"},{"floor":24,"key":"Regen Potion"},{"floor":25,"key":"SteroidPotion"},{"floor":31,"key":"Energy Potion"}],"is_trial":false,"path_per_floor":["M","M","M","M","$","M","R","M","T","M","?","R","E","$","R","B",null,"M","M","$","?","M","R","M","M","T","?","M","M","$","E","R","B",null,"M","?","$","M","M","E","M","M","T","?","M","R","M","?","R","B"],"character_chosen":"IRONCLAD","items_purchased":["Metallicize","Blind","Twin Strike","Pen Nib","Heavy Blade","Happy Flower"],"campfire_rested":0,"item_purchase_floors":[5,14,20,30,30,37],"current_hp_per_floor":[80,80,80,76,76,69,69,66,66,64,53,53,43,43,43,39,80,80,80,80,65,55,55,55,53,53,53,49,55,55,51,51,44,80,67,67,67,67,52,34,32,36,36,79,79,79,73,73,73,0],"gold":173,"neow_bonus":"RANDOM_COMMON_RELIC","is_prod":false,"is_daily":false,"chose_seed":false,"campfire_upgraded":7,"win_rate":0,"timestamp":1546800703,"path_taken":["M","M","M","M","$","M","R","?","T","M","?","R","E","$","R","BOSS","M","M","$","?","M","R","M","M","T","?","M","M","$","E","R","BOSS","M","?","$","M","M","E","M","M","T","?","M","R","M","?","R","BOSS"],"build_version":"2019-01-03v4","purchased_purges":1,"victory":false,"max_hp_per_floor":[80,80,80,80,80,80,80,80,80,80,80,80,80,80,80,80,80,80,80,80,80,80,80,80,80,80,80,80,80,80,80,80,80,80,80,80,80,80,80,90,90,90,90,79,79,79,79,79,79,79],"card_choices":[{"not_picked":["Cleave","Uppercut","Heavy Blade"],"picked":"SKIP","floor":1.0},{"not_picked":["Cleave","Pommel Strike"],"picked":"Armaments","floor":2.0},{"not_picked":["Rage","Thunderclap","Clothesline"],"picked":"SKIP","floor":3.0},{"not_picked":["Pommel Strike","Armaments","Heavy Blade"],"picked":"SKIP","floor":4.0},{"not_picked":["Iron Wave","Feel No Pain"],"picked":"Battle Trance","floor":6.0},{"not_picked":["Carnage","Combust","Pommel Strike"],"picked":"SKIP","floor":8.0},{"not_picked":["Brutality","Perfected Strike","Pommel Strike"],"picked":"SKIP","floor":10.0},{"not_picked":["Sword Boomerang","Flex"],"picked":"Demon Form","floor":13.0},{"not_picked":["Feel No Pain","Wild Strike"],"picked":"Whirlwind","floor":18.0},{"not_picked":["Power Through","Inflame"],"picked":"Evolve+1","floor":19},{"not_picked":["Cleave","Pummel","Perfected Strike"],"picked":"SKIP","floor":22},{"not_picked":["Bloodletting","Warcry","Perfected Strike"],"picked":"SKIP","floor":24},{"not_picked":["Wild Strike","Infernal Blade","Anger"],"picked":"SKIP","floor":25},{"not_picked":["Body Slam","Dark Embrace","Inflame","Clothesline"],"picked":"SKIP","floor":28},{"not_picked":["Battle Trance+1","Disarm","Reckless Charge","Pommel Strike+1"],"picked":"SKIP","floor":29},{"not_picked":["Havoc","Headbutt","Warcry"],"picked":"Dropkick","floor":31},{"not_picked":["Headbutt","Sever Soul","Cleave"],"picked":"Twin Strike","floor":35},{"not_picked":["Spot Weakness+1","True Grit","Warcry+1","Blood for Blood"],"picked":"SKIP","floor":38},{"not_picked":["Uppercut","Clothesline+1","Rage+1"],"picked":"Dropkick","floor":39},{"not_picked":["Body Slam+1","Carnage+1","Perfected Strike+1"],"picked":"Impervious","floor":40},{"not_picked":["Anger+1","Seeing Red","Cleave","Dropkick+1"],"picked":"SKIP","floor":41},{"not_picked":["Immolate","Twin Strike+1","Perfected Strike+1","True Grit"],"picked":"SKIP","floor":42},{"not_picked":["Rage","Body Slam","Corruption+1"],"picked":"Sword Boomerang","floor":45},{"not_picked":["Clothesline+1","Iron Wave+1","Power Through+1","Heavy Blade+1"],"picked":"SKIP","floor":47}],"player_experience":540596,"relics_obtained":[{"floor":9.0,"key":"Bottled Tornado"},{"floor":13.0,"key":"Orichalcum"},{"floor":21,"key":"Red Mask"},{"floor":26,"key":"Question Card"},{"floor":31,"key":"The Courier"},{"floor":40,"key":"Pear"},{"floor":43,"key":"Blue Candle"}],"event_choices":[{"damage_healed":0.0,"max_hp_gain":0.0,"max_hp_loss":0.0,"gold_gain":75.0,"event_name":"World of Goop","player_choice":"Gather Gold","floor":11.0,"gold_loss":0.0,"damage_taken":11.0},{"damage_healed":0,"gold_gain":0,"player_choice":"Fought Bandits","damage_taken":0,"max_hp_gain":0,"max_hp_loss":0,"event_name":"Masked Bandits","floor":21,"gold_loss":0},{"damage_healed":0,"gold_gain":0,"player_choice":"Inject Mutagens","damage_taken":0,"relics_obtained":["MutagenicStrength"],"max_hp_gain":0,"max_hp_loss":0,"event_name":"Drug Dealer","floor":27,"gold_loss":0},{"cards_removed":["Defend_R"],"damage_healed":0,"gold_gain":0,"player_choice":"Removed Skill","damage_taken":0,"max_hp_gain":0,"max_hp_loss":0,"event_name":"Falling","floor":36,"gold_loss":0},{"damage_healed":79,"gold_gain":0,"player_choice":"Heal","damage_taken":0,"max_hp_gain":0,"max_hp_loss":11,"event_name":"The Moai Head","floor":44,"gold_loss":0},{"damage_healed":0,"gold_gain":0,"player_choice":"Ignored","damage_taken":0,"max_hp_gain":0,"max_hp_loss":0,"event_name":"Transmorgrifier","floor":48,"gold_loss":0}],"is_beta":false,"boss_relics":[{"not_picked":["Pandora\u0027s Box","Black Blood"],"picked":"Coffee Dripper"},{"not_picked":["Black Star","Runic Dome"],"picked":"Sozu"}],"items_purged_floors":[30],"is_endless":false,"potions_floor_spawned":[3,4,8,10,19,22,24,25,31,35,41,42,47],"killed_by":"Awakened One","ascension_level":0}