{"gold_per_floor":[109,128,128,128,139,168,25,25,48,68,243,243,24,24,24,128,128,142,154,154,253,265,297,297,35,58,89,108,108,8,18,18,114,114,131,406,31,131,146,146,146,146,146,146,181,403,416,22,22,22],"floor_reached":51,"playtime":1511,"items_purged":["Doubt","Strike_R","Regret","Strike_R"],"score":789,"play_id":"377063c3-6ce0-4f47-9870-07c09b83190a","local_time":"20190624221956","is_ascension_mode":false,"campfire_choices":[{"data":"Bash","floor":12.0,"key":"SMITH"},{"data":"Strike_R","floor":15.0,"key":"SMITH"},{"floor":29,"key":"RECALL"},{"floor":32,"key":"REST"},{"floor":41,"key":"REST"},{"floor":49,"key":"REST"}],"neow_cost":"NONE","seed_source_timestamp":16311924737400,"circlet_count":0,"master_deck":["Strike_R","Strike_R+1","Defend_R+1","Defend_R","Defend_R","Defend_R+1","Bash+1","Whirlwind+1","Demon Form","Rage+1","Shrug It Off+1","Feed+1","Body Slam+1","Madness+1","Madness+1","Pommel Strike+1","Heavy Blade+1","Blood for Blood+1"],"special_seed":0,"relics":["Black Blood","Juzu Bracelet","Molten Egg 2","War Paint","Pen Nib","Toxic Egg 2","Happy Flower","Anchor","Fusion Hammer","Letter Opener","Centennial Puzzle","Bottled Flame","Bronze Scales","Red Mask","Question Card","FossilizedHelix","Omamori","Art of War","Ancient Tea Set"],"potions_floor_usage":[23,33,45,45,50,50],"damage_taken":[{"damage":2.0,"enemies":"2 Louse","floor":1.0,"turns":4.0},{"damage":13.0,"enemies":"Jaw Worm","floor":2.0,"turns":4.0},{"damage":5.0,"enemies":"Small Slimes","floor":5.0,"turns":5.0},{"damage":25.0,"enemies":"3 Sentries","floor":6.0,"turns":10.0},{"damage":12.0,"enemies":"Blue Slaver","floor":10.0,"turns":4.0},{"damage":42.0,"enemies":"The Guardian","floor":16.0,"turns":11.0},{"damage":2.0,"enemies":"Spheric Guardian","floor":18.0,"turns":3.0},{"damage":22.0,"enemies":"Shell Parasite","floor":19.0,"turns":5.0},{"damage":7.0,"enemies":"Cultist and Chosen","floor":22.0,"turns":6.0},{"damage":0,"enemies":"Gremlin Leader","floor":23,"turns":3},{"damage":0,"enemies":"Masked Bandits","floor":27,"turns":1},{"damage":0,"enemies":"Chosen and Byrds","floor":28,"turns":4},{"damage":5,"enemies":"Snake Plant","floor":31,"turns":3},{"damage":48,"enemies":"Champ","floor":33,"turns":9},{"damage":7,"enemies":"3 Shapes","floor":35,"turns":2},{"damage":13,"enemies":"Mind Bloom Boss Battle","floor":38,"turns":7},{"damage":0,"enemies":"3 Darklings","floor":39,"turns":4},{"damage":23,"enemies":"Reptomancer","floor":45,"turns":7},{"damage":0,"enemies":"Transient","floor":47,"turns":5},{"damage":68,"enemies":"Donu and Deca","floor":50,"turns":7}],"seed_played":"5298095247117008008","potions_obtained":[{"floor":1.0,"key":"Fire Potion"},{"floor":5.0,"key":"SteroidPotion"},{"floor":10.0,"key":"FearPotion"},{"floor":16.0,"key":"Weak Potion"},{"floor":19.0,"key":"LiquidBronze"},{"floor":22.0,"key":"Block Potion"},{"floor":31,"key":"Poison Potion"},{"floor":33,"key":"SteroidPotion"},{"floor":35,"key":"SpeedPotion"},{"floor":45,"key":"EssenceOfSteel"}],"is_trial":false,"path_per_floor":["M","M","?","T","M","E","$","T","T","M","?","R","$","?","R","B",null,"M","M","?","?","M","E","?","$","T","?","M","R","$","M","R","B",null,"M","?","$","?","M","?","R","?","T","?","E","?","M","$","R","B",null],"character_chosen":"IRONCLAD","items_purchased":["Pen Nib","Anchor","Bottled Flame","Question Card","Ancient Tea Set","Heavy Blade+1","Blood for Blood+1"],"campfire_rested":3,"item_purchase_floors":[7,13,25,37,48,48,48],"current_hp_per_floor":[80,73,66,66,67,48,48,48,48,42,42,42,42,47,47,11,85,85,69,69,69,68,74,74,74,74,80,85,85,85,85,85,43,85,85,85,85,82,85,74,85,85,85,85,72,72,82,82,85,27],"gold":22,"neow_bonus":"RANDOM_COMMON_RELIC","is_prod":false,"is_daily":false,"chose_seed":false,"campfire_upgraded":2,"win_rate":0,"timestamp":1561403996,"path_taken":["M","M","?","?","M","E","$","?","T","M","?","R","$","?","R","BOSS","M","M","?","?","M","E","?","$","T","?","M","R","$","M","R","BOSS","M","?","$","?","M","?","R","?","T","?","E","?","M","$","R","BOSS"],"build_version":"2019-01-23","purchased_purges":4,"victory":true,"max_hp_per_floor":[80,80,80,80,80,80,80,80,80,80,80,80,80,85,85,85,85,85,85,85,85,85,85,85,85,85,85,85,85,85,85,85,85,85,85,85,85,85,85,85,85,85,85,85,85,85,85,85,85,85],"card_choices":[{"not_picked":["Wild Strike","Rampage","Intimidate"],"picked":"SKIP","floor":1.0},{"not_picked":["Feel No Pain","Thunderclap","Clash"],"picked":"SKIP","floor":2.0},{"not_picked":["Heavy Blade+1","Infernal Blade","Havoc"],"picked":"SKIP","floor":5.0},{"not_picked":["Flame Barrier","Thunderclap+1"],"picked":"Whirlwind+1","floor":6.0},{"not_picked":["Clothesline+1","Corruption","Havoc+1"],"picked":"SKIP","floor":10.0},{"not_picked":["Double Tap+1","Exhume+1"],"picked":"Demon Form","floor":16.0},{"not_picked":["Thunderclap+1","Burning Pact+1","Metallicize"],"picked":"SKIP","floor":18.0},{"not_picked":["Entrench+1","Cleave+1"],"picked":"Rage+1","floor":19.0},{"not_picked":["Havoc+1","Clash+1","Thunderclap+1"],"picked":"SKIP","floor":22.0},{"not_picked":["Iron Wave+1","Power Through+1","Heavy Blade+1"],"picked":"SKIP","floor":23},{"not_picked":["Iron Wave+1","Pummel+1","Hemokinesis+1"],"picked":"SKIP","floor":28},{"not_picked":["Thunderclap+1","Body Slam+1"],"picked":"Shrug It Off+1","floor":31},{"not_picked":["Impervious+1","Immolate+1"],"picked":"Feed+1","floor":33},{"not_picked":["Inflame+1","Cleave+1"],"picked":"Twin Strike+1","floor":35},{"not_picked":["Headbutt+1","Intimidate+1","Cleave+1"],"picked":"Body Slam+1","floor":38},{"not_picked":["Twin Strike+1","True Grit+1","Heavy Blade+1","Thunderclap+1"],"picked":"SKIP","floor":39},{"not_picked":["Dual Wield+1","Hemokinesis+1","Dark Embrace","Perfected Strike+1"],"picked":"SKIP","floor":45},{"not_picked":["Pummel+1","Clothesline+1","Thunderclap+1"],"picked":"Pommel Strike+1","floor":47}],"player_experience":653935,"relics_obtained":[{"floor":4.0,"key":"Molten Egg 2"},{"floor":6.0,"key":"War Paint"},{"floor":8.0,"key":"Toxic Egg 2"},{"floor":9.0,"key":"Happy Flower"},{"floor":23,"key":"Letter Opener"},{"floor":26,"key":"Bronze Scales"},{"floor":27,"key":"Red Mask"},{"floor":38,"key":"FossilizedHelix"},{"floor":43,"key":"Omamori"},{"floor":45,"key":"Art of War"}],"event_choices":[{"cards_removed":["Strike_R"],"damage_healed":0.0,"max_hp_gain":0.0,"max_hp_loss":0.0,"gold_gain":0.0,"event_name":"Golden Wing","player_choice":"Card Removal","floor":3.0,"gold_loss":0.0,"damage_taken":7.0},{"damage_healed":0.0,"max_hp_gain":0.0,"max_hp_loss":0.0,"gold_gain":175.0,"event_name":"Liars Game","player_choice":"AGREE","floor":11.0,"gold_loss":0.0,"damage_taken":0.0,"cards_obtained":["Doubt"]},{"damage_healed":0.0,"max_hp_gain":5.0,"max_hp_loss":0.0,"gold_gain":0.0,"event_name":"Big Fish","player_choice":"Donut","floor":14.0,"gold_loss":0.0,"damage_taken":0.0},{"damage_healed":0.0,"max_hp_gain":0.0,"max_hp_loss":0.0,"gold_gain":0.0,"event_name":"Beggar","player_choice":"Ignored","floor":20.0,"gold_loss":0.0,"damage_taken":0.0},{"damage_healed":0.0,"max_hp_gain":0.0,"max_hp_loss":0.0,"gold_gain":99.0,"event_name":"Nest","player_choice":"Stole From Cult","floor":21.0,"gold_loss":0.0,"damage_taken":0.0},{"damage_healed":0,"gold_gain":0,"player_choice":"Gave Potion","damage_taken":0,"relics_obtained":["Centennial Puzzle"],"max_hp_gain":0,"max_hp_loss":0,"event_name":"WeMeetAgain","floor":24,"gold_loss":0},{"damage_healed":0,"gold_gain":0,"player_choice":"Fought Bandits","damage_taken":0,"max_hp_gain":0,"max_hp_loss":0,"event_name":"Masked Bandits","floor":27,"gold_loss":0},{"damage_healed":0,"gold_gain":275,"player_choice":"Desecrate","damage_taken":0,"max_hp_gain":0,"max_hp_loss":0,"event_name":"Golden Shrine","floor":36,"gold_loss":0,"cards_obtained":["Regret"]},{"damage_healed":0,"gold_gain":0,"player_choice":"Fight","damage_taken":0,"max_hp_gain":0,"max_hp_loss":0,"event_name":"MindBloom","floor":38,"gold_loss":0},{"damage_healed":0,"gold_gain":0,"player_choice":"Embrace Madness","damage_taken":11,"max_hp_gain":0,"max_hp_loss":0,"event_name":"Winding Halls","floor":40,"gold_loss":0,"cards_obtained":["Madness","Madness"]},{"cards_removed":["Twin Strike"],"damage_healed":0,"gold_gain":0,"player_choice":"Removed Attack","damage_taken":0,"max_hp_gain":0,"max_hp_loss":0,"event_name":"Falling","floor":42,"gold_loss":0},{"damage_healed":0,"gold_gain":0,"player_choice":"Ignored","damage_taken":0,"max_hp_gain":0,"max_hp_loss":0,"event_name":"Mysterious Sphere","floor":44,"gold_loss":0},{"damage_healed":0,"gold_gain":222,"player_choice":"Wore Mask","damage_taken":0,"max_hp_gain":0,"max_hp_loss":0,"event_name":"Tomb of Lord Red Mask","floor":46,"gold_loss":0}],"is_beta":false,"boss_relics":[{"not_picked":["Velvet Choker","Runic Dome"],"picked":"Fusion Hammer"},{"not_picked":["Astrolabe","Mark of Pain"],"picked":"Black Blood"}],"items_purged_floors":[13,30,37,48],"is_endless":false,"potions_floor_spawned":[1,5,10,16,19,22,31,33,35,45],"ascension_level":0}