{"gold_per_floor":[117,131,148,27,45,45,45,59,83,33,33,49,49,69,69,170,220,234,248,248,265,282,282,282],"floor_reached":24,"playtime":1365,"items_purged":["Strike_R"],"score":192,"play_id":"c3cba0dd-77b6-4895-8989-449398bfe389","local_time":"20190107220146","is_ascension_mode":false,"campfire_choices":[{"data":"Combust","floor":6,"key":"SMITH"},{"data":"True Grit","floor":11,"key":"SMITH"},{"data":"Combust","floor":13,"key":"SMITH"},{"data":"Uppercut","floor":15,"key":"SMITH"},{"data":"Barricade","floor":23,"key":"SMITH"}],"neow_cost":"NONE","seed_source_timestamp":163494025384604,"circlet_count":0,"master_deck":["Strike_R","Strike_R","Strike_R","Defend_R","Defend_R","Defend_R","Defend_R","Bash","Barricade+1","Combust+1","Combust+1","Headbutt","Shrug It Off+1","Twin Strike","Decay","Iron Wave","True Grit+1","Shrug It Off","Uppercut+1","Offering","Shrug It Off","True Grit+1","Thunderclap","Body Slam"],"special_seed":0,"relics":["Burning Blood","Strawberry","Tiny House"],"potions_floor_usage":[5,16,22,24],"damage_taken":[{"damage":5.0,"enemies":"Cultist","floor":1.0,"turns":4.0},{"damage":5.0,"enemies":"2 Louse","floor":2.0,"turns":2.0},{"damage":5.0,"enemies":"Small Slimes","floor":3.0,"turns":3.0},{"damage":19,"enemies":"Exordium Thugs","floor":5,"turns":4},{"damage":2,"enemies":"Exordium Wildlife","floor":8,"turns":3},{"damage":5,"enemies":"Blue Slaver","floor":12,"turns":3},{"damage":2,"enemies":"2 Fungi Beasts","floor":14,"turns":3},{"damage":41,"enemies":"The Guardian","floor":16,"turns":13},{"damage":22,"enemies":"2 Thieves","floor":18,"turns":4},{"damage":15,"enemies":"Chosen","floor":19,"turns":4},{"damage":24,"enemies":"3 Cultists","floor":21,"turns":5},{"damage":39,"enemies":"Snake Plant","floor":22,"turns":5},{"damage":37,"enemies":"Book of Stabbing","floor":24,"turns":4}],"seed_played":"-563274551414869648","potions_obtained":[{"floor":3.0,"key":"GamblersBrew"},{"floor":5,"key":"BloodPotion"},{"floor":12,"key":"Block Potion"},{"floor":14,"key":"Ancient Potion"},{"floor":16,"key":"Regen Potion"}],"is_trial":false,"path_per_floor":["M","M","M","$","M","R","?","M","T","$","R","M","R","M","R","B",null,"M","M","?","M","M","R","E"],"character_chosen":"IRONCLAD","items_purchased":["Shrug It Off","True Grit"],"campfire_rested":0,"item_purchase_floors":[4,10],"current_hp_per_floor":[80,80,80,80,67,67,67,71,78,78,78,79,79,83,83,48,92,76,67,67,49,25,25,0],"gold":282,"neow_bonus":"TRANSFORM_CARD","is_prod":false,"is_daily":false,"chose_seed":false,"campfire_upgraded":5,"win_rate":0,"timestamp":1546894906,"path_taken":["M","M","?","$","M","R","?","M","T","$","R","M","R","?","R","BOSS","M","?","?","?","M","R","E"],"build_version":"2019-01-03v4","purchased_purges":1,"victory":false,"max_hp_per_floor":[80,80,80,80,80,80,80,80,87,87,87,87,87,87,87,87,92,92,92,92,92,92,92,92],"card_choices":[{"not_picked":["Heavy Blade","Battle Trance"],"picked":"Combust","floor":1.0},{"not_picked":["Heavy Blade","Battle Trance"],"picked":"Combust","floor":1.0},{"not_picked":["Blood for Blood","Clash","Perfected Strike"],"picked":"SKIP","floor":2.0},{"not_picked":["Havoc","Pommel Strike"],"picked":"Headbutt","floor":3.0},{"not_picked":["Dropkick","Armaments"],"picked":"Twin Strike","floor":5},{"not_picked":["Dropkick","Twin Strike"],"picked":"Iron Wave","floor":8},{"not_picked":["Searing Blow","Clothesline"],"picked":"Shrug It Off","floor":12},{"not_picked":["Pommel Strike","Rupture"],"picked":"Uppercut","floor":14},{"not_picked":["Feed","Exhume"],"picked":"Offering","floor":16},{"not_picked":["Armaments+1","Carnage"],"picked":"Shrug It Off","floor":18},{"not_picked":["Cleave","Clash"],"picked":"True Grit+1","floor":19},{"not_picked":["Anger","Intimidate"],"picked":"Thunderclap","floor":21},{"not_picked":["Anger","Sword Boomerang"],"picked":"Body Slam","floor":22}],"player_experience":781283,"relics_obtained":[{"floor":9,"key":"Strawberry"}],"event_choices":[{"damage_healed":0,"gold_gain":0,"player_choice":"Cursed","damage_taken":0,"max_hp_gain":0,"max_hp_loss":0,"event_name":"Wheel of Change","floor":7,"gold_loss":0,"cards_obtained":["Decay"]},{"damage_healed":0,"gold_gain":0,"player_choice":"Bought 0 Potions","damage_taken":0,"max_hp_gain":0,"max_hp_loss":0,"event_name":"The Woman in Blue","floor":20,"gold_loss":0}],"is_beta":false,"boss_relics":[{"not_picked":["Runic Dome","Runic Pyramid"],"picked":"Tiny House"}],"items_purged_floors":[4],"is_endless":false,"potions_floor_spawned":[3,5,12,14,16,18],"killed_by":"Book of Stabbing","ascension_level":0}