{"gold_per_floor":[109,35,55,73,38,38,65,65,91,91,91,91,12,25,25,25],"floor_reached":16,"playtime":409,"items_purged":[],"score":181,"play_id":"b287a993-8aef-43c1-a44d-16369528a53c","local_time":"20190203234246","is_ascension_mode":true,"campfire_choices":[{"data":"Noxious Fumes","floor":6,"key":"SMITH"},{"data":"Predator","floor":8,"key":"SMITH"},{"data":"Neutralize","floor":10,"key":"SMITH"},{"floor":15,"key":"REST"}],"neow_cost":"NONE","seed_source_timestamp":13337029221700,"circlet_count":0,"master_deck":["AscendersBane","Defend_G","Defend_G","Defend_G","Defend_G","Defend_G","Strike_G","Strike_G","Strike_G","Strike_G","Strike_G","Survivor","Neutralize+1","Noxious Fumes+1","Predator+1","Footwork","PiercingWail"],"relics":["Ring of the Snake","Snake Skull","Smiling Mask","Golden Idol","Incense Burner"],"potions_floor_usage":[7,16,16],"damage_taken":[{"damage":5,"enemies":"Small Slimes","floor":1,"turns":5},{"damage":4,"enemies":"Jaw Worm","floor":3,"turns":5},{"damage":3,"enemies":"Cultist","floor":4,"turns":5},{"damage":22,"enemies":"3 Sentries","floor":7,"turns":7},{"damage":27,"enemies":"Lots of Slimes","floor":14,"turns":5},{"damage":27,"enemies":"Slime Boss","floor":16,"turns":6}],"seed_played":"7792306091924374656","potions_obtained":[{"floor":1,"key":"Poison Potion"},{"floor":7,"key":"Fire Potion"},{"floor":14,"key":"LiquidBronze"}],"is_trial":false,"path_per_floor":["M","$","M","M","?","R","E","R","T","R","?","?","$","M","R","B"],"character_chosen":"THE_SILENT","items_purchased":["Noxious Fumes","Footwork"],"campfire_rested":1,"item_purchase_floors":[2,13],"current_hp_per_floor":[60,60,56,53,71,71,49,49,49,49,49,31,31,4,23,0],"gold":25,"neow_bonus":"TEN_PERCENT_HP_BONUS","is_prod":false,"is_daily":false,"chose_seed":false,"campfire_upgraded":3,"win_rate":0,"timestamp":1549230166,"path_taken":["M","$","M","M","?","R","E","R","T","R","?","?","?","M","R","BOSS"],"build_version":"2019-01-23","purchased_purges":0,"victory":false,"max_hp_per_floor":[72,72,72,72,72,72,72,72,72,72,65,65,65,65,65,65],"card_choices":[{"not_picked":["Prepared","Bouncing Flask","Calculated Gamble"],"picked":"SKIP","floor":1},{"not_picked":["Accuracy","Slice","Blade Dance"],"picked":"SKIP","floor":3},{"not_picked":["Cloak And Dagger","Underhanded Strike","Accuracy"],"picked":"SKIP","floor":4},{"not_picked":["Infinite Blades","Acrobatics"],"picked":"Predator","floor":7},{"not_picked":["Dodge and Roll","All Out Attack"],"picked":"PiercingWail","floor":14}],"player_experience":593076,"relics_obtained":[{"floor":7,"key":"Snake Skull"},{"floor":9,"key":"Smiling Mask"}],"event_choices":[{"damage_healed":18,"gold_gain":0,"player_choice":"Healed","damage_taken":0,"max_hp_gain":0,"max_hp_loss":0,"event_name":"The Cleric","floor":5,"gold_loss":35},{"damage_healed":0,"gold_gain":0,"player_choice":"Lose Max HP","damage_taken":0,"relics_obtained":["Golden Idol"],"max_hp_gain":0,"max_hp_loss":7,"event_name":"Golden Idol","floor":11,"gold_loss":0},{"damage_healed":0,"gold_gain":0,"player_choice":"Success","damage_taken":18,"relics_obtained":["Incense Burner"],"max_hp_gain":0,"max_hp_loss":0,"event_name":"Scrap Ooze","floor":12,"gold_loss":0}],"is_beta":false,"boss_relics":[],"items_purged_floors":[],"is_endless":false,"potions_floor_spawned":[1,7,14],"killed_by":"Slime Boss","ascension_level":17}