{"gold_per_floor":[111,111,129,141,216,216,251,261,335,360,377,395,412,439,439,534,534,551,650,662,687,191,222,222,557,610,610,640,640,656,656,656,756,756,774,90,107,161,261,261,293,293,293,311,362,395,395,409,409,409],"floor_reached":50,"playtime":4546,"items_purged":[],"score":811,"play_id":"78353440-de69-4903-8c1f-1b9d248b5f15","local_time":"20190126103434","is_ascension_mode":true,"campfire_choices":[{"floor":6,"key":"REST"},{"floor":15,"key":"REST"},{"floor":24,"key":"RECALL"},{"floor":27,"key":"REST"},{"data":"Heavy Blade","floor":29,"key":"SMITH"},{"floor":32,"key":"REST"},{"floor":40,"key":"REST"},{"floor":42,"key":"REST"},{"floor":49,"key":"REST"}],"neow_cost":"NONE","seed_source_timestamp":1441524055244718,"circlet_count":0,"master_deck":["Strike_R+1","Strike_R+1","Strike_R+1","Strike_R+1","Strike_R+1","Defend_R+1","Defend_R+1","Defend_R+1","Defend_R+1","Bash","Thunderclap","Thunderclap","Heavy Blade+1","Intimidate","Ghostly Armor","Twin Strike","Wild Strike+1","Whirlwind+1","Flex","Dropkick+1","Inflame","Feed+1","Cleave+1","Iron Wave+1","Perfected Strike+1","Thunderclap+1","Intimidate","Wild Strike+1","Impervious","Wild Strike+1","Battle Trance","Clothesline+1","Spot Weakness+1","Pommel Strike+1","Feel No Pain","Seeing Red+1","Wild Strike+1","Jack Of All Trades","Parasite","Pommel Strike+1","Flex+1"],"relics":["Burning Blood","Charon\u0027s Ashes","Molten Egg 2","PreservedInsect","Gremlin Horn","Lizard Tail","Prayer Wheel","Lantern","Matryoshka","Old Coin","Tiny Chest","Art of War","Oddly Smooth Stone","Black Star","Brimstone","Anchor","Gambling Chip","Ice Cream","Pocketwatch","Pen Nib","FossilizedHelix","Mummified Hand","Bottled Flame","Red Skull","Bag of Preparation","Potion Belt"],"potions_floor_usage":[10,13,16,23,25,33,33,33,38,48,50,50,50],"damage_taken":[{"damage":16,"enemies":"Jaw Worm","floor":1,"turns":4},{"damage":3,"enemies":"2 Louse","floor":3,"turns":2},{"damage":1,"enemies":"Cultist","floor":4,"turns":3},{"damage":27,"enemies":"Gremlin Nob","floor":7,"turns":4},{"damage":8,"enemies":"Large Slime","floor":8,"turns":4},{"damage":22,"enemies":"Lagavulin","floor":10,"turns":6},{"damage":1,"enemies":"Exordium Thugs","floor":11,"turns":4},{"damage":11,"enemies":"2 Fungi Beasts","floor":12,"turns":3},{"damage":0,"enemies":"Blue Slaver","floor":13,"turns":3},{"damage":0,"enemies":"3 Sentries","floor":14,"turns":1},{"damage":37,"enemies":"Hexaghost","floor":16,"turns":9},{"damage":2,"enemies":"Chosen","floor":18,"turns":4},{"damage":14,"enemies":"2 Thieves","floor":20,"turns":4},{"damage":11,"enemies":"Book of Stabbing","floor":23,"turns":3},{"damage":24,"enemies":"Gremlin Leader","floor":25,"turns":4},{"damage":0,"enemies":"Slavers","floor":28,"turns":1},{"damage":18,"enemies":"Shelled Parasite and Fungi","floor":30,"turns":2},{"damage":120,"enemies":"Champ","floor":33,"turns":10},{"damage":41,"enemies":"3 Darklings","floor":35,"turns":4},{"damage":0,"enemies":"3 Shapes","floor":37,"turns":1},{"damage":33,"enemies":"2 Orb Walkers","floor":38,"turns":4},{"damage":0,"enemies":"Mind Bloom Boss Battle","floor":39,"turns":3},{"damage":40,"enemies":"Giant Head","floor":41,"turns":6},{"damage":8,"enemies":"3 Darklings","floor":44,"turns":2},{"damage":0,"enemies":"Reptomancer","floor":46,"turns":2},{"damage":7,"enemies":"Writhing Mass","floor":48,"turns":4},{"damage":89,"enemies":"Awakened One","floor":50,"turns":8}],"seed_played":"-5394972583156807002","potions_obtained":[{"floor":7,"key":"SteroidPotion"},{"floor":8,"key":"SkillPotion"},{"floor":11,"key":"Energy Potion"},{"floor":13,"key":"Explosive Potion"},{"floor":16,"key":"Energy Potion"},{"floor":23,"key":"Explosive Potion"},{"floor":28,"key":"Ancient Potion"},{"floor":30,"key":"Poison Potion"},{"floor":35,"key":"Block Potion"},{"floor":37,"key":"Ancient Potion"},{"floor":41,"key":"SteroidPotion"},{"floor":46,"key":"Regen Potion"}],"is_trial":false,"path_per_floor":["M","?","M","M","?","R","E","M","T","E","M","M","M","E","R","B",null,"M","?","M","T","$","E","R","E","T","R","E","R","M","?","R","B",null,"M","$","M","?","?","R","E","R","T","M","T","E","?","M","R","B"],"character_chosen":"IRONCLAD","items_purchased":["Prayer Wheel","Lantern","Strength Potion","Brimstone","Anchor","Gambling Chip","Strength Potion"],"campfire_rested":7,"item_purchase_floors":[22,22,22,36,36,36,36],"current_hp_per_floor":[70,54,57,62,54,78,57,55,55,39,44,39,45,51,75,44,80,80,80,72,72,72,67,67,49,49,73,79,79,67,67,80,16,80,45,45,51,24,30,54,20,44,44,42,42,48,48,59,80,0],"gold":409,"neow_bonus":"THREE_CARDS","is_prod":false,"is_daily":false,"chose_seed":false,"campfire_upgraded":1,"win_rate":0,"timestamp":1548506074,"path_taken":["M","?","M","M","?","R","E","M","T","E","M","M","?","E","R","BOSS","M","?","M","?","$","E","R","E","T","R","E","R","M","?","R","BOSS","M","$","M","?","?","R","E","R","T","M","?","E","?","M","R","BOSS"],"build_version":"2019-01-23","purchased_purges":0,"victory":false,"max_hp_per_floor":[80,80,80,80,80,80,80,80,80,80,80,80,80,80,80,80,80,80,80,80,80,80,80,80,80,80,80,80,80,80,80,80,80,80,80,80,80,80,80,80,80,80,80,80,80,80,80,80,80,80],"card_choices":[{"not_picked":["Clothesline","Sword Boomerang"],"picked":"Thunderclap","floor":0},{"not_picked":["Armaments","Carnage"],"picked":"Thunderclap","floor":1},{"not_picked":["Sword Boomerang","Warcry"],"picked":"Heavy Blade","floor":3},{"not_picked":["Bludgeon","Shrug It Off"],"picked":"Intimidate","floor":4},{"not_picked":["Headbutt","Clothesline"],"picked":"Ghostly Armor","floor":7},{"not_picked":["Anger","Armaments"],"picked":"Twin Strike","floor":8},{"not_picked":["Warcry","Limit Break"],"picked":"Wild Strike+1","floor":10},{"not_picked":["Second Wind","Cleave+1"],"picked":"Whirlwind+1","floor":11},{"not_picked":["Rampage+1","Clothesline+1"],"picked":"Flex","floor":12},{"not_picked":["Thunderclap+1","Anger+1"],"picked":"Dropkick+1","floor":13},{"not_picked":["Whirlwind+1","Anger+1"],"picked":"Inflame","floor":14},{"not_picked":["Barricade","Juggernaut"],"picked":"Feed+1","floor":16},{"not_picked":["Rampage+1","True Grit"],"picked":"Cleave+1","floor":18},{"not_picked":["Dropkick+1","Armaments"],"picked":"Iron Wave+1","floor":20},{"not_picked":["Battle Trance","Sword Boomerang+1","Berserk"],"picked":"SKIP","floor":23},{"not_picked":["Dual Wield","Wild Strike+1"],"picked":"Perfected Strike+1","floor":25},{"not_picked":["Body Slam+1","Shrug It Off"],"picked":"Thunderclap+1","floor":28},{"not_picked":["Power Through","Bloodletting+1"],"picked":"Intimidate","floor":30},{"not_picked":["Searing Blow+1","Armaments"],"picked":"Wild Strike+1","floor":30},{"not_picked":["Brutality","Dark Embrace"],"picked":"Impervious","floor":33},{"not_picked":["Twin Strike+1","Rupture"],"picked":"Wild Strike+1","floor":35},{"not_picked":["Perfected Strike+1","Body Slam+1"],"picked":"Battle Trance","floor":35},{"not_picked":["Sword Boomerang+1","Headbutt+1"],"picked":"Clothesline+1","floor":37},{"not_picked":["Twin Strike+1","Iron Wave+1"],"picked":"Spot Weakness+1","floor":37},{"not_picked":["Fire Breathing+1","Twin Strike+1"],"picked":"Pommel Strike+1","floor":38},{"not_picked":["True Grit","Body Slam+1"],"picked":"Feel No Pain","floor":41},{"not_picked":["Pommel Strike+1","Rampage+1"],"picked":"Seeing Red+1","floor":44},{"not_picked":["Heavy Blade+1","Twin Strike+1","Armaments"],"picked":"SKIP","floor":44},{"not_picked":["True Grit","Combust"],"picked":"Wild Strike+1","floor":46},{"not_picked":["Forethought","PanicButton"],"picked":"Jack Of All Trades","floor":47},{"not_picked":["Fiend Fire+1","Warcry+1"],"picked":"Pommel Strike+1","floor":48},{"not_picked":["Perfected Strike+1","Iron Wave+1"],"picked":"Flex+1","floor":48}],"player_experience":57265,"relics_obtained":[{"floor":7,"key":"Charon\u0027s Ashes"},{"floor":9,"key":"Molten Egg 2"},{"floor":10,"key":"PreservedInsect"},{"floor":14,"key":"Gremlin Horn"},{"floor":23,"key":"Matryoshka"},{"floor":25,"key":"Old Coin"},{"floor":26,"key":"Tiny Chest"},{"floor":26,"key":"Art of War"},{"floor":28,"key":"Oddly Smooth Stone"},{"floor":38,"key":"Ice Cream"},{"floor":39,"key":"Pocketwatch"},{"floor":41,"key":"Pen Nib"},{"floor":41,"key":"FossilizedHelix"},{"floor":43,"key":"Mummified Hand"},{"floor":43,"key":"Bottled Flame"},{"floor":45,"key":"Red Skull"},{"floor":46,"key":"Bag of Preparation"},{"floor":46,"key":"Potion Belt"}],"event_choices":[{"damage_healed":0,"gold_gain":0,"player_choice":"Entered Light","damage_taken":16,"max_hp_gain":0,"max_hp_loss":0,"event_name":"Shining Light","floor":2,"gold_loss":0,"cards_upgraded":["Defend_R","Strike_R"]},{"damage_healed":0,"gold_gain":75,"player_choice":"Touch","damage_taken":8,"max_hp_gain":0,"max_hp_loss":0,"event_name":"FaceTrader","floor":5,"gold_loss":0},{"damage_healed":0,"gold_gain":99,"player_choice":"Stole From Cult","damage_taken":0,"max_hp_gain":0,"max_hp_loss":0,"event_name":"Nest","floor":19,"gold_loss":0},{"damage_healed":0,"gold_gain":0,"player_choice":"Simplicity","damage_taken":0,"max_hp_gain":0,"max_hp_loss":0,"event_name":"Back to Basics","floor":31,"gold_loss":0,"cards_upgraded":["Strike_R","Strike_R","Strike_R","Strike_R","Defend_R","Defend_R","Defend_R"]},{"damage_healed":0,"gold_gain":0,"player_choice":"Fight","damage_taken":0,"max_hp_gain":0,"max_hp_loss":0,"event_name":"Mysterious Sphere","floor":38,"gold_loss":0},{"damage_healed":0,"gold_gain":0,"player_choice":"Fight","damage_taken":0,"max_hp_gain":0,"max_hp_loss":0,"event_name":"MindBloom","floor":39,"gold_loss":0},{"damage_healed":0,"gold_gain":0,"player_choice":"Memory 1","damage_taken":0,"max_hp_gain":0,"max_hp_loss":0,"event_name":"SensoryStone","floor":47,"gold_loss":0}],"is_beta":false,"boss_relics":[{"not_picked":["Astrolabe","Calling Bell"],"picked":"Lizard Tail"},{"not_picked":["Tiny House","Fusion Hammer"],"picked":"Black Star"}],"items_purged_floors":[],"is_endless":false,"potions_floor_spawned":[7,8,11,13,16,23,28,30,35,37,41,46],"killed_by":"Awakened One","ascension_level":1}