{"gold_per_floor":[116,116,133,6,26,61,61,92,92,92,121,121,139,139,139,235,235,248,58,58,68,87,87,87],"floor_reached":24,"playtime":2656,"items_purged":["Strike_G"],"score":246,"play_id":"0313f93d-548b-4d0e-958d-0175d4e035a6","local_time":"20181218135702","is_ascension_mode":true,"campfire_choices":[{"data":"Neutralize","floor":7,"key":"SMITH"},{"data":"Deflect","floor":10,"key":"SMITH"},{"floor":15,"key":"DIG"},{"floor":23,"key":"RECALL"}],"neow_cost":"NONE","seed_source_timestamp":2907601865448648,"circlet_count":0,"master_deck":["Defend_G","Defend_G","Defend_G","Defend_G","Defend_G","Strike_G+1","Strike_G","Strike_G","Survivor+1","Neutralize+1","Predator+1","Flying Knee+1","Deflect+1","Dagger Throw","Blur","Blur","Outmaneuver","Underhanded Strike","Bullet Time","Well Laid Plans+1","Footwork","Dodge and Roll","RitualDagger","Calculated Gamble","Backflip"],"relics":["Eternal Feather","Nunchaku","Dead Branch","Shovel","Whetstone","Bottled Flame","Omamori","Black Star"],"potions_floor_usage":[8,16,16,21,21,24,24],"damage_taken":[{"damage":1,"enemies":"2 Louse","floor":1,"turns":2},{"damage":0,"enemies":"Small Slimes","floor":3,"turns":3},{"damage":7,"enemies":"Jaw Worm","floor":5,"turns":2},{"damage":13,"enemies":"Lagavulin","floor":6,"turns":9},{"damage":15,"enemies":"Gremlin Nob","floor":8,"turns":4},{"damage":5,"enemies":"Lagavulin","floor":11,"turns":8},{"damage":6,"enemies":"Looter","floor":13,"turns":3},{"damage":10,"enemies":"Hexaghost","floor":16,"turns":15},{"damage":36,"enemies":"Shell Parasite","floor":18,"turns":11},{"damage":12,"enemies":"3 Byrds","floor":21,"turns":6},{"damage":2,"enemies":"3 Cultists","floor":22,"turns":7},{"damage":32,"enemies":"Book of Stabbing","floor":24,"turns":7}],"seed_played":"8203052604094984579","potions_obtained":[{"floor":1,"key":"GamblersBrew"},{"floor":5,"key":"Weak Potion"},{"floor":13,"key":"Energy Potion"},{"floor":16,"key":"LiquidBronze"},{"floor":18,"key":"Fire Potion"},{"floor":21,"key":"GamblersBrew"}],"is_trial":false,"path_per_floor":["M","?","M","$","M","E","R","E","T","R","E","?","M","T","R","B",null,"M","$","?","M","M","R","E"],"character_chosen":"THE_SILENT","items_purchased":["Deflect","Fire Potion","Dagger Throw","Footwork","Dodge and Roll"],"campfire_rested":0,"item_purchase_floors":[4,4,4,19,19],"current_hp_per_floor":[69,62,62,62,55,42,51,36,36,45,40,26,20,20,29,19,70,34,34,28,16,14,29,0],"gold":87,"neow_bonus":"BOSS_RELIC","is_prod":false,"is_daily":false,"chose_seed":false,"campfire_upgraded":2,"win_rate":0,"timestamp":1545163022,"path_taken":["M","?","M","$","M","E","R","E","T","R","E","?","M","?","R","BOSS","M","$","?","M","M","R","E"],"build_version":"2018-12-13","purchased_purges":1,"victory":false,"max_hp_per_floor":[70,70,70,70,70,70,70,70,70,70,70,70,70,70,70,70,70,70,70,70,70,70,70,70],"card_choices":[{"not_picked":["Blur","Heel Hook"],"picked":"Predator","floor":1},{"not_picked":["Prepared","Dodge and Roll"],"picked":"Flying Knee","floor":3},{"not_picked":["Dagger Throw","Heel Hook","Flechettes"],"picked":"SKIP","floor":5},{"not_picked":["Unload","Poisoned Stab"],"picked":"Blur","floor":6},{"not_picked":["Poisoned Stab","Predator"],"picked":"Blur","floor":8},{"not_picked":["Sucker Punch","PiercingWail"],"picked":"Outmaneuver","floor":11},{"not_picked":["Sucker Punch","Prepared"],"picked":"Underhanded Strike","floor":13},{"not_picked":["Envenom","After Image"],"picked":"Bullet Time","floor":16},{"not_picked":["Outmaneuver","Sucker Punch+1"],"picked":"Well Laid Plans+1","floor":18},{"not_picked":["Dash+1","Sucker Punch"],"picked":"Calculated Gamble","floor":21},{"not_picked":["Dagger Spray","Dagger Throw"],"picked":"Backflip","floor":22}],"player_experience":234868,"relics_obtained":[{"floor":6,"key":"Nunchaku"},{"floor":8,"key":"Dead Branch"},{"floor":9,"key":"Shovel"},{"floor":11,"key":"Whetstone"},{"floor":14,"key":"Bottled Flame"},{"floor":15,"key":"Omamori"}],"event_choices":[{"cards_removed":["Strike_G"],"damage_healed":0,"gold_gain":0,"player_choice":"Card Removal","damage_taken":7,"max_hp_gain":0,"max_hp_loss":0,"event_name":"Golden Wing","floor":2,"gold_loss":0},{"damage_healed":0,"gold_gain":0,"player_choice":"Entered Light","damage_taken":14,"max_hp_gain":0,"max_hp_loss":0,"event_name":"Shining Light","floor":12,"gold_loss":0,"cards_upgraded":["Strike_G","Survivor"]},{"damage_healed":0,"gold_gain":0,"player_choice":"Joined the Cult","damage_taken":6,"max_hp_gain":0,"max_hp_loss":0,"event_name":"Nest","floor":20,"gold_loss":0,"cards_obtained":["RitualDagger"]}],"is_beta":false,"boss_relics":[{"not_picked":["Runic Dome","Busted Crown"],"picked":"Black Star"}],"items_purged_floors":[19],"is_endless":false,"potions_floor_spawned":[1,5,13,16,18,21],"killed_by":"Book of Stabbing","ascension_level":3}