{"gold_per_floor":[109,125,200,68,68,83,83,126,126,126,161,161,181,181,181,272,272,250,270,288,288,188,188,222,222,222,222,222],"floor_reached":28,"playtime":1762,"items_purged":["Writhe","Strike_G"],"score":513,"play_id":"c2931333-efc8-4c10-a1d5-bf18420390e9","local_time":"20190203145822","is_ascension_mode":true,"campfire_choices":[{"data":"Neutralize","floor":7,"key":"SMITH"},{"data":"Cloak And Dagger","floor":10,"key":"SMITH"},{"data":"Footwork","floor":12,"key":"SMITH"},{"data":"Leg Sweep","floor":15,"key":"SMITH"},{"data":"Skewer","floor":23,"key":"SMITH"}],"neow_cost":"CURSE","seed_source_timestamp":1056054819803369,"circlet_count":0,"master_deck":["AscendersBane","Defend_G","Defend_G","Defend_G","Defend_G","Defend_G","Survivor","Neutralize+1","Cloak And Dagger+1","Footwork+1","Leg Sweep+1","Dash","Malaise","Skewer+1","Riddle With Holes","PiercingWail","Dodge and Roll+1","Bite","Bite","Bite","Bite","Bite","Ghostly","Ghostly","Ghostly"],"relics":["Ring of the Snake","StoneCalendar","Golden Idol","Gremlin Horn","Prayer Wheel","Juzu Bracelet","Snecko Eye","Nilry\u0027s Codex","Snake Skull","Darkstone Periapt"],"potions_floor_usage":[8,8,16,24,28,28],"damage_taken":[{"damage":4,"enemies":"Jaw Worm","floor":1,"turns":6},{"damage":0,"enemies":"2 Louse","floor":2,"turns":6},{"damage":4,"enemies":"Small Slimes","floor":6,"turns":5},{"damage":2,"enemies":"Gremlin Nob","floor":8,"turns":3},{"damage":20,"enemies":"3 Sentries","floor":11,"turns":7},{"damage":9,"enemies":"Exordium Wildlife","floor":13,"turns":7},{"damage":5,"enemies":"Slime Boss","floor":16,"turns":9},{"damage":2,"enemies":"2 Thieves","floor":18,"turns":4},{"damage":0,"enemies":"Chosen","floor":19,"turns":7},{"damage":0,"enemies":"Centurion and Healer","floor":20,"turns":7},{"damage":9,"enemies":"Book of Stabbing","floor":24,"turns":8},{"damage":21,"enemies":"Slavers","floor":28,"turns":5}],"seed_played":"5897166912883165848","potions_obtained":[{"floor":6,"key":"SkillPotion"},{"floor":13,"key":"PowerPotion"},{"floor":16,"key":"GamblersBrew"},{"floor":20,"key":"AttackPotion"},{"floor":24,"key":"Block Potion"}],"is_trial":false,"path_per_floor":["?","?","T","?","?","?"],"character_chosen":"THE_SILENT","items_purchased":["FearPotion"],"campfire_rested":0,"item_purchase_floors":[4],"current_hp_per_floor":[55,55,44,44,44,40,40,38,38,38,18,18,9,9,9,4,46,44,44,44,23,23,23,14,14,14,14,0],"gold":222,"neow_bonus":"ONE_RARE_RELIC","is_prod":false,"is_daily":false,"chose_seed":false,"campfire_upgraded":5,"win_rate":0,"timestamp":1549198702,"path_taken":["M","M","?","$","?","M","R","E","T","R","E","R","M","?","R","BOSS","M","M","M","?","$","R","E","?","T","?","E"],"build_version":"2019-01-23","purchased_purges":2,"victory":false,"max_hp_per_floor":[66,66,66,66,60,60,60,60,60,60,60,60,60,60,60,60,60,60,60,60,60,60,60,60,42,42,21,21],"card_choices":[{"not_picked":["Outmaneuver","Prepared"],"picked":"Cloak And Dagger","floor":1},{"not_picked":["Cloak And Dagger","Underhanded Strike","Endless Agony"],"picked":"SKIP","floor":2},{"not_picked":["Slice","Dodge and Roll","Blade Dance"],"picked":"SKIP","floor":6},{"not_picked":["Cloak And Dagger","Riddle With Holes","Slice"],"picked":"SKIP","floor":8},{"not_picked":["Choke","After Image"],"picked":"Footwork","floor":11},{"not_picked":["Dagger Spray","Escape Plan"],"picked":"Leg Sweep","floor":13},{"not_picked":["Dodge and Roll","Deflect"],"picked":"Dash","floor":13},{"not_picked":["Night Terror","Adrenaline"],"picked":"Malaise","floor":16},{"not_picked":["Reflex","Heel Hook"],"picked":"Skewer","floor":18},{"not_picked":["Flying Knee","Poisoned Stab"],"picked":"Riddle With Holes","floor":18},{"not_picked":["Outmaneuver","Caltrops","Flying Knee"],"picked":"SKIP","floor":19},{"not_picked":["Reflex","Cloak And Dagger","Accuracy"],"picked":"SKIP","floor":19},{"not_picked":["Prepared","Slice"],"picked":"PiercingWail","floor":20},{"not_picked":["Blade Dance","Bane","Reflex"],"picked":"SKIP","floor":20},{"not_picked":["Deadly Poison","Deflect+1"],"picked":"Dodge and Roll+1","floor":24}],"player_experience":1161476,"relics_obtained":[{"floor":8,"key":"Gremlin Horn"},{"floor":9,"key":"Prayer Wheel"},{"floor":11,"key":"Juzu Bracelet"},{"floor":21,"key":"Nilry\u0027s Codex"},{"floor":24,"key":"Snake Skull"},{"floor":26,"key":"Darkstone Periapt"}],"event_choices":[{"damage_healed":0,"gold_gain":75,"player_choice":"Gather Gold","damage_taken":11,"max_hp_gain":0,"max_hp_loss":0,"event_name":"World of Goop","floor":3,"gold_loss":0},{"damage_healed":0,"gold_gain":0,"player_choice":"Lose Max HP","damage_taken":0,"relics_obtained":["Golden Idol"],"max_hp_gain":0,"max_hp_loss":6,"event_name":"Golden Idol","floor":5,"gold_loss":0},{"damage_healed":0,"gold_gain":0,"player_choice":"Obtained Book","damage_taken":21,"max_hp_gain":0,"max_hp_loss":0,"event_name":"Cursed Tome","floor":21,"gold_loss":0},{"damage_healed":0,"gold_gain":0,"player_choice":"Became a vampire","damage_taken":0,"max_hp_gain":0,"max_hp_loss":18,"event_name":"Vampires","floor":25,"gold_loss":0,"cards_obtained":["Bite","Bite","Bite","Bite","Bite"]},{"damage_healed":0,"gold_gain":0,"player_choice":"Became a Ghost","damage_taken":0,"max_hp_gain":0,"max_hp_loss":21,"event_name":"Ghosts","floor":27,"gold_loss":0,"cards_obtained":["Ghostly","Ghostly","Ghostly"]}],"is_beta":false,"boss_relics":[{"not_picked":["Orrery","Velvet Choker"],"picked":"Snecko Eye"}],"items_purged_floors":[4,22],"is_endless":false,"potions_floor_spawned":[6,13,16,20,24],"killed_by":"Slavers","ascension_level":20}