{"gold_per_floor":[113,113,38,113,124,153,7,7,7,7,7,30,30,44,44,169,169,194,194,109,144,174,186,229,261,273,4,4,4,18,33,33,135,135,150,150,167,167,185,185,199,199,226,226,243,153,153,177,177,177],"floor_reached":50,"playtime":1041,"items_purged":["Defend_R","Defend_R","Defend_R"],"score":485,"play_id":"9999ea7a-77b7-4c32-a690-a213d1ed0a83","local_time":"20190128182922","is_ascension_mode":false,"campfire_choices":[{"data":"Uppercut","floor":8.0,"key":"SMITH"},{"data":"Bash","floor":11.0,"key":"SMITH"},{"data":"Perfected Strike","floor":15.0,"key":"SMITH"},{"floor":23.0,"key":"REST"},{"floor":29.0,"key":"REST"},{"floor":32.0,"key":"REST"},{"data":"Uppercut","floor":40.0,"key":"SMITH"},{"data":"Perfected Strike","floor":42.0,"key":"SMITH"},{"data":"Immolate","floor":44.0,"key":"SMITH"},{"floor":49.0,"key":"REST"}],"neow_cost":"NONE","seed_source_timestamp":534186501555552,"circlet_count":0,"master_deck":["Strike_R+1","Strike_R+1","Strike_R+1","Strike_R+1","Strike_R+1","Bash+1","Anger+1","Uppercut+1","Wild Strike+1","Perfected Strike+1","Exhume+1","Uppercut+1","J.A.X.+1","Iron Wave+1","Perfected Strike+1","Twin Strike+1","Dropkick+1","Battle Trance+1","Immolate+1","Twin Strike+1","Sadistic Nature+1","Pummel+1","Carnage+1"],"special_seed":0,"relics":["Burning Blood","NeowsBlessing","Unceasing Top","Happy Flower","Bloody Idol","Sozu","MawBank","Incense Burner","Kunai","Juzu Bracelet","Runic Dome","Ancient Tea Set","Mark of the Bloom","Bag of Marbles"],"potions_floor_usage":[],"damage_taken":[{"damage":0.0,"enemies":"Jaw Worm","floor":1.0,"turns":1.0},{"damage":0.0,"enemies":"2 Louse","floor":5.0,"turns":1.0},{"damage":0.0,"enemies":"3 Sentries","floor":6.0,"turns":1.0},{"damage":0.0,"enemies":"Cultist","floor":12.0,"turns":2.0},{"damage":10.0,"enemies":"2 Fungi Beasts","floor":14.0,"turns":3.0},{"damage":67.0,"enemies":"Hexaghost","floor":16.0,"turns":8.0},{"damage":30.0,"enemies":"3 Byrds","floor":18.0,"turns":6.0},{"damage":23.0,"enemies":"2 Thieves","floor":21.0,"turns":3.0},{"damage":20.0,"enemies":"Centurion and Healer","floor":22.0,"turns":4.0},{"damage":24.0,"enemies":"Book of Stabbing","floor":24.0,"turns":3.0},{"damage":8.0,"enemies":"Cultist and Chosen","floor":25.0,"turns":4.0},{"damage":21.0,"enemies":"Snake Plant","floor":30.0,"turns":2.0},{"damage":16.0,"enemies":"Chosen and Byrds","floor":31.0,"turns":3.0},{"damage":28.0,"enemies":"Collector","floor":33.0,"turns":4.0},{"damage":3.0,"enemies":"3 Shapes","floor":35.0,"turns":4.0},{"damage":0.0,"enemies":"Orb Walker","floor":37.0,"turns":2.0},{"damage":4.0,"enemies":"Transient","floor":39.0,"turns":5.0},{"damage":27.0,"enemies":"Maw","floor":41.0,"turns":5.0},{"damage":13.0,"enemies":"Writhing Mass","floor":45.0,"turns":3.0},{"damage":67,"enemies":"Donu and Deca","floor":50,"turns":3}],"seed_played":"-4814885956745197640","potions_obtained":[{"floor":1.0,"key":"Strength Potion"},{"floor":12.0,"key":"Fire Potion"},{"floor":16.0,"key":"EssenceOfSteel"}],"is_trial":false,"path_per_floor":["M","?","$","?","M","E","$","R","T","?","R","M","$","M","R","B",null,"M","?","?","M","M","R","E","M","T","$","?","R","M","M","R","B",null,"M","?","M","?","M","R","M","R","T","R","M","?","?","T","R","B"],"character_chosen":"IRONCLAD","items_purchased":["Wild Strike","Juzu Bracelet"],"campfire_rested":4,"item_purchase_floors":[7,27],"current_hp_per_floor":[80,80,80,72,78,80,80,80,80,74,74,74,74,70,70,9,74,50,50,50,33,19,41,23,21,21,21,21,43,33,28,50,33,74,74,74,74,74,74,74,58,58,63,63,61,61,61,61,61,0],"gold":177,"neow_bonus":"THREE_ENEMY_KILL","is_prod":false,"is_daily":false,"chose_seed":false,"campfire_upgraded":6,"win_rate":0,"timestamp":1548696562,"path_taken":["M","?","$","?","?","E","$","R","T","?","R","M","?","M","R","BOSS","M","?","?","M","M","R","E","M","T","$","?","R","M","M","R","BOSS","M","?","M","?","M","R","M","R","T","R","M","?","?","?","R","BOSS"],"build_version":"2019-01-23","purchased_purges":3,"victory":false,"max_hp_per_floor":[80,80,80,80,80,80,80,80,80,74,74,74,74,74,74,74,74,74,74,74,74,74,74,74,74,74,74,74,74,74,74,74,74,74,74,74,74,74,74,74,74,74,74,74,74,74,74,74,74,74],"card_choices":[{"not_picked":["Body Slam","Armaments"],"picked":"Anger","floor":1.0},{"not_picked":["Flame Barrier","Dropkick","Rupture"],"picked":"SKIP","floor":5.0},{"not_picked":["Flame Barrier","Dropkick"],"picked":"Rupture","floor":5.0},{"not_picked":["Flame Barrier","Wild Strike"],"picked":"Uppercut","floor":6.0},{"not_picked":["Wild Strike","Heavy Blade","Cleave"],"picked":"SKIP","floor":12.0},{"not_picked":["Heavy Blade","Clash"],"picked":"Perfected Strike","floor":14.0},{"not_picked":["Juggernaut","Barricade"],"picked":"Exhume","floor":16.0},{"not_picked":["Bloodletting","Armaments"],"picked":"Uppercut","floor":18.0},{"not_picked":["Havoc","Warcry+1"],"picked":"Iron Wave","floor":21.0},{"not_picked":["Burning Pact","True Grit","Second Wind"],"picked":"SKIP","floor":22.0},{"not_picked":["Iron Wave+1","Shrug It Off"],"picked":"Perfected Strike","floor":24.0},{"not_picked":["True Grit","Anger+1"],"picked":"Twin Strike","floor":25.0},{"not_picked":["Flex","Armaments"],"picked":"Dropkick+1","floor":30.0},{"not_picked":["Hemokinesis","Dual Wield"],"picked":"Battle Trance+1","floor":31.0},{"not_picked":["Barricade","Brutality"],"picked":"Immolate","floor":33.0},{"not_picked":["Pummel","Iron Wave"],"picked":"Twin Strike+1","floor":35.0},{"not_picked":["PanicButton","Mind Blast"],"picked":"Sadistic Nature","floor":36.0},{"not_picked":["Heavy Blade+1","Sentinel+1","Sword Boomerang"],"picked":"SKIP","floor":37.0},{"not_picked":["Warcry+1","Clothesline","Dual Wield+1"],"picked":"SKIP","floor":39.0},{"not_picked":["Armaments","Cleave"],"picked":"Pummel+1","floor":41.0},{"not_picked":["Havoc","Spot Weakness+1"],"picked":"Carnage+1","floor":45.0}],"player_experience":1042076,"relics_obtained":[{"floor":6.0,"key":"Unceasing Top"},{"floor":9.0,"key":"Happy Flower"},{"floor":24.0,"key":"Incense Burner"},{"floor":26.0,"key":"Kunai"},{"floor":43.0,"key":"Ancient Tea Set"},{"floor":48.0,"key":"Bag of Marbles"}],"event_choices":[{"cards_removed":["Defend_R"],"damage_healed":0.0,"max_hp_gain":0.0,"max_hp_loss":0.0,"gold_gain":0.0,"event_name":"Living Wall","player_choice":"Forget","floor":2.0,"gold_loss":0.0,"damage_taken":0.0},{"damage_healed":0.0,"max_hp_gain":0.0,"max_hp_loss":0.0,"gold_gain":75.0,"event_name":"FaceTrader","player_choice":"Touch","floor":4.0,"gold_loss":0.0,"damage_taken":8.0},{"damage_healed":0.0,"max_hp_gain":0.0,"max_hp_loss":6.0,"gold_gain":0.0,"event_name":"Golden Idol","player_choice":"Lose Max HP","floor":10.0,"gold_loss":0.0,"damage_taken":0.0,"relics_obtained":["Golden Idol"]},{"damage_healed":0.0,"max_hp_gain":0.0,"max_hp_loss":0.0,"gold_gain":0.0,"event_name":"Drug Dealer","player_choice":"Obtain J.A.X.","floor":19.0,"gold_loss":0.0,"damage_taken":0.0,"cards_obtained":["J.A.X."]},{"damage_healed":0.0,"max_hp_gain":0.0,"max_hp_loss":0.0,"gold_gain":0.0,"event_name":"Addict","player_choice":"Obtained Relic","floor":20.0,"gold_loss":85.0,"damage_taken":0.0,"relics_obtained":["MawBank"]},{"damage_healed":0.0,"max_hp_gain":0.0,"max_hp_loss":0.0,"gold_gain":0.0,"event_name":"Forgotten Altar","player_choice":"Gave Idol","floor":28.0,"relics_lost":["Golden Idol"],"gold_loss":0.0,"damage_taken":0.0,"relics_obtained":["Bloody Idol"]},{"damage_healed":0.0,"max_hp_gain":0.0,"max_hp_loss":0.0,"gold_gain":0.0,"event_name":"SensoryStone","player_choice":"Memory 1","floor":36.0,"gold_loss":0.0,"damage_taken":0.0},{"damage_healed":0.0,"max_hp_gain":0.0,"max_hp_loss":0.0,"gold_gain":0.0,"event_name":"Wheel of Change","player_choice":"Full Heal","floor":38.0,"gold_loss":0.0,"damage_taken":0.0},{"cards_removed":["Rupture"],"damage_healed":0.0,"max_hp_gain":0.0,"max_hp_loss":0.0,"gold_gain":0.0,"event_name":"Designer","player_choice":"Upgrade and Remove","floor":46.0,"gold_loss":90.0,"damage_taken":0.0,"cards_upgraded":["Sadistic Nature"]},{"damage_healed":0.0,"max_hp_gain":0.0,"max_hp_loss":0.0,"gold_gain":0.0,"event_name":"MindBloom","player_choice":"Upgrade","floor":47.0,"gold_loss":0.0,"damage_taken":0.0,"cards_upgraded":["Strike_R","Strike_R","Strike_R","Strike_R","Strike_R","Anger","Wild Strike","Exhume","J.A.X.","Iron Wave","Twin Strike"],"relics_obtained":["Mark of the Bloom"]}],"is_beta":false,"boss_relics":[{"not_picked":["Tiny House","Ectoplasm"],"picked":"Sozu"},{"not_picked":["Black Blood","Mark of Pain"],"picked":"Runic Dome"}],"items_purged_floors":[3,7,27],"is_endless":false,"potions_floor_spawned":[1,12,16,21,22,24,25,39,41],"killed_by":"Donu and Deca","ascension_level":0}