{"gold_per_floor":[110,126,201,37,37,37,92,92,138,158,183,183,196,213,213,213],"floor_reached":16,"playtime":406,"items_purged":["Strike_G"],"score":185,"play_id":"b71013bd-5a07-449f-b989-e7d0c1dee98d","local_time":"20190204021254","is_ascension_mode":true,"campfire_choices":[{"data":"Noxious Fumes","floor":6.0,"key":"SMITH"},{"data":"Footwork","floor":15.0,"key":"SMITH"}],"neow_cost":"NONE","seed_source_timestamp":22332068541000,"circlet_count":0,"master_deck":["AscendersBane","Defend_G","Defend_G","Defend_G","Defend_G","Strike_G","Strike_G","Strike_G","Strike_G","Survivor","Neutralize","Noxious Fumes+1","Footwork+1","Bullet Time","Crippling Poison","Deadly Poison","Dodge and Roll"],"special_seed":0,"relics":["Ring of the Snake","Tiny Chest","Omamori","Pen Nib"],"potions_floor_usage":[16],"damage_taken":[{"damage":1.0,"enemies":"Cultist","floor":1.0,"turns":5.0},{"damage":0.0,"enemies":"2 Louse","floor":2.0,"turns":4.0},{"damage":16.0,"enemies":"Gremlin Nob","floor":7.0,"turns":4.0},{"damage":2.0,"enemies":"Jaw Worm","floor":10.0,"turns":5.0},{"damage":3.0,"enemies":"Looter","floor":13.0,"turns":4.0},{"damage":8.0,"enemies":"2 Fungi Beasts","floor":14.0,"turns":4.0},{"damage":19,"enemies":"Slime Boss","floor":16,"turns":9}],"seed_played":"-371944269411326023","potions_obtained":[{"floor":1.0,"key":"SkillPotion"},{"floor":2.0,"key":"Poison Potion"},{"floor":14.0,"key":"FearPotion"}],"is_trial":false,"path_per_floor":["M","M","?","$","?","R","E","$","T","M","T","?","M","M","R","B"],"character_chosen":"THE_SILENT","items_purchased":["Footwork"],"campfire_rested":0,"item_purchase_floors":[4],"current_hp_per_floor":[64,64,53,53,46,46,30,30,30,28,28,28,25,17,17,0],"gold":213,"neow_bonus":"TEN_PERCENT_HP_BONUS","is_prod":false,"is_daily":false,"chose_seed":false,"campfire_upgraded":2,"win_rate":0,"timestamp":1549239174,"path_taken":["M","M","?","$","?","R","E","?","T","M","?","?","M","?","R","BOSS"],"build_version":"2019-01-23","purchased_purges":1,"victory":false,"max_hp_per_floor":[72,72,72,72,72,72,72,72,72,72,72,72,72,72,72,72],"card_choices":[{"not_picked":["Accuracy","Concentrate"],"picked":"Noxious Fumes","floor":1.0},{"not_picked":["Concentrate","Blade Dance","Calculated Gamble"],"picked":"SKIP","floor":2.0},{"not_picked":["Sucker Punch","Eviscerate"],"picked":"Bullet Time","floor":7.0},{"not_picked":["Poisoned Stab","Dagger Spray"],"picked":"Crippling Poison","floor":10.0},{"not_picked":["Backflip","Prepared"],"picked":"Deadly Poison","floor":13.0},{"not_picked":["Finisher","Expertise"],"picked":"Dodge and Roll","floor":14.0}],"player_experience":601908,"relics_obtained":[{"floor":7.0,"key":"Tiny Chest"},{"floor":9.0,"key":"Omamori"},{"floor":11.0,"key":"Pen Nib"}],"event_choices":[{"damage_healed":0.0,"max_hp_gain":0.0,"max_hp_loss":0.0,"gold_gain":75.0,"event_name":"World of Goop","player_choice":"Gather Gold","floor":3.0,"gold_loss":0.0,"damage_taken":11.0},{"cards_removed":["Defend_G"],"damage_healed":0.0,"max_hp_gain":0.0,"max_hp_loss":0.0,"gold_gain":0.0,"event_name":"Golden Wing","player_choice":"Card Removal","floor":5.0,"gold_loss":0.0,"damage_taken":7.0},{"damage_healed":0.0,"max_hp_gain":0.0,"max_hp_loss":0.0,"gold_gain":0.0,"event_name":"FaceTrader","player_choice":"Leave","floor":12.0,"gold_loss":0.0,"damage_taken":0.0}],"is_beta":false,"boss_relics":[],"items_purged_floors":[4],"is_endless":false,"potions_floor_spawned":[1,2,14],"killed_by":"Slime Boss","ascension_level":17}