{"gold_per_floor":[219,234,250,269,287,287,58,58,131,141,175,75,106,126,126,205,205,222,222,222,235,285,285,202,202,228,263,213,240,251,264,264,264],"floor_reached":33,"playtime":2517,"items_purged":["Strike_R","Strike_R"],"score":688,"play_id":"119d54e3-906b-4092-b0c6-60510bc33169","local_time":"20190106145049","is_ascension_mode":true,"campfire_choices":[{"data":"Disarm","floor":6.0,"key":"SMITH"},{"data":"Carnage","floor":8.0,"key":"SMITH"},{"data":"Combust","floor":15.0,"key":"SMITH"},{"data":"Rupture","floor":23.0,"key":"SMITH"},{"data":"Offering","floor":25.0,"key":"SMITH"},{"floor":32.0,"key":"REST"}],"neow_cost":"NONE","seed_source_timestamp":43470567923127,"circlet_count":0,"master_deck":["AscendersBane","Defend_R","Defend_R","Defend_R","Defend_R","Bash","Thunderclap","Clothesline+1","Disarm+1","Battle Trance+1","Shockwave","Combust+1","Carnage+1","Rupture+1","Offering+1","Bloodletting+1","Cleave+1","Ghostly Armor+1","Shrug It Off+1","Shrug It Off"],"special_seed":0,"relics":["Burning Blood","Blue Candle","Unceasing Top","Juzu Bracelet","Astrolabe","PreservedInsect","Bag of Preparation","Happy Flower"],"potions_floor_usage":[33],"damage_taken":[{"damage":6.0,"enemies":"Jaw Worm","floor":1.0,"turns":5.0},{"damage":0.0,"enemies":"Small Slimes","floor":2.0,"turns":3.0},{"damage":9.0,"enemies":"2 Louse","floor":3.0,"turns":3.0},{"damage":36.0,"enemies":"Gremlin Gang","floor":4.0,"turns":5.0},{"damage":5.0,"enemies":"Red Slaver","floor":5.0,"turns":5.0},{"damage":5.0,"enemies":"Blue Slaver","floor":10.0,"turns":4.0},{"damage":14.0,"enemies":"Gremlin Nob","floor":11.0,"turns":3.0},{"damage":17.0,"enemies":"Lagavulin","floor":13.0,"turns":5.0},{"damage":3.0,"enemies":"Looter","floor":14.0,"turns":2.0},{"damage":7.0,"enemies":"Slime Boss","floor":16.0,"turns":7.0},{"damage":19.0,"enemies":"2 Thieves","floor":18.0,"turns":3.0},{"damage":9.0,"enemies":"3 Byrds","floor":21.0,"turns":3.0},{"damage":25.0,"enemies":"Slavers","floor":27.0,"turns":3.0},{"damage":11.0,"enemies":"Book of Stabbing","floor":29.0,"turns":5.0},{"damage":11.0,"enemies":"Cultist and Chosen","floor":30.0,"turns":3.0},{"damage":12.0,"enemies":"Chosen and Byrds","floor":31.0,"turns":4.0},{"damage":54,"enemies":"Champ","floor":33,"turns":12}],"seed_played":"1400647240323738588","potions_obtained":[{"floor":4.0,"key":"SkillPotion"},{"floor":5.0,"key":"FearPotion"},{"floor":11.0,"key":"Dexterity Potion"},{"floor":13.0,"key":"Explosive Potion"},{"floor":16.0,"key":"LiquidBronze"},{"floor":27.0,"key":"EssenceOfSteel"},{"floor":29.0,"key":"Fruit Juice"},{"floor":30.0,"key":"AttackPotion"}],"is_trial":false,"path_per_floor":["M","M","M","M","M","R","$","R","T","M","E","$","E","M","R","B",null,"M","?","?","M","?","R","$","R","T","E","?","E","M","M","R","B"],"character_chosen":"IRONCLAD","items_purchased":["Combust","Carnage","LiquidBronze"],"campfire_rested":1,"item_purchase_floors":[7,7,24],"current_hp_per_floor":[68,74,71,41,42,42,42,42,42,43,35,35,24,27,27,26,63,50,65,65,62,62,62,62,62,62,43,43,38,33,27,49,0],"gold":264,"neow_bonus":"HUNDRED_GOLD","is_prod":false,"is_daily":false,"chose_seed":false,"campfire_upgraded":5,"win_rate":0,"timestamp":1546782649,"path_taken":["M","M","M","M","M","R","$","R","T","M","E","$","E","M","R","BOSS","M","?","?","M","?","R","$","R","T","E","?","E","M","M","R","BOSS"],"build_version":"2019-01-03v4","purchased_purges":2,"victory":false,"max_hp_per_floor":[75,75,75,75,75,75,75,75,75,75,75,75,75,75,75,75,75,75,75,75,75,75,75,75,75,75,75,75,75,75,75,75,80],"card_choices":[{"not_picked":["Sword Boomerang","Burning Pact"],"picked":"Thunderclap","floor":1.0},{"not_picked":["Infernal Blade","Perfected Strike"],"picked":"Clothesline","floor":2.0},{"not_picked":["Sever Soul","Feel No Pain"],"picked":"Disarm","floor":3.0},{"not_picked":["Seeing Red","Twin Strike"],"picked":"Battle Trance","floor":4.0},{"not_picked":["Havoc","Bloodletting"],"picked":"Shockwave","floor":5.0},{"not_picked":["Dark Embrace","Havoc"],"picked":"Rupture","floor":10.0},{"not_picked":["True Grit","Sentinel","Heavy Blade"],"picked":"SKIP","floor":11.0},{"not_picked":["Sword Boomerang","Second Wind","Twin Strike"],"picked":"SKIP","floor":13.0},{"not_picked":["Second Wind","Carnage","Iron Wave"],"picked":"SKIP","floor":14.0},{"not_picked":["Bludgeon","Reaper"],"picked":"Offering","floor":16.0},{"not_picked":["Intimidate","Rage","Ghostly Armor"],"picked":"SKIP","floor":18.0},{"not_picked":["Headbutt","Armaments"],"picked":"Shrug It Off+1","floor":21.0},{"not_picked":["Cleave","Headbutt","Armaments"],"picked":"SKIP","floor":27.0},{"not_picked":["Perfected Strike","Wild Strike+1","Thunderclap"],"picked":"SKIP","floor":29.0},{"not_picked":["Flex","Body Slam","Power Through"],"picked":"SKIP","floor":30.0},{"not_picked":["Thunderclap","Cleave"],"picked":"Shrug It Off","floor":31.0}],"player_experience":747083,"relics_obtained":[{"floor":9.0,"key":"Blue Candle"},{"floor":11.0,"key":"Unceasing Top"},{"floor":13.0,"key":"Juzu Bracelet"},{"floor":26.0,"key":"PreservedInsect"},{"floor":27.0,"key":"Bag of Preparation"},{"floor":29.0,"key":"Happy Flower"}],"event_choices":[{"damage_healed":15.0,"max_hp_gain":0.0,"max_hp_loss":0.0,"gold_gain":0.0,"event_name":"The Library","player_choice":"Heal","floor":19.0,"gold_loss":0.0,"damage_taken":0.0},{"damage_healed":0.0,"max_hp_gain":0.0,"max_hp_loss":0.0,"gold_gain":0.0,"event_name":"Ghosts","player_choice":"Ignored","floor":20.0,"gold_loss":0.0,"damage_taken":0.0},{"damage_healed":0.0,"max_hp_gain":0.0,"max_hp_loss":0.0,"gold_gain":50.0,"event_name":"Nest","player_choice":"Stole From Cult","floor":22.0,"gold_loss":0.0,"damage_taken":0.0},{"damage_healed":0.0,"max_hp_gain":0.0,"max_hp_loss":0.0,"gold_gain":0.0,"event_name":"Designer","player_choice":"Upgraded Two","floor":28.0,"gold_loss":50.0,"damage_taken":0.0,"cards_upgraded":["Clothesline","Battle Trance"]}],"is_beta":false,"boss_relics":[{"not_picked":["Runic Pyramid","Black Star"],"picked":"Astrolabe"}],"items_purged_floors":[7,12],"is_endless":false,"potions_floor_spawned":[4,5,11,13,16,27,29,30],"killed_by":"Champ","ascension_level":17}