{"gold_per_floor":[109,109,109,129,145,145,176,192,192,211,211,9,9,45,45,144,144,162,162,162,176,89,89,120,144,170,170,170,214,239,272,272,368,368,391,41,0,300,43,84,84,119,119,119,137,172,190,228,228,228],"floor_reached":50,"playtime":5153,"items_purged":["Pain"],"score":1223,"play_id":"ea809bec-95f9-45fc-8f2f-f24cc2776a12","local_time":"20181227144547","is_ascension_mode":true,"campfire_choices":[{"data":"1","floor":6.0,"key":"LIFT"},{"floor":11.0,"key":"REST"},{"data":"Feel No Pain","floor":13.0,"key":"SMITH"},{"data":"2","floor":15.0,"key":"LIFT"},{"data":"3","floor":23.0,"key":"LIFT"},{"data":"Bite","floor":32.0,"key":"PURGE"},{"floor":41.0,"key":"RECALL"},{"floor":44.0,"key":"REST"},{"floor":49.0,"key":"REST"}],"neow_cost":"PERCENT_DAMAGE","seed_source_timestamp":328901677573763,"circlet_count":0,"master_deck":["AscendersBane","Defend_R","Defend_R","Defend_R","Defend_R","Bash","Sword Boomerang","Feel No Pain+1","Clothesline","Rampage","Havoc","Demon Form","Corruption","Intimidate","Dark Embrace","Sentinel+1","Flame Barrier","Bite+1","Bite","Bite","Bite","Whirlwind+1","Juggernaut","Headbutt","Limit Break","Body Slam+1","Feed+1","Master of Strategy","Dual Wield","Juggernaut","Evolve","Flame Barrier","Sentinel","Body Slam+1"],"special_seed":0,"relics":["Burning Blood","Girya","Golden Idol","WarpedTongs","Sundial","Mercury Hourglass","Ice Cream","Fusion Hammer","Peace Pipe","Bag of Marbles","MutagenicStrength","Molten Egg 2","Lantern","Black Star","Centennial Puzzle","Red Mask","PreservedInsect","Whetstone","Ancient Tea Set","Red Skull","Regal Pillow","Paper Frog","Happy Flower","StoneCalendar","Bronze Scales","Letter Opener"],"potions_floor_usage":[50],"damage_taken":[{"damage":3.0,"enemies":"2 Louse","floor":1.0,"turns":3.0},{"damage":6.0,"enemies":"Jaw Worm","floor":4.0,"turns":3.0},{"damage":12.0,"enemies":"Cultist","floor":5.0,"turns":4.0},{"damage":19.0,"enemies":"Gremlin Nob","floor":7.0,"turns":4.0},{"damage":13.0,"enemies":"Looter","floor":8.0,"turns":3.0},{"damage":6.0,"enemies":"2 Fungi Beasts","floor":10.0,"turns":3.0},{"damage":18.0,"enemies":"Lagavulin","floor":14.0,"turns":7.0},{"damage":12.0,"enemies":"The Guardian","floor":16.0,"turns":10.0},{"damage":21.0,"enemies":"2 Thieves","floor":18.0,"turns":4.0},{"damage":0.0,"enemies":"Chosen","floor":21.0,"turns":4.0},{"damage":25.0,"enemies":"Slavers","floor":24.0,"turns":4.0},{"damage":12.0,"enemies":"3 Cultists","floor":25.0,"turns":4.0},{"damage":2.0,"enemies":"Book of Stabbing","floor":29.0,"turns":4.0},{"damage":14.0,"enemies":"Centurion and Healer","floor":30.0,"turns":6.0},{"damage":16.0,"enemies":"Gremlin Leader","floor":31.0,"turns":6.0},{"damage":44.0,"enemies":"Collector","floor":33.0,"turns":8.0},{"damage":8.0,"enemies":"Orb Walker","floor":35.0,"turns":3.0},{"damage":6.0,"enemies":"Reptomancer","floor":40.0,"turns":3.0},{"damage":41.0,"enemies":"Nemesis","floor":42.0,"turns":5.0},{"damage":28.0,"enemies":"3 Darklings","floor":45.0,"turns":5.0},{"damage":43.0,"enemies":"Reptomancer","floor":46.0,"turns":7.0},{"damage":0.0,"enemies":"4 Shapes","floor":47.0,"turns":7.0},{"damage":32.0,"enemies":"Nemesis","floor":48.0,"turns":5.0},{"damage":68,"enemies":"Time Eater","floor":50,"turns":6}],"seed_played":"3061946984829130767","potions_obtained":[{"floor":1.0,"key":"PowerPotion"},{"floor":14.0,"key":"SpeedPotion"},{"floor":16.0,"key":"Fire Potion"},{"floor":18.0,"key":"SmokeBomb"},{"floor":31.0,"key":"SmokeBomb"},{"floor":40.0,"key":"Poison Potion"},{"floor":45.0,"key":"Ancient Potion"}],"is_trial":false,"path_per_floor":["M","?","?","M","M","R","E","M","T","M","R","$","R","E","R","B",null,"M","?","?","M","$","R","E","M","T","?","?","E","M","E","R","B",null,"M","$","?","?","$","E","R","E","T","R","M","E","M","E","R","B"],"character_chosen":"IRONCLAD","items_purchased":["Corruption","Regen Potion","Juggernaut","Master of Strategy","Centennial Puzzle","PreservedInsect","Dual Wield"],"campfire_rested":3,"item_purchase_floors":[12,12,22,36,36,39,39],"current_hp_per_floor":[53,53,53,53,47,47,34,27,27,27,47,47,47,49,49,43,62,47,47,47,47,47,47,39,40,40,40,40,47,47,40,40,17,40,42,42,42,42,42,51,51,22,22,51,44,23,38,19,50,0],"gold":228,"neow_bonus":"ONE_RARE_RELIC","is_prod":false,"is_daily":false,"chose_seed":false,"campfire_upgraded":1,"win_rate":0,"timestamp":1545918347,"path_taken":["M","?","?","M","M","R","E","M","T","?","R","$","R","E","R","BOSS","M","?","?","M","$","R","E","M","T","?","?","E","M","E","R","BOSS","M","$","?","?","$","E","R","E","T","R","M","E","?","E","R","BOSS"],"build_version":"2018-12-20","purchased_purges":1,"victory":false,"max_hp_per_floor":[75,68,68,68,68,68,68,68,68,68,68,68,68,68,68,68,68,68,68,47,47,47,47,47,47,47,47,47,47,47,47,47,47,47,47,47,47,47,47,51,51,51,51,51,51,51,55,55,55,55],"card_choices":[{"not_picked":["Dropkick","Pommel Strike"],"picked":"Sword Boomerang","floor":1.0},{"not_picked":["Battle Trance","Metallicize"],"picked":"Feel No Pain","floor":4.0},{"not_picked":["Shockwave","Perfected Strike"],"picked":"Clothesline","floor":5.0},{"not_picked":["Anger","Body Slam"],"picked":"Rampage","floor":7.0},{"not_picked":["Flex","Twin Strike"],"picked":"Havoc","floor":8.0},{"not_picked":["Shockwave","Anger"],"picked":"Demon Form","floor":10.0},{"not_picked":["Clash","Pommel Strike"],"picked":"Intimidate","floor":14.0},{"not_picked":["Fiend Fire","Immolate"],"picked":"Dark Embrace","floor":16.0},{"not_picked":["Power Through","Pommel Strike"],"picked":"Sentinel+1","floor":18.0},{"not_picked":["Infernal Blade","Headbutt"],"picked":"Whirlwind","floor":21.0},{"not_picked":["Infernal Blade","Body Slam","Dropkick"],"picked":"SKIP","floor":24.0},{"not_picked":["True Grit","Clash"],"picked":"Headbutt","floor":25.0},{"not_picked":["Iron Wave","Flex","Twin Strike+1"],"picked":"SKIP","floor":29.0},{"not_picked":["Combust","Cleave+1"],"picked":"Limit Break","floor":30.0},{"not_picked":["Intimidate","Ghostly Armor"],"picked":"Body Slam+1","floor":31.0},{"not_picked":["Offering","Demon Form"],"picked":"Feed+1","floor":33.0},{"not_picked":["Hemokinesis+1","True Grit","Clash+1"],"picked":"SKIP","floor":35.0},{"not_picked":["Body Slam+1","Double Tap"],"picked":"Juggernaut","floor":40.0},{"not_picked":["Limit Break","Heavy Blade+1"],"picked":"Evolve","floor":42.0},{"not_picked":["Armaments","Ghostly Armor+1"],"picked":"Flame Barrier","floor":45.0},{"not_picked":["Reaper+1","Reckless Charge+1"],"picked":"Sentinel","floor":46.0},{"not_picked":["Sword Boomerang+1","Pommel Strike+1"],"picked":"Body Slam+1","floor":47.0},{"not_picked":["Brutality","Ghostly Armor","Thunderclap+1"],"picked":"SKIP","floor":48.0}],"player_experience":706213,"relics_obtained":[{"floor":7.0,"key":"Sundial"},{"floor":9.0,"key":"Mercury Hourglass"},{"floor":14.0,"key":"Ice Cream"},{"floor":24.0,"key":"Peace Pipe"},{"floor":26.0,"key":"Bag of Marbles"},{"floor":29.0,"key":"Molten Egg 2"},{"floor":31.0,"key":"Lantern"},{"floor":40.0,"key":"Whetstone"},{"floor":40.0,"key":"Ancient Tea Set"},{"floor":42.0,"key":"Red Skull"},{"floor":42.0,"key":"Regal Pillow"},{"floor":43.0,"key":"Paper Frog"},{"floor":46.0,"key":"Happy Flower"},{"floor":46.0,"key":"StoneCalendar"},{"floor":48.0,"key":"Bronze Scales"},{"floor":48.0,"key":"Letter Opener"}],"event_choices":[{"damage_healed":0.0,"max_hp_gain":0.0,"max_hp_loss":7.0,"gold_gain":0.0,"event_name":"Golden Idol","player_choice":"Lose Max HP","floor":2.0,"gold_loss":0.0,"damage_taken":0.0,"relics_obtained":["Golden Idol"]},{"damage_healed":0.0,"max_hp_gain":0.0,"max_hp_loss":0.0,"gold_gain":0.0,"event_name":"Accursed Blacksmith","player_choice":"Rummage","floor":3.0,"gold_loss":0.0,"damage_taken":0.0,"relics_obtained":["WarpedTongs"],"cards_obtained":["Pain"]},{"damage_healed":0.0,"max_hp_gain":0.0,"max_hp_loss":0.0,"gold_gain":0.0,"event_name":"The Library","player_choice":"Read","floor":19.0,"gold_loss":0.0,"damage_taken":0.0,"cards_obtained":["Flame Barrier"]},{"damage_healed":0.0,"max_hp_gain":0.0,"max_hp_loss":21.0,"gold_gain":0.0,"event_name":"Vampires","player_choice":"Became a vampire","floor":20.0,"gold_loss":0.0,"damage_taken":0.0,"cards_obtained":["Bite","Bite","Bite","Bite","Bite"]},{"damage_healed":0.0,"max_hp_gain":0.0,"max_hp_loss":0.0,"gold_gain":0.0,"event_name":"Drug Dealer","player_choice":"Inject Mutagens","floor":27.0,"gold_loss":0.0,"damage_taken":0.0,"relics_obtained":["MutagenicStrength"]},{"damage_healed":0.0,"max_hp_gain":0.0,"max_hp_loss":0.0,"gold_gain":0.0,"event_name":"Cursed Tome","player_choice":"Ignored","floor":28.0,"gold_loss":0.0,"damage_taken":0.0},{"damage_healed":0.0,"max_hp_gain":0.0,"max_hp_loss":0.0,"gold_gain":0.0,"event_name":"Tomb of Lord Red Mask","player_choice":"Paid","floor":37.0,"gold_loss":41.0,"damage_taken":0.0,"relics_obtained":["Red Mask"]},{"damage_healed":0.0,"max_hp_gain":0.0,"max_hp_loss":0.0,"gold_gain":300.0,"event_name":"Wheel of Change","player_choice":"Gold","floor":38.0,"gold_loss":0.0,"damage_taken":0.0}],"is_beta":false,"boss_relics":[{"not_picked":["Cursed Key","Philosopher\u0027s Stone"],"picked":"Fusion Hammer"},{"not_picked":["Astrolabe","Runic Cube"],"picked":"Black Star"}],"items_purged_floors":[12],"is_endless":false,"potions_floor_spawned":[1,14,16,18,31,40,45],"killed_by":"Time Eater","ascension_level":16}