{"gold_per_floor":[119,143,163,183,183,183,197,197,222,249,249,264,264,214,214,311,311,329,344,363,288,302,335,335,354,400,414,514,514,533,460,460,560,560,570,570,670,690,702,388,388,388,388,402,402,402,402,75,75,75],"floor_reached":51,"playtime":3228,"items_purged":["Iron Wave","Doubt"],"score":790,"play_id":"4ec1df60-1492-43d2-8606-bc4fbc257e97","local_time":"20190105024411","is_ascension_mode":true,"campfire_choices":[{"data":"Barricade","floor":6,"key":"SMITH"},{"data":"Shrug It Off","floor":8,"key":"SMITH"},{"data":"Body Slam","floor":11,"key":"SMITH"},{"data":"Shrug It Off","floor":13,"key":"SMITH"},{"data":"Pommel Strike","floor":15,"key":"SMITH"},{"data":"Immolate","floor":24,"key":"SMITH"},{"floor":32,"key":"RECALL"},{"data":"Flame Barrier","floor":41,"key":"SMITH"},{"data":"Flame Barrier","floor":45,"key":"SMITH"},{"data":"Rage","floor":49,"key":"SMITH"}],"neow_cost":"NONE","seed_source_timestamp":50895793389138,"circlet_count":0,"master_deck":["Defend_R","Defend_R","Defend_R","Defend_R","Bash+1","Barricade+1","Warcry+1","Pommel Strike+1","Shrug It Off+1","Body Slam+1","Shrug It Off+1","Immolate+1","Seeing Red","Thunderclap+1","Spot Weakness+1","Clothesline+1","Flame Barrier+1","Bite","Bite","Bite","Bite","Headbutt","Flame Barrier+1","Reaper","Parasite","Sword Boomerang","Rage+1"],"relics":["Burning Blood","Juzu Bracelet","Bag of Preparation","Vajra","Coffee Dripper","Lantern","Philosopher\u0027s Stone","Bottled Lightning","Sundial","Oddly Smooth Stone"],"potions_floor_usage":[33,50,50,50],"damage_taken":[{"damage":6,"enemies":"Cultist","floor":1,"turns":4},{"damage":0,"enemies":"Small Slimes","floor":3,"turns":3},{"damage":13,"enemies":"Jaw Worm","floor":4,"turns":4},{"damage":7,"enemies":"Exordium Wildlife","floor":7,"turns":3},{"damage":17,"enemies":"3 Sentries","floor":10,"turns":14},{"damage":0,"enemies":"2 Fungi Beasts","floor":12,"turns":4},{"damage":22,"enemies":"Hexaghost","floor":16,"turns":11},{"damage":0,"enemies":"Shell Parasite","floor":18,"turns":4},{"damage":3,"enemies":"3 Byrds","floor":19,"turns":5},{"damage":0,"enemies":"Snecko","floor":20,"turns":5},{"damage":12,"enemies":"Centurion and Healer","floor":22,"turns":3},{"damage":41,"enemies":"Book of Stabbing","floor":23,"turns":5},{"damage":18,"enemies":"Snake Plant","floor":25,"turns":2},{"damage":0,"enemies":"Sentry and Sphere","floor":27,"turns":3},{"damage":9,"enemies":"Centurion and Healer","floor":30,"turns":2},{"damage":52,"enemies":"Automaton","floor":33,"turns":11},{"damage":0,"enemies":"3 Darklings","floor":35,"turns":2},{"damage":0,"enemies":"3 Shapes","floor":38,"turns":2},{"damage":11,"enemies":"Writhing Mass","floor":39,"turns":6},{"damage":50,"enemies":"Spire Growth","floor":44,"turns":5},{"damage":50,"enemies":"Time Eater","floor":50,"turns":13}],"seed_played":"2698109285127821613","potions_obtained":[{"floor":3,"key":"Dexterity Potion"},{"floor":4,"key":"Strength Potion"},{"floor":20,"key":"Regen Potion"},{"floor":33,"key":"Weak Potion"}],"is_trial":false,"path_per_floor":["M","T","M","M","?","R","M","R","T","E","R","M","R","?","R","B",null,"M","M","M","?","M","E","R","M","T","M","?","?","M","$","R","B",null,"M","?","?","M","M","$","R","?","T","M","R","?","?","$","R","B",null],"character_chosen":"IRONCLAD","items_purchased":["Flame Barrier","Bottled Lightning","Oddly Smooth Stone","Rage"],"campfire_rested":0,"item_purchase_floors":[31,40,48,48],"current_hp_per_floor":[80,80,80,73,57,57,56,56,56,45,45,51,51,51,51,35,80,80,80,80,80,74,39,39,27,27,35,35,35,36,36,36,13,80,80,76,76,76,76,76,76,76,76,36,36,36,76,76,76,40],"gold":75,"neow_bonus":"ONE_RANDOM_RARE_CARD","is_prod":false,"is_daily":false,"chose_seed":false,"campfire_upgraded":9,"win_rate":0,"timestamp":1546677851,"path_taken":["M","?","M","M","?","R","M","R","T","E","R","M","R","?","R","BOSS","M","M","M","?","M","E","R","M","T","M","?","?","M","$","R","BOSS","M","?","?","M","M","$","R","?","T","M","R","?","?","$","R","BOSS"],"build_version":"2019-01-03v4","purchased_purges":2,"victory":true,"max_hp_per_floor":[80,80,80,80,80,80,80,80,80,80,80,80,80,80,80,80,80,80,80,80,80,80,80,80,80,80,80,80,80,80,80,80,80,80,80,76,76,76,76,76,76,76,76,76,76,76,76,76,76,76],"card_choices":[{"not_picked":["Heavy Blade","Evolve"],"picked":"Warcry","floor":1},{"not_picked":["Rupture","Clash"],"picked":"Iron Wave","floor":3},{"not_picked":["Warcry","Headbutt"],"picked":"Pommel Strike","floor":4},{"not_picked":["Clothesline","Fire Breathing"],"picked":"Shrug It Off","floor":7},{"not_picked":["Immolate","Wild Strike"],"picked":"Body Slam","floor":10},{"not_picked":["Cleave","Shockwave"],"picked":"Shrug It Off","floor":12},{"not_picked":["Exhume","Dark Embrace"],"picked":"Immolate","floor":16},{"not_picked":["Clash","Sever Soul","Second Wind+1"],"picked":"SKIP","floor":18},{"not_picked":["Flex+1","Thunderclap+1"],"picked":"Seeing Red","floor":19},{"not_picked":["Clothesline+1","Sentinel"],"picked":"Thunderclap+1","floor":20},{"not_picked":["Cleave","Feel No Pain"],"picked":"Spot Weakness+1","floor":22},{"not_picked":["Double Tap","Perfected Strike+1"],"picked":"Clothesline+1","floor":23},{"not_picked":["Bloodletting","Havoc","Thunderclap"],"picked":"SKIP","floor":25},{"not_picked":["Twin Strike","Reckless Charge+1"],"picked":"Flame Barrier","floor":27},{"not_picked":["Heavy Blade","Shrug It Off"],"picked":"Headbutt","floor":30},{"not_picked":["Barricade","Bludgeon"],"picked":"Reaper","floor":33},{"not_picked":["Heavy Blade","Wild Strike","Disarm+1"],"picked":"SKIP","floor":35},{"not_picked":["Feel No Pain+1","Flex+1","Whirlwind+1"],"picked":"SKIP","floor":38},{"not_picked":["Pommel Strike+1","Corruption"],"picked":"Sword Boomerang","floor":39},{"not_picked":["Exhume","Hemokinesis+1","Thunderclap"],"picked":"SKIP","floor":44}],"player_experience":297344,"relics_obtained":[{"floor":2,"key":"Juzu Bracelet"},{"floor":9,"key":"Bag of Preparation"},{"floor":10,"key":"Vajra"},{"floor":23,"key":"Lantern"},{"floor":26,"key":"Blood Vial"},{"floor":43,"key":"Sundial"}],"event_choices":[{"damage_healed":0,"gold_gain":0,"player_choice":"Entered Light","damage_taken":16,"max_hp_gain":0,"max_hp_loss":0,"event_name":"Shining Light","floor":5,"gold_loss":0,"cards_upgraded":["Warcry","Bash"]},{"cards_removed":["Strike_R"],"damage_healed":0,"gold_gain":0,"player_choice":"Card Removal","damage_taken":0,"max_hp_gain":0,"max_hp_loss":0,"event_name":"The Cleric","floor":14,"gold_loss":50},{"cards_removed":["Strike_R"],"damage_healed":0,"gold_gain":0,"player_choice":"Gave Gold","damage_taken":0,"max_hp_gain":0,"max_hp_loss":0,"event_name":"Beggar","floor":21,"gold_loss":75},{"damage_healed":0,"gold_gain":100,"player_choice":"Pray","damage_taken":0,"max_hp_gain":0,"max_hp_loss":0,"event_name":"Golden Shrine","floor":28,"gold_loss":0},{"damage_healed":0,"gold_gain":0,"player_choice":"Became a vampire (Vial)","damage_taken":0,"max_hp_gain":0,"max_hp_loss":0,"event_name":"Vampires","floor":29,"relics_lost":["Blood Vial"],"gold_loss":0,"cards_obtained":["Bite","Bite","Bite","Bite","Bite"]},{"damage_healed":0,"gold_gain":0,"player_choice":"Max HP","damage_taken":0,"max_hp_gain":0,"max_hp_loss":4,"event_name":"Winding Halls","floor":36,"gold_loss":0},{"damage_healed":0,"gold_gain":100,"player_choice":"Pray","damage_taken":0,"max_hp_gain":0,"max_hp_loss":0,"event_name":"Golden Shrine","floor":37,"gold_loss":0},{"damage_healed":0,"gold_gain":0,"player_choice":"Ignored","damage_taken":0,"max_hp_gain":0,"max_hp_loss":0,"event_name":"Tomb of Lord Red Mask","floor":42,"gold_loss":0},{"cards_removed":["Bite"],"damage_healed":0,"gold_gain":0,"player_choice":"Removed Attack","damage_taken":0,"max_hp_gain":0,"max_hp_loss":0,"event_name":"Falling","floor":46,"gold_loss":0},{"damage_healed":40,"gold_gain":0,"player_choice":"Heal","damage_taken":0,"max_hp_gain":0,"max_hp_loss":0,"event_name":"MindBloom","floor":47,"gold_loss":0,"cards_obtained":["Doubt"]}],"is_beta":false,"boss_relics":[{"not_picked":["Runic Dome","Pandora\u0027s Box"],"picked":"Coffee Dripper"},{"not_picked":["Calling Bell","Snecko Eye"],"picked":"Philosopher\u0027s Stone"}],"items_purged_floors":[40,48],"is_endless":false,"potions_floor_spawned":[3,4,20,27,30,33,35,39,44],"ascension_level":4}