{"gold_per_floor":[111,130,130,130,130,130,158,158,158,158,175,193,50,79,79,177,177,193,17,27,47,60,60,74,74,74,86,86],"floor_reached":28,"playtime":2004,"items_purged":[],"score":230,"play_id":"658d2195-2f67-4f20-9cba-bbd982465879","local_time":"20190124183048","is_ascension_mode":false,"campfire_choices":[{"data":"Survivor","floor":6,"key":"SMITH"},{"floor":8,"key":"REST"},{"floor":10,"key":"REST"},{"floor":15,"key":"REST"},{"floor":23,"key":"REST"},{"floor":25,"key":"REST"}],"neow_cost":"NONE","seed_source_timestamp":1299833088184615,"circlet_count":0,"master_deck":["Defend_G","Defend_G","Defend_G","Defend_G","Defend_G","Strike_G","Strike_G","Strike_G","Strike_G","Strike_G","Survivor+1","Neutralize+1","Bane","Bullet Time","Poisoned Stab","Dodge and Roll","Quick Slash","Glass Knife","Deadly Poison+1","Noxious Fumes","Caltrops","Predator","Quick Slash+1","Slice"],"relics":["Ring of the Snake","Dodecahedron","Bottled Flame","Snake Skull","Ancient Tea Set","Busted Crown","Shovel"],"potions_floor_usage":[16,16,24,24],"damage_taken":[{"damage":1,"enemies":"2 Louse","floor":1,"turns":3},{"damage":2,"enemies":"Small Slimes","floor":2,"turns":4},{"damage":37,"enemies":"Gremlin Nob","floor":7,"turns":6},{"damage":0,"enemies":"Jaw Worm","floor":11,"turns":5},{"damage":0,"enemies":"Red Slaver","floor":12,"turns":4},{"damage":20,"enemies":"Lagavulin","floor":14,"turns":7},{"damage":63,"enemies":"Slime Boss","floor":16,"turns":16},{"damage":30,"enemies":"Spheric Guardian","floor":18,"turns":6},{"damage":5,"enemies":"Shell Parasite","floor":20,"turns":5},{"damage":20,"enemies":"Shelled Parasite and Fungi","floor":21,"turns":5},{"damage":26,"enemies":"Snake Plant","floor":22,"turns":4},{"damage":28,"enemies":"Centurion and Healer","floor":24,"turns":5},{"damage":13,"enemies":"Snecko","floor":27,"turns":4},{"damage":12,"enemies":"Colosseum Slavers","floor":28,"turns":2}],"seed_played":"-5927676042698023072","potions_obtained":[{"floor":7,"key":"Swift Potion"},{"floor":12,"key":"FairyPotion"},{"floor":14,"key":"LiquidBronze"},{"floor":27,"key":"Poison Potion"}],"is_trial":false,"path_per_floor":["M","M","?","?","?","R","E","R","T","R","M","M","$","E","R","B",null,"M","$","M","M","M","R","M","R","T","M","?"],"character_chosen":"THE_SILENT","items_purchased":["Snake Skull","Noxious Fumes","SkillPotion","Poison Potion"],"campfire_rested":5,"item_purchase_floors":[13,19,19,19],"current_hp_per_floor":[69,67,67,72,75,75,38,60,60,75,75,75,75,55,75,12,75,45,45,40,20,7,29,1,23,23,10,0],"gold":86,"neow_bonus":"UPGRADE_CARD","is_prod":false,"is_daily":false,"chose_seed":false,"campfire_upgraded":1,"win_rate":0.0,"timestamp":1548361848,"path_taken":["M","M","?","?","?","R","E","R","T","R","M","?","?","E","R","BOSS","M","$","M","M","M","R","M","R","T","M","?"],"build_version":"2019-01-23","purchased_purges":0,"victory":false,"max_hp_per_floor":[70,70,70,75,75,75,75,75,75,75,75,75,75,75,75,75,75,75,75,75,75,75,75,75,75,75,75,75],"card_choices":[{"not_picked":["Expertise","Blade Dance"],"picked":"Outmaneuver","floor":1},{"not_picked":["Choke","Flying Knee"],"picked":"Bane","floor":2},{"not_picked":["Terror","Skewer"],"picked":"Bullet Time","floor":7},{"not_picked":["Dodge and Roll","Heel Hook"],"picked":"Poisoned Stab","floor":11},{"not_picked":["Blur","Flying Knee"],"picked":"Dodge and Roll","floor":12},{"not_picked":["Leg Sweep","Deflect"],"picked":"Quick Slash","floor":14},{"not_picked":["After Image","Burst"],"picked":"Glass Knife","floor":16},{"not_picked":[],"picked":"Deadly Poison+1","floor":18},{"not_picked":[],"picked":"Caltrops","floor":20},{"not_picked":[],"picked":"Predator","floor":21},{"not_picked":[],"picked":"Quick Slash+1","floor":22},{"not_picked":["Dagger Spray+1"],"picked":"SKIP","floor":24},{"not_picked":[],"picked":"Slice","floor":27}],"player_experience":20876,"relics_obtained":[{"floor":7,"key":"Dodecahedron"},{"floor":9,"key":"Bottled Flame"},{"floor":14,"key":"Ancient Tea Set"},{"floor":26,"key":"Shovel"}],"event_choices":[{"damage_healed":0,"gold_gain":0,"player_choice":"Ignored","damage_taken":0,"max_hp_gain":0,"max_hp_loss":0,"event_name":"Golden Wing","floor":3,"gold_loss":0},{"damage_healed":0,"gold_gain":0,"player_choice":"Donut","damage_taken":0,"max_hp_gain":5,"max_hp_loss":0,"event_name":"Big Fish","floor":4,"gold_loss":0},{"cards_removed":["Outmaneuver"],"damage_healed":5,"gold_gain":0,"player_choice":"Offered Common","damage_taken":0,"max_hp_gain":0,"max_hp_loss":0,"event_name":"Bonfire Elementals","floor":5,"gold_loss":0},{"cards_removed":["Outmaneuver"],"damage_healed":5,"gold_gain":0,"player_choice":"Offered Special","damage_taken":0,"max_hp_gain":0,"max_hp_loss":0,"event_name":"Bonfire Elementals","floor":5,"gold_loss":0},{"damage_healed":0,"gold_gain":0,"player_choice":"Fight","damage_taken":0,"max_hp_gain":0,"max_hp_loss":0,"event_name":"Colosseum","floor":28,"gold_loss":0}],"is_beta":false,"boss_relics":[{"not_picked":["Calling Bell","Empty Cage"],"picked":"Busted Crown"}],"items_purged_floors":[],"is_endless":false,"potions_floor_spawned":[7,12,14,20,21,27],"killed_by":"Colosseum Slavers","ascension_level":0}