{"gold_per_floor":[118,129,129,204,379,379,139,152,152,2,25,64,64,88,88,213,213],"floor_reached":17,"playtime":784,"items_purged":["Doubt","Injury"],"score":171,"play_id":"7d9beab9-ede6-4bea-8514-310018a1b7e7","local_time":"20180704104830","is_ascension_mode":true,"campfire_choices":[{"data":"Coolheaded","floor":6.0,"key":"SMITH"},{"floor":13.0,"key":"REST"},{"data":"Fission","floor":15.0,"key":"SMITH"}],"neow_cost":"","seed_source_timestamp":0,"circlet_count":0,"master_deck":["Strike_B","Strike_B","Strike_B","Strike_B","Defend_B","Defend_B","Defend_B","Defend_B","Zap","Dualcast+1","Barrage","Coolheaded+1","Storm","Redo","Auto Shields","Defragment","Cold Snap+1","Fission+1","Barrage+1","Ball Lightning+1","Amplify"],"special_seed":17715,"relics":["Cracked Core","Golden Idol","Molten Egg 2","Strawberry"],"potions_floor_usage":[],"damage_taken":[{"damage":0.0,"enemies":"Cultist","floor":1.0,"turns":3.0},{"damage":0.0,"enemies":"2 Louse","floor":2.0,"turns":2.0},{"damage":0.0,"enemies":"Small Slimes","floor":8.0,"turns":3.0},{"damage":19.0,"enemies":"3 Louse","floor":11.0,"turns":4.0},{"damage":11.0,"enemies":"Gremlin Nob","floor":12.0,"turns":3.0},{"damage":5.0,"enemies":"Lots of Slimes","floor":14.0,"turns":4.0},{"damage":30.0,"enemies":"Hexaghost","floor":16.0,"turns":10.0}],"seed_played":"7903789957135271493","potions_obtained":[{"floor":1.0,"key":"Fire Potion"},{"floor":11.0,"key":"Fire Potion"},{"floor":14.0,"key":"SteroidPotion"},{"floor":16.0,"key":"Fire Potion"}],"is_trial":false,"path_per_floor":["M","M","?","?","?","R","$","M","T","$","M","E","R","M","R","B"],"character_chosen":"DEFECT","items_purchased":["Storm","Redo","Auto Shields","Cold Snap+1"],"campfire_rested":1,"item_purchase_floors":[],"current_hp_per_floor":[75,75,75,64,64,64,64,64,64,64,45,41,65,60,60,30,30],"gold":213,"neow_bonus":"","is_prod":false,"is_daily":false,"chose_seed":false,"campfire_upgraded":2,"win_rate":0,"timestamp":1530697710,"path_taken":["M","M","?","?","?","R","?","M","T","$","?","E","R","M","R","BOSS"],"build_version":"2018-06-28","purchased_purges":2,"victory":false,"max_hp_per_floor":[75,75,75,75,75,75,75,75,75,75,75,82,82,82,82,82,82],"card_choices":[{"not_picked":["Heatsinks","Sweeping Beam"],"picked":"Barrage","floor":1.0},{"not_picked":["Chaos","Steam"],"picked":"Coolheaded","floor":2.0},{"not_picked":["Stack","Beam Cell"],"picked":"Defragment","floor":8.0},{"not_picked":["Leap","Chaos"],"picked":"Fission","floor":11.0},{"not_picked":["Melter+1","Beam Cell+1"],"picked":"Barrage+1","floor":12.0},{"not_picked":["Rebound+1","BootSequence"],"picked":"Ball Lightning+1","floor":14.0},{"not_picked":["Meteor Strike+1","Reboot"],"picked":"Amplify","floor":16.0}],"player_experience":217054,"relics_obtained":[{"floor":9.0,"key":"Molten Egg 2"},{"floor":12.0,"key":"Strawberry"}],"event_choices":[{"event_name":"Golden Idol","player_choice":"Take Wound","floor":3.0,"damage_taken":0.0},{"event_name":"World of Goop","player_choice":"Gather Gold","floor":4.0,"damage_taken":0.0},{"event_name":"Liars Game","player_choice":"agreed","floor":5.0,"damage_taken":0.0}],"boss_relics":[],"items_purged_floors":[],"is_endless":false,"potions_floor_spawned":[1,11,14,16],"ascension_level":2}