{"path_per_floor":["M","T","?","?","M","R","$","E","T","?","$","M","R","M","R","B",null,"M","M","M","$","?","R","M","R","T","M","?","M"],"character_chosen":"THE_SILENT","items_purchased":["Well Laid Plans","Dagger Spray","Flying Knee","Infinite Blades"],"gold_per_floor":[114,114,114,189,209,209,59,85,85,85,14,26,26,41,41,139,139,158,176,190,115,115,115,134,134,134,144,44,61],"floor_reached":30,"campfire_rested":4,"playtime":3366,"current_hp_per_floor":[68,68,61,50,45,66,66,56,70,70,70,70,70,50,75,25,84,58,55,29,29,13,38,17,42,42,26,26,1],"items_purged":["Strike_G"],"gold":61,"score":230,"play_id":"cc664e34-69f9-4cca-8256-d645a3041e39","is_prod":false,"is_daily":false,"is_ascension_mode":false,"campfire_upgraded":0,"path_taken":["M","?","?","?","?","R","?","E","T","?","?","M","R","?","R","BOSS","M","M","M","$","?","R","M","R","T","M","?","M","E"],"build_version":"2018-02-12-PROD1","purchased_purges":1,"victory":false,"master_deck":["Defend_G","Defend_G","Defend_G","Strike_G","Strike_G","Strike_G","Survivor","Neutralize","Dagger Throw","Backstab","Well Laid Plans","Dagger Spray","Flying Knee","Noxious Fumes","Deadly Poison","Infinite Blades","Poisoned Stab","Backflip","Envenom","Slice+1","Riddle With Holes","Endless Agony","J.A.X."],"max_hp_per_floor":[70,70,70,70,70,70,70,70,84,84,84,84,84,84,84,84,84,84,84,84,84,84,84,84,84,84,84,84,84],"relics":["Ring of the Snake","Girya","Prayer Wheel","Mango","Question Card","Nilry\u0027s Codex","Bottled Tornado"],"card_choices":[{"not_picked":["Prepared","Slice"],"picked":"Dagger Throw"},{"not_picked":["Poisoned Stab","Slice"],"picked":"Backstab"},{"not_picked":["Sucker Punch","Footwork"],"picked":"Noxious Fumes"},{"not_picked":["Acrobatics","Blur"],"picked":"Deadly Poison"},{"not_picked":["Deflect","Malaise"],"picked":"Poisoned Stab"},{"not_picked":["Blur","Dagger Spray"],"picked":"Backflip"},{"not_picked":["Burst","Tools of the Trade"],"picked":"Envenom"},{"not_picked":["Sucker Punch","Malaise","Well Laid Plans"],"picked":"Slice"},{"not_picked":["Dagger Spray","Dagger Throw","Prepared"],"picked":"Riddle With Holes"},{"not_picked":["Prepared","Deflect","Infinite Blades"],"picked":"Endless Agony"}],"player_experience":42885,"potions_floor_usage":[20,20,24,29],"damage_taken":[{"damage":2.0,"enemies":"Blue Slaver","floor":1.0,"turns":7.0},{"damage":5.0,"enemies":"2 Louse","floor":5.0,"turns":3.0},{"damage":10,"enemies":"Lagavulin","floor":8,"turns":6},{"damage":0,"enemies":"Small Slimes","floor":12,"turns":2},{"damage":20,"enemies":"Exordium Thugs","floor":14,"turns":4},{"damage":50,"enemies":"The Guardian","floor":16,"turns":9},{"damage":26,"enemies":"Spheric Guardian","floor":18,"turns":5},{"damage":3,"enemies":"3 Byrds","floor":19,"turns":4},{"damage":26,"enemies":"Centurion and Healer","floor":20,"turns":5},{"damage":21,"enemies":"Snake Plant","floor":24,"turns":4},{"damage":16,"enemies":"3 Cultists","floor":27,"turns":4},{"damage":25,"enemies":"Cultist and Chosen","floor":29,"turns":6},{"damage":0,"enemies":"Book of Stabbing","floor":30,"turns":1}],"event_choices":[{"event_name":"Golden Wing","player_choice":"Card Removal","floor":3.0,"damage_taken":0.0},{"event_name":"World of Goop","player_choice":"Gather Gold","floor":4.0,"damage_taken":0.0},{"event_name":"Living Wall","player_choice":"Forget","floor":10,"damage_taken":0},{"event_name":"Cursed Tome","player_choice":"Obtained Book","floor":22,"damage_taken":0},{"event_name":"Drug Dealer","player_choice":"Got JAXXED","floor":28,"damage_taken":0}],"boss_relics":[{"not_picked":["Sozu","Runic Pyramid"],"picked":"Question Card"}],"potions_floor_spawned":[8,16,18,20,29],"seed_played":"7854086233272901661","killed_by":"Book of Stabbing","ascension_level":0,"is_trial":false}