{"gold_per_floor":[114,67,67,86,97,123,123,137,190,190,207,225,225,257,257,354,354,371,371,388,55,72,72],"floor_reached":23,"playtime":2316,"items_purged":["Defend_B"],"score":203,"play_id":"caf12589-0b06-4be7-bc96-e75d630ffd09","local_time":"20190114220607","is_ascension_mode":false,"campfire_choices":[{"floor":10,"key":"REST"},{"data":"Dualcast","floor":13,"key":"SMITH"},{"data":"Loop","floor":15,"key":"SMITH"}],"neow_cost":"NONE","seed_source_timestamp":3897200834988,"circlet_count":0,"master_deck":["Strike_B","Strike_B","Strike_B","Strike_B","Defend_B","Defend_B","Defend_B","Zap","Dualcast+1","Chill","Leap","Compile Driver","Blizzard","Coolheaded","Undo","Loop+1","Reboot","Auto Shields","FTL+1","Iron Wave","Bandage Up","Shrug It Off"],"relics":["Cracked Core","Dodecahedron","Smiling Mask","DataDisk","Darkstone Periapt","Orrery","PrismaticShard"],"potions_floor_usage":[16],"damage_taken":[{"damage":1,"enemies":"Cultist","floor":1,"turns":3},{"damage":2,"enemies":"Jaw Worm","floor":4,"turns":3},{"damage":0,"enemies":"2 Louse","floor":5,"turns":3},{"damage":42,"enemies":"Gremlin Nob","floor":6,"turns":5},{"damage":1,"enemies":"Exordium Thugs","floor":8,"turns":4},{"damage":16,"enemies":"Gremlin Gang","floor":11,"turns":5},{"damage":5,"enemies":"Exordium Wildlife","floor":12,"turns":7},{"damage":4,"enemies":"3 Sentries","floor":14,"turns":9},{"damage":19,"enemies":"Hexaghost","floor":16,"turns":12},{"damage":13,"enemies":"Spheric Guardian","floor":18,"turns":6},{"damage":0,"enemies":"Shell Parasite","floor":20,"turns":7},{"damage":10,"enemies":"Centurion and Healer","floor":22,"turns":11},{"damage":6,"enemies":"Slavers","floor":23,"turns":2}],"seed_played":"4083911796715930106","potions_obtained":[{"floor":4,"key":"SpeedPotion"},{"floor":5,"key":"FocusPotion"},{"floor":12,"key":"PowerPotion"},{"floor":14,"key":"Explosive Potion"},{"floor":16,"key":"FearPotion"},{"floor":20,"key":"LiquidBronze"}],"is_trial":false,"path_per_floor":["M","$","?","M","M","E","?","M","T","R","M","M","R","E","R","B",null,"M","?","M","$","M","E"],"character_chosen":"DEFECT","items_purchased":["Leap","PrismaticShard","Bandage Up"],"campfire_rested":1,"item_purchase_floors":[2,21,21],"current_hp_per_floor":[81,81,69,67,67,25,25,24,24,48,32,27,27,23,23,4,82,69,69,69,69,63,61],"gold":72,"neow_bonus":"TEN_PERCENT_HP_BONUS","is_prod":false,"is_daily":false,"chose_seed":false,"campfire_upgraded":2,"win_rate":0,"timestamp":1547525167,"path_taken":["M","?","?","M","M","E","?","M","T","R","M","M","R","E","R","BOSS","M","?","?","$","M","E"],"build_version":"2019-01-10","purchased_purges":1,"victory":false,"max_hp_per_floor":[82,82,82,82,82,82,82,82,82,82,82,82,82,82,82,82,82,82,82,82,82,82,82],"card_choices":[{"not_picked":["Compile Driver","Reinforced Body"],"picked":"Chill","floor":1},{"not_picked":["Recycle","Leap","Skim"],"picked":"SKIP","floor":4},{"not_picked":["Recycle","Chill"],"picked":"Compile Driver","floor":5},{"not_picked":["Stack","Go for the Eyes"],"picked":"Blizzard","floor":6},{"not_picked":["Leap","Gash"],"picked":"Coolheaded","floor":8},{"not_picked":["Redo","Loop","Multi-Cast"],"picked":"SKIP","floor":11},{"not_picked":["Redo","Coolheaded"],"picked":"Undo","floor":12},{"not_picked":["Go for the Eyes","Heatsinks"],"picked":"Loop","floor":14},{"not_picked":["Meteor Strike","Rainbow"],"picked":"Reboot","floor":16},{"not_picked":["Turbo","Sunder"],"picked":"Auto Shields","floor":17},{"not_picked":["Hologram","Streamline"],"picked":"Seek","floor":17},{"not_picked":["Beam Cell","Turbo"],"picked":"FTL+1","floor":18},{"not_picked":["Storm+1","Barrage","Chill"],"picked":"SKIP","floor":20},{"not_picked":["Prepared","Blind+1"],"picked":"Shrug It Off","floor":22}],"player_experience":328400,"relics_obtained":[{"floor":6,"key":"Smiling Mask"},{"floor":9,"key":"DataDisk"},{"floor":14,"key":"Darkstone Periapt"}],"event_choices":[{"damage_healed":0,"gold_gain":0,"player_choice":"Success","damage_taken":12,"relics_obtained":["Dodecahedron"],"max_hp_gain":0,"max_hp_loss":0,"event_name":"Scrap Ooze","floor":3,"gold_loss":0},{"damage_healed":0,"gold_gain":0,"player_choice":"Ignored","damage_taken":0,"max_hp_gain":0,"max_hp_loss":0,"event_name":"Liars Game","floor":7,"gold_loss":0},{"cards_removed":["Seek"],"damage_healed":0,"gold_gain":0,"player_choice":"Took Card","damage_taken":0,"max_hp_gain":0,"max_hp_loss":0,"event_name":"NoteForYourself","floor":19,"gold_loss":0,"cards_obtained":["Iron Wave"]}],"is_beta":false,"boss_relics":[{"not_picked":["Empty Cage","Astrolabe"],"picked":"Orrery"}],"items_purged_floors":[21],"is_endless":false,"potions_floor_spawned":[4,5,12,14,16,20],"killed_by":"Slavers","ascension_level":0}