{"gold_per_floor":[109,109,124,137,137,137,168,168,195,205,205,232,232,259,259,330,330,345,345,355,56,56,56,56,56,56,56,112,2,32,32,32,109,159,174,192,205,225,325,325,358,119,119,0,20,55,55,65,65,65],"floor_reached":51,"playtime":6984,"items_purged":["Strike_G+1"],"score":1293,"play_id":"c85277c9-5fca-44aa-adbb-702544c08382","local_time":"20190118215503","is_ascension_mode":true,"campfire_choices":[{"data":"Dash","floor":6.0,"key":"SMITH"},{"floor":8.0,"key":"REST"},{"data":"Poisoned Stab","floor":11.0,"key":"SMITH"},{"floor":13.0,"key":"REST"},{"data":"Die Die Die","floor":15.0,"key":"SMITH"},{"floor":23.0,"key":"REST"},{"data":"Noxious Fumes","floor":25.0,"key":"SMITH"},{"floor":27.0,"key":"REST"},{"floor":32.0,"key":"REST"},{"data":"Backflip","floor":40.0,"key":"SMITH"},{"data":"Malaise","floor":47.0,"key":"SMITH"},{"floor":49.0,"key":"REST"}],"neow_cost":"NONE","seed_source_timestamp":269611273106931,"circlet_count":0,"master_deck":["AscendersBane","Defend_G+1","Defend_G+1","Defend_G+1","Defend_G+1","Defend_G+1","Strike_G+1","Strike_G+1","Strike_G+1","Survivor+1","Neutralize+1","Dash+1","Poisoned Stab+1","Die Die Die+1","Noxious Fumes+1","Bouncing Flask+1","Burst+1","Backflip+1","Malaise+1","Noxious Fumes","Deadly Poison+1","PiercingWail+1","Dodge and Roll+1"],"special_seed":0,"relics":["Ring of the Snake","War Paint","Blood Vial","Lantern","Juzu Bracelet","Pocketwatch","Velvet Choker","OrangePellets","Nilry\u0027s Codex","Paper Crane","Tiny Chest","Boot","Tiny House","Dead Branch","Art of War","Shovel","Red Mask","Incense Burner"],"potions_floor_usage":[],"damage_taken":[{"damage":0.0,"enemies":"2 Louse","floor":1.0,"turns":4.0},{"damage":0.0,"enemies":"Small Slimes","floor":3.0,"turns":5.0},{"damage":0.0,"enemies":"Jaw Worm","floor":4.0,"turns":4.0},{"damage":25.0,"enemies":"Lagavulin","floor":7.0,"turns":13.0},{"damage":17.0,"enemies":"Large Slime","floor":10.0,"turns":10.0},{"damage":18.0,"enemies":"Gremlin Nob","floor":14.0,"turns":4.0},{"damage":9.0,"enemies":"Hexaghost","floor":16.0,"turns":11.0},{"damage":2.0,"enemies":"Spheric Guardian","floor":18.0,"turns":4.0},{"damage":6.0,"enemies":"2 Thieves","floor":20.0,"turns":4.0},{"damage":9.0,"enemies":"Gremlin Leader","floor":28.0,"turns":6.0},{"damage":4.0,"enemies":"Book of Stabbing","floor":30.0,"turns":7.0},{"damage":30.0,"enemies":"Collector","floor":33.0,"turns":10.0},{"damage":0.0,"enemies":"3 Shapes","floor":35.0,"turns":5.0},{"damage":0.0,"enemies":"Orb Walker","floor":36.0,"turns":4.0},{"damage":1.0,"enemies":"Jaw Worm Horde","floor":37.0,"turns":6.0},{"damage":16.0,"enemies":"Sphere and 2 Shapes","floor":38.0,"turns":6.0},{"damage":4.0,"enemies":"Mind Bloom Boss Battle","floor":39.0,"turns":7.0},{"damage":17.0,"enemies":"Nemesis","floor":41.0,"turns":9.0},{"damage":7.0,"enemies":"Transient","floor":45.0,"turns":6.0},{"damage":22.0,"enemies":"Giant Head","floor":46.0,"turns":9.0},{"damage":0.0,"enemies":"4 Shapes","floor":48.0,"turns":6.0},{"damage":17,"enemies":"Donu and Deca","floor":50,"turns":9}],"seed_played":"-1449289586679231923","potions_obtained":[{"floor":3.0,"key":"Swift Potion"},{"floor":4.0,"key":"EntropicBrew"},{"floor":18.0,"key":"SkillPotion"},{"floor":33.0,"key":"SmokeBomb"},{"floor":34.0,"key":"AttackPotion"},{"floor":35.0,"key":"SpeedPotion"},{"floor":37.0,"key":"AttackPotion"},{"floor":38.0,"key":"Poison Potion"}],"is_trial":false,"path_per_floor":["M","?","M","M","?","R","E","R","T","M","R","T","R","E","R","B",null,"M","?","M","$","?","R","?","R","T","R","E","?","E","?","R","B",null,"M","M","M","M","?","R","E","$","T","?","M","E","R","M","R","B",null],"character_chosen":"THE_SILENT","items_purchased":["OrangePellets","Noxious Fumes","Regen Potion","Noxious Fumes"],"campfire_rested":6,"item_purchase_floors":[21,21,42,42],"current_hp_per_floor":[59,64,64,64,46,46,21,42,42,27,27,27,48,32,32,25,60,60,60,56,56,35,56,56,56,56,71,62,62,60,60,71,41,69,71,73,74,60,58,58,43,43,43,43,53,33,33,35,57,42],"gold":65,"neow_bonus":"UPGRADE_CARD","is_prod":false,"is_daily":false,"chose_seed":false,"campfire_upgraded":6,"win_rate":0,"timestamp":1547844903,"path_taken":["M","?","M","M","?","R","E","R","T","M","R","?","R","E","R","BOSS","M","?","M","$","?","R","?","R","T","R","E","?","E","?","R","BOSS","M","M","M","M","?","R","E","$","T","?","M","E","R","M","R","BOSS"],"build_version":"2019-01-17v2","purchased_purges":1,"victory":true,"max_hp_per_floor":[66,71,71,71,71,71,71,71,71,71,71,71,71,71,71,71,71,71,71,71,71,71,71,71,71,71,71,71,71,71,71,71,71,76,76,76,76,76,76,76,76,76,76,76,76,76,76,76,76,76],"card_choices":[{"not_picked":["Dagger Spray","Flying Knee","Underhanded Strike"],"picked":"SKIP","floor":1.0},{"not_picked":["Cloak And Dagger","Quick Slash"],"picked":"Dash","floor":3.0},{"not_picked":["PiercingWail","Outmaneuver","Sucker Punch"],"picked":"SKIP","floor":4.0},{"not_picked":["Riddle With Holes","Night Terror","Outmaneuver"],"picked":"SKIP","floor":7.0},{"not_picked":["Deflect","Prepared"],"picked":"Poisoned Stab","floor":10.0},{"not_picked":["Deflect","Backflip"],"picked":"Die Die Die","floor":14.0},{"not_picked":["Underhanded Strike","Cloak And Dagger","Deflect"],"picked":"SKIP","floor":18.0},{"not_picked":["Underhanded Strike","Flying Knee","Deflect"],"picked":"SKIP","floor":20.0},{"not_picked":["Endless Agony","Distraction+1","Dodge and Roll"],"picked":"SKIP","floor":28.0},{"not_picked":["Deadly Poison","Deflect+1"],"picked":"Bouncing Flask+1","floor":30.0},{"not_picked":["After Image","Tools of the Trade"],"picked":"Burst","floor":33.0},{"not_picked":["Deflect","Infinite Blades+1"],"picked":"Backflip","floor":35.0},{"not_picked":["Distraction","Dagger Spray","Deflect"],"picked":"SKIP","floor":36.0},{"not_picked":["Distraction","Dagger Spray","Deflect"],"picked":"SKIP","floor":36.0},{"not_picked":["Dash","Flechettes","Heel Hook"],"picked":"SKIP","floor":37.0},{"not_picked":["Flying Knee","Poisoned Stab","Predator"],"picked":"SKIP","floor":38.0},{"not_picked":["Prepared","Infinite Blades"],"picked":"Malaise","floor":41.0},{"not_picked":["Dodge and Roll","Backflip"],"picked":"Deadly Poison+1","floor":45.0},{"not_picked":["Poisoned Stab","Dagger Spray"],"picked":"PiercingWail+1","floor":46.0},{"not_picked":["Poisoned Stab","Dagger Throw"],"picked":"Dodge and Roll+1","floor":48.0}],"player_experience":945727,"relics_obtained":[{"floor":7.0,"key":"Blood Vial"},{"floor":9.0,"key":"Lantern"},{"floor":12.0,"key":"Juzu Bracelet"},{"floor":14.0,"key":"Pocketwatch"},{"floor":22.0,"key":"Nilry\u0027s Codex"},{"floor":26.0,"key":"Paper Crane"},{"floor":28.0,"key":"Tiny Chest"},{"floor":30.0,"key":"Boot"},{"floor":39.0,"key":"Dead Branch"},{"floor":41.0,"key":"Art of War"},{"floor":43.0,"key":"Shovel"},{"floor":46.0,"key":"Incense Burner"}],"event_choices":[{"damage_healed":0.0,"max_hp_gain":5.0,"max_hp_loss":0.0,"gold_gain":0.0,"event_name":"Big Fish","player_choice":"Donut","floor":2.0,"gold_loss":0.0,"damage_taken":0.0},{"damage_healed":0.0,"max_hp_gain":0.0,"max_hp_loss":0.0,"gold_gain":0.0,"event_name":"Scrap Ooze","player_choice":"Success","floor":5.0,"gold_loss":0.0,"damage_taken":18.0,"relics_obtained":["War Paint"]},{"damage_healed":0.0,"max_hp_gain":0.0,"max_hp_loss":0.0,"gold_gain":0.0,"event_name":"Ghosts","player_choice":"Ignored","floor":19.0,"gold_loss":0.0,"damage_taken":0.0},{"damage_healed":0.0,"max_hp_gain":0.0,"max_hp_loss":0.0,"gold_gain":0.0,"event_name":"Cursed Tome","player_choice":"Obtained Book","floor":22.0,"gold_loss":0.0,"damage_taken":21.0},{"cards_removed":["Strike_G"],"damage_healed":0.0,"max_hp_gain":0.0,"max_hp_loss":0.0,"gold_gain":0.0,"event_name":"Designer","player_choice":"Upgrade and Remove","floor":29.0,"gold_loss":110.0,"damage_taken":0.0,"cards_upgraded":["Strike_G"]},{"damage_healed":0.0,"max_hp_gain":0.0,"max_hp_loss":0.0,"gold_gain":0.0,"event_name":"Back to Basics","player_choice":"Simplicity","floor":31.0,"gold_loss":0.0,"damage_taken":0.0,"cards_upgraded":["Defend_G","Defend_G","Defend_G","Defend_G","Strike_G","Strike_G","Strike_G"]},{"damage_healed":0.0,"max_hp_gain":0.0,"max_hp_loss":0.0,"gold_gain":0.0,"event_name":"MindBloom","player_choice":"Fight","floor":39.0,"gold_loss":0.0,"damage_taken":0.0},{"damage_healed":0.0,"max_hp_gain":0.0,"max_hp_loss":0.0,"gold_gain":0.0,"event_name":"Tomb of Lord Red Mask","player_choice":"Paid","floor":44.0,"gold_loss":119.0,"damage_taken":0.0,"relics_obtained":["Red Mask"]}],"is_beta":false,"boss_relics":[{"not_picked":["Black Star","Runic Dome"],"picked":"Velvet Choker"},{"not_picked":["Fusion Hammer","Sozu"],"picked":"Tiny House"}],"items_purged_floors":[42],"is_endless":false,"potions_floor_spawned":[3,4,10,18,30,33,35,37,38],"ascension_level":17}