{"gold_per_floor":[113,130,130,130,147,147,173,173,173,41,74,74,93,105,105,207,207,221,146,146,161,161,190,190,201,201,201,217,67,96,96,96,192,192,206,259,0,16,29,29,45,76,103,115,145,175,4,4,4,4],"floor_reached":51,"playtime":6862,"items_purged":["Strike_R"],"score":761,"play_id":"5941d23c-5c21-468f-8a39-879475e12476","local_time":"20190129142915","is_ascension_mode":true,"campfire_choices":[{"data":"Havoc","floor":6.0,"key":"SMITH"},{"floor":8.0,"key":"REST"},{"data":"Seeing Red","floor":15.0,"key":"SMITH"},{"floor":27.0,"key":"REST"},{"floor":32.0,"key":"REST"},{"floor":40,"key":"REST"},{"data":"True Grit","floor":44,"key":"SMITH"},{"data":"Apotheosis","floor":49,"key":"SMITH"}],"neow_cost":"NONE","seed_source_timestamp":333554233230839,"circlet_count":0,"master_deck":["Strike_R","Defend_R","Defend_R+1","Defend_R","Defend_R","Bash","Havoc+1","Dark Embrace+1","Shrug It Off","Ghostly Armor","True Grit+1","Seeing Red+1","Armaments+1","Exhume","Exhume","True Grit+1","Havoc","Havoc+1","Apotheosis+1"],"special_seed":0,"relics":["Burning Blood","Dead Branch","Ginger","Ornamental Fan","Sozu","MutagenicStrength","Strawberry","Omamori","Juzu Bracelet","Orichalcum","Mark of Pain","Charon\u0027s Ashes","Red Mask","Bag of Preparation","MawBank"],"potions_floor_usage":[],"damage_taken":[{"damage":0.0,"enemies":"Small Slimes","floor":1.0,"turns":3.0},{"damage":20.0,"enemies":"Jaw Worm","floor":2.0,"turns":4.0},{"damage":2.0,"enemies":"Cultist","floor":5.0,"turns":4.0},{"damage":34.0,"enemies":"Lagavulin","floor":7.0,"turns":8.0},{"damage":4.0,"enemies":"3 Sentries","floor":11.0,"turns":8.0},{"damage":0.0,"enemies":"3 Louse","floor":13.0,"turns":3.0},{"damage":17.0,"enemies":"Large Slime","floor":14.0,"turns":9.0},{"damage":17.0,"enemies":"The Guardian","floor":16.0,"turns":11.0},{"damage":4.0,"enemies":"3 Byrds","floor":18.0,"turns":4.0},{"damage":13.0,"enemies":"Shell Parasite","floor":21.0,"turns":7.0},{"damage":18.0,"enemies":"Gremlin Leader","floor":23.0,"turns":6.0},{"damage":18.0,"enemies":"Centurion and Healer","floor":25.0,"turns":8.0},{"damage":4.0,"enemies":"Snecko","floor":28.0,"turns":5.0},{"damage":11.0,"enemies":"Slavers","floor":30.0,"turns":4.0},{"damage":39.0,"enemies":"Collector","floor":33.0,"turns":11.0},{"damage":11,"enemies":"3 Darklings","floor":35,"turns":5},{"damage":28,"enemies":"2 Orb Walkers","floor":36,"turns":5},{"damage":21,"enemies":"Orb Walker","floor":38,"turns":4},{"damage":21,"enemies":"Transient","floor":39,"turns":5},{"damage":0,"enemies":"Writhing Mass","floor":41,"turns":8},{"damage":0,"enemies":"Reptomancer","floor":42,"turns":3},{"damage":0,"enemies":"Sphere and 2 Shapes","floor":45,"turns":2},{"damage":0,"enemies":"3 Darklings","floor":46,"turns":2},{"damage":10,"enemies":"Donu and Deca","floor":50,"turns":7}],"seed_played":"2241494058246234566","potions_obtained":[{"floor":2.0,"key":"SneckoOil"},{"floor":7.0,"key":"Swift Potion"},{"floor":13.0,"key":"SkillPotion"},{"floor":16.0,"key":"EntropicBrew"}],"is_trial":false,"path_per_floor":["M","M","?","?","M","R","E","R","T","$","E","$","M","M","R","B",null,"M","?","?","M","?","E","?","M","T","R","M","$","E","T","R","B",null,"M","?","?","M","M","R","M","E","T","R","M","M","$","?","R","B",null],"character_chosen":"IRONCLAD","items_purchased":["Dark Embrace","Shrug It Off","Exhume","Apotheosis"],"campfire_rested":4,"item_purchase_floors":[10,10,29,47],"current_hp_per_floor":[80,66,66,50,54,54,26,50,50,50,52,52,58,47,47,36,80,80,80,80,73,73,68,51,39,39,66,68,68,63,63,90,57,92,87,65,65,50,35,62,68,74,74,74,80,86,86,86,86,82],"gold":4,"neow_bonus":"REMOVE_CARD","is_prod":false,"is_daily":false,"chose_seed":false,"campfire_upgraded":4,"win_rate":0,"timestamp":1548772155,"path_taken":["M","M","?","?","M","R","E","R","T","$","E","?","M","M","R","BOSS","M","?","?","?","?","E","?","M","T","R","M","$","E","?","R","BOSS","M","?","?","M","M","R","M","E","T","R","M","M","$","?","R","BOSS"],"build_version":"2019-01-23","purchased_purges":1,"victory":true,"max_hp_per_floor":[80,80,80,80,80,80,80,80,80,80,80,80,80,80,80,80,80,80,80,80,80,80,87,92,92,92,92,92,92,92,92,92,92,92,92,92,92,92,92,92,92,92,92,92,92,92,92,92,92,92],"card_choices":[{"not_picked":["Havoc","Twin Strike","Wild Strike"],"picked":"SKIP","floor":1.0},{"not_picked":["Armaments","Combust"],"picked":"Havoc","floor":2.0},{"not_picked":["Wild Strike","Hemokinesis","Thunderclap"],"picked":"SKIP","floor":5.0},{"not_picked":["Hemokinesis","Clash","Body Slam"],"picked":"SKIP","floor":7.0},{"not_picked":["Immolate","Bludgeon"],"picked":"Ghostly Armor","floor":11.0},{"not_picked":["Rupture","Perfected Strike"],"picked":"True Grit","floor":13.0},{"not_picked":["Evolve","Inflame"],"picked":"Seeing Red","floor":14.0},{"not_picked":["Pummel","Clash","Clothesline+1"],"picked":"SKIP","floor":18.0},{"not_picked":["Combust","Flex","Whirlwind"],"picked":"SKIP","floor":21.0},{"not_picked":["Warcry","Bloodletting","Sword Boomerang"],"picked":"SKIP","floor":23.0},{"not_picked":["Shrug It Off","Inflame"],"picked":"Armaments+1","floor":25.0},{"not_picked":["Iron Wave","True Grit","Hemokinesis"],"picked":"SKIP","floor":28.0},{"not_picked":["Power Through","Flame Barrier","Iron Wave"],"picked":"SKIP","floor":30.0},{"not_picked":["Double Tap","Bludgeon"],"picked":"Exhume","floor":33.0},{"not_picked":["Heavy Blade+1","Ghostly Armor","Warcry"],"picked":"SKIP","floor":35},{"not_picked":["Spot Weakness","Power Through"],"picked":"True Grit+1","floor":38},{"not_picked":["Bludgeon","Reckless Charge+1","Dual Wield"],"picked":"SKIP","floor":39},{"not_picked":["Cleave","Carnage"],"picked":"Havoc","floor":41},{"not_picked":["Battle Trance+1","Wild Strike"],"picked":"Havoc+1","floor":42},{"not_picked":["Heavy Blade+1","Corruption+1","Cleave"],"picked":"SKIP","floor":45},{"not_picked":["Iron Wave","Combust","Thunderclap+1"],"picked":"SKIP","floor":46}],"player_experience":236349,"relics_obtained":[{"floor":7.0,"key":"Dead Branch"},{"floor":9.0,"key":"Ginger"},{"floor":11.0,"key":"Ornamental Fan"},{"floor":23.0,"key":"Strawberry"},{"floor":26.0,"key":"Omamori"},{"floor":30.0,"key":"Juzu Bracelet"},{"floor":31.0,"key":"Orichalcum"},{"floor":36,"key":"Charon\u0027s Ashes"},{"floor":42,"key":"Bag of Preparation"},{"floor":43,"key":"MawBank"}],"event_choices":[{"damage_healed":0.0,"max_hp_gain":0.0,"max_hp_loss":0.0,"gold_gain":0.0,"event_name":"Liars Game","player_choice":"Ignored","floor":3.0,"gold_loss":0.0,"damage_taken":0.0},{"damage_healed":0.0,"max_hp_gain":0.0,"max_hp_loss":0.0,"gold_gain":0.0,"event_name":"Shining Light","player_choice":"Entered Light","floor":4.0,"gold_loss":0.0,"damage_taken":16.0,"cards_upgraded":["Strike_R","Defend_R"]},{"cards_removed":["Strike_R"],"damage_healed":0.0,"max_hp_gain":0.0,"max_hp_loss":0.0,"gold_gain":0.0,"event_name":"Beggar","player_choice":"Gave Gold","floor":19.0,"gold_loss":75.0,"damage_taken":0.0},{"damage_healed":0.0,"max_hp_gain":0.0,"max_hp_loss":0.0,"gold_gain":0.0,"event_name":"Accursed Blacksmith","player_choice":"Forge","floor":20.0,"gold_loss":0.0,"damage_taken":0.0,"cards_upgraded":["Dark Embrace"]},{"damage_healed":0.0,"max_hp_gain":0.0,"max_hp_loss":0.0,"gold_gain":0.0,"event_name":"Drug Dealer","player_choice":"Inject Mutagens","floor":22.0,"gold_loss":0.0,"damage_taken":0.0,"relics_obtained":["MutagenicStrength"]},{"damage_healed":0.0,"max_hp_gain":5.0,"max_hp_loss":0.0,"gold_gain":0.0,"event_name":"Forgotten Altar","player_choice":"Shed Blood","floor":24.0,"gold_loss":0.0,"damage_taken":22.0},{"damage_healed":0,"gold_gain":0,"player_choice":"Fight","damage_taken":0,"max_hp_gain":0,"max_hp_loss":0,"event_name":"Mysterious Sphere","floor":36,"gold_loss":0},{"damage_healed":0,"gold_gain":0,"player_choice":"Paid","damage_taken":0,"relics_obtained":["Red Mask"],"max_hp_gain":0,"max_hp_loss":0,"event_name":"Tomb of Lord Red Mask","floor":37,"gold_loss":259},{"cards_removed":["Strike_R"],"damage_healed":0,"gold_gain":0,"player_choice":"Removed Attack","damage_taken":0,"max_hp_gain":0,"max_hp_loss":0,"event_name":"Falling","floor":48,"gold_loss":0}],"is_beta":false,"boss_relics":[{"not_picked":["Black Blood","Ectoplasm"],"picked":"Sozu"},{"not_picked":["Coffee Dripper","Orrery"],"picked":"Mark of Pain"}],"items_purged_floors":[29],"is_endless":false,"potions_floor_spawned":[2,7,13,16,18,23,33,35,39,41,42,45,46],"ascension_level":1}