{"gold_per_floor":[116,116,216,231,246,275,275,288,288,308,324,342,342,342,342,465,465,483,483,508,522,43,43,78,93,93,93,108,108,133,148,148,148],"floor_reached":33,"playtime":968,"items_purged":["Defend_R"],"score":271,"play_id":"698eab47-f616-468c-a995-7db4419d8335","local_time":"20190116231744","is_ascension_mode":false,"campfire_choices":[{"data":"Combust","floor":7,"key":"SMITH"},{"data":"Fire Breathing","floor":13,"key":"SMITH"},{"data":"Rampage","floor":15,"key":"SMITH"},{"data":"Sword Boomerang","floor":23,"key":"SMITH"},{"floor":27,"key":"DIG"},{"floor":29,"key":"REST"},{"floor":32,"key":"DIG"}],"neow_cost":"NONE","seed_source_timestamp":108392960245514,"circlet_count":0,"master_deck":["Strike_R","Strike_R","Strike_R","Strike_R+1","Strike_R","Defend_R","Defend_R","Defend_R","Bash+1","Iron Wave","Rampage+1","Combust+1","Flex","Sword Boomerang+1","Fire Breathing+1","Intimidate","Headbutt","Immolate+1","Anger","Cleave+1"],"relics":["Burning Blood","NeowsBlessing","Lantern","Letter Opener","Odd Mushroom","Golden Idol","Busted Crown","Shovel","Whetstone","Singing Bowl","Dead Branch","Molten Egg 2","Regal Pillow","Bottled Flame"],"potions_floor_usage":[6,16,16,33,33],"damage_taken":[{"damage":0,"enemies":"Small Slimes","floor":1,"turns":1},{"damage":0,"enemies":"2 Louse","floor":4,"turns":1},{"damage":0,"enemies":"Cultist","floor":5,"turns":1},{"damage":12,"enemies":"Gremlin Nob","floor":6,"turns":4},{"damage":15,"enemies":"Exordium Wildlife","floor":8,"turns":3},{"damage":19,"enemies":"The Mushroom Lair","floor":10,"turns":3},{"damage":12,"enemies":"Blue Slaver","floor":11,"turns":3},{"damage":5,"enemies":"3 Louse","floor":12,"turns":3},{"damage":40,"enemies":"Hexaghost","floor":16,"turns":7},{"damage":17,"enemies":"2 Thieves","floor":18,"turns":3},{"damage":1,"enemies":"Chosen","floor":20,"turns":3},{"damage":3,"enemies":"Snecko","floor":21,"turns":3},{"damage":30,"enemies":"Book of Stabbing","floor":24,"turns":4},{"damage":15,"enemies":"3 Cultists","floor":25,"turns":3},{"damage":23,"enemies":"Shelled Parasite and Fungi","floor":28,"turns":4},{"damage":31,"enemies":"Sentry and Sphere","floor":30,"turns":4},{"damage":1,"enemies":"3 Cultists","floor":31,"turns":3},{"damage":64,"enemies":"Champ","floor":33,"turns":7}],"seed_played":"1084490413386861127","potions_obtained":[{"floor":6,"key":"Fruit Juice"},{"floor":11,"key":"EssenceOfSteel"},{"floor":12,"key":"LiquidBronze"},{"floor":16,"key":"Dexterity Potion"},{"floor":18,"key":"SmokeBomb"},{"floor":21,"key":"Weak Potion"},{"floor":25,"key":"BloodPotion"},{"floor":31,"key":"Strength Potion"}],"is_trial":false,"path_per_floor":["M","?","?","M","M","E","R","M","T","?","M","M","R","?","R","B",null,"M","?","M","M","$","R","E","M","T","R","M","R","M","M","R","B"],"character_chosen":"IRONCLAD","items_purchased":["Whetstone","Singing Bowl"],"campfire_rested":1,"item_purchase_floors":[22,22],"current_hp_per_floor":[80,80,80,80,80,79,79,70,70,57,51,52,52,52,52,18,79,68,68,73,76,76,76,54,47,47,47,32,72,49,56,56,0],"gold":148,"neow_bonus":"THREE_ENEMY_KILL","is_prod":false,"is_daily":false,"chose_seed":false,"campfire_upgraded":4,"win_rate":0,"timestamp":1547677064,"path_taken":["M","?","?","?","M","E","R","M","T","?","M","M","R","?","R","BOSS","M","?","M","M","$","R","E","M","T","R","M","R","M","M","R","BOSS"],"build_version":"2019-01-10","purchased_purges":1,"victory":false,"max_hp_per_floor":[80,80,80,80,80,85,85,85,85,85,85,85,85,79,79,79,79,79,79,79,79,79,79,81,83,83,83,85,85,87,89,89,89],"card_choices":[{"not_picked":["Flex","Heavy Blade"],"picked":"Iron Wave","floor":1},{"not_picked":["Clothesline","Combust"],"picked":"Rampage","floor":4},{"not_picked":["Blood for Blood","Sever Soul"],"picked":"Combust","floor":5},{"not_picked":["Rage","Clash"],"picked":"Flex","floor":6},{"not_picked":["Warcry","Havoc"],"picked":"Sword Boomerang","floor":8},{"not_picked":["Warcry","Iron Wave"],"picked":"Fire Breathing","floor":10},{"not_picked":["Rupture","Dropkick"],"picked":"Intimidate","floor":11},{"not_picked":["Feel No Pain","True Grit"],"picked":"Headbutt","floor":12},{"not_picked":["Demon Form","Fiend Fire"],"picked":"Immolate","floor":16},{"not_picked":[],"picked":"Anger","floor":18},{"not_picked":[],"picked":"Cleave+1","floor":20},{"not_picked":["Clash"],"picked":"SKIP","floor":21},{"not_picked":["Second Wind"],"picked":"Singing Bowl","floor":24},{"not_picked":["Body Slam"],"picked":"Singing Bowl","floor":25},{"not_picked":["Dropkick+1"],"picked":"Singing Bowl","floor":28},{"not_picked":["Thunderclap+1"],"picked":"Singing Bowl","floor":30},{"not_picked":["Intimidate+1"],"picked":"Singing Bowl","floor":31}],"player_experience":898499,"relics_obtained":[{"floor":6,"key":"Lantern"},{"floor":9,"key":"Letter Opener"},{"floor":10,"key":"Odd Mushroom"},{"floor":24,"key":"Dead Branch"},{"floor":26,"key":"Molten Egg 2"},{"floor":27,"key":"Regal Pillow"},{"floor":32,"key":"Bottled Flame"}],"event_choices":[{"damage_healed":0,"gold_gain":0,"player_choice":"Grow","damage_taken":0,"max_hp_gain":0,"max_hp_loss":0,"event_name":"Living Wall","floor":2,"gold_loss":0,"cards_upgraded":["Bash"]},{"damage_healed":0,"gold_gain":100,"player_choice":"Pray","damage_taken":0,"max_hp_gain":0,"max_hp_loss":0,"event_name":"Golden Shrine","floor":3,"gold_loss":0},{"damage_healed":0,"gold_gain":0,"player_choice":"Fought Mushrooms","damage_taken":0,"max_hp_gain":0,"max_hp_loss":0,"event_name":"Mushrooms","floor":10,"gold_loss":0},{"damage_healed":0,"gold_gain":0,"player_choice":"Lose Max HP","damage_taken":0,"relics_obtained":["Golden Idol"],"max_hp_gain":0,"max_hp_loss":6,"event_name":"Golden Idol","floor":14,"gold_loss":0},{"damage_healed":0,"gold_gain":0,"player_choice":"Opened","damage_taken":0,"relics_obtained":["Shovel"],"max_hp_gain":0,"max_hp_loss":0,"event_name":"The Mausoleum","floor":19,"gold_loss":0}],"is_beta":false,"boss_relics":[{"not_picked":["White Beast Statue","Calling Bell"],"picked":"Busted Crown"}],"items_purged_floors":[22],"is_endless":false,"potions_floor_spawned":[6,11,12,16,18,21,25,31],"killed_by":"Champ","ascension_level":0}