{"gold_per_floor":[115,190,190,200,213,213,225,225,252,252,266,286,296,311,311,411,411,426,446,463,479,479,479,479,479,479,479],"floor_reached":27,"playtime":2917,"items_purged":[],"score":234,"play_id":"1e8f0942-0645-4045-b294-2baa352219ef","local_time":"20190202163704","is_ascension_mode":false,"campfire_choices":[{"floor":6,"key":"REST"},{"data":"Rampage","floor":15,"key":"SMITH"},{"floor":23,"key":"REST"}],"neow_cost":"NONE","seed_source_timestamp":4867211560370,"circlet_count":0,"master_deck":["Defend_R","Defend_R","Defend_R","Defend_R","Bash+1","Rampage","Iron Wave","Headbutt+1","Iron Wave","Rampage+1","Pommel Strike","Cleave","Warcry","Double Tap","Metallicize","Disarm","Shrug It Off","Iron Wave+1","Bite","Bite","Bite","Bite","Bite"],"relics":["Burning Blood","Juzu Bracelet","Strawberry","Cursed Key","Vajra"],"potions_floor_usage":[16,16],"damage_taken":[{"damage":11,"enemies":"2 Louse","floor":1,"turns":3},{"damage":11,"enemies":"Jaw Worm","floor":4,"turns":2},{"damage":5,"enemies":"Small Slimes","floor":5,"turns":4},{"damage":9,"enemies":"2 Fungi Beasts","floor":7,"turns":3},{"damage":18,"enemies":"Large Slime","floor":11,"turns":6},{"damage":9,"enemies":"Blue Slaver","floor":12,"turns":3},{"damage":1,"enemies":"Exordium Wildlife","floor":13,"turns":3},{"damage":0,"enemies":"Large Slime","floor":14,"turns":4},{"damage":32,"enemies":"Hexaghost","floor":16,"turns":9},{"damage":26,"enemies":"2 Thieves","floor":18,"turns":4},{"damage":14,"enemies":"3 Byrds","floor":19,"turns":5},{"damage":25,"enemies":"Sentry and Sphere","floor":20,"turns":5},{"damage":25,"enemies":"Snake Plant","floor":21,"turns":4},{"damage":64,"enemies":"Slavers","floor":27,"turns":4}],"seed_played":"8911733587938650246","potions_obtained":[{"floor":5,"key":"SteroidPotion"},{"floor":7,"key":"Strength Potion"},{"floor":13,"key":"Block Potion"},{"floor":14,"key":"Regen Potion"},{"floor":16,"key":"Explosive Potion"},{"floor":18,"key":"SkillPotion"},{"floor":20,"key":"Regen Potion"}],"is_trial":false,"path_per_floor":["M","?","?","M","M","R","M","?","T","?","M","M","M","M","R","B",null,"M","M","M","M","?","R","?","?","T","E"],"character_chosen":"IRONCLAD","items_purchased":[],"campfire_rested":2,"item_purchase_floors":[],"current_hp_per_floor":[75,64,61,56,57,80,77,77,84,67,55,52,57,63,63,52,87,67,59,40,21,21,39,59,59,59,0],"gold":479,"neow_bonus":"UPGRADE_CARD","is_prod":false,"is_daily":false,"chose_seed":false,"campfire_upgraded":1,"win_rate":0.0,"timestamp":1549147024,"path_taken":["M","?","?","M","M","R","M","?","T","?","M","M","M","M","R","BOSS","M","M","M","M","?","R","?","?","T","E"],"build_version":"2019-01-23","purchased_purges":0,"victory":false,"max_hp_per_floor":[80,80,80,80,80,80,80,80,87,87,87,87,87,87,87,87,87,87,87,87,87,60,60,60,60,60,60],"card_choices":[{"not_picked":["Sword Boomerang","Perfected Strike"],"picked":"Rampage","floor":1},{"not_picked":["Sword Boomerang","Burning Pact"],"picked":"Iron Wave","floor":4},{"not_picked":["Entrench","True Grit"],"picked":"Headbutt","floor":5},{"not_picked":["Armaments","Clash"],"picked":"Iron Wave","floor":7},{"not_picked":["Anger","Body Slam"],"picked":"Rampage","floor":11},{"not_picked":["Anger","True Grit"],"picked":"Pommel Strike","floor":12},{"not_picked":["Hemokinesis","Impervious"],"picked":"Cleave","floor":13},{"not_picked":["Second Wind","True Grit"],"picked":"Warcry","floor":14},{"not_picked":["Offering","Impervious"],"picked":"Double Tap","floor":16},{"not_picked":["Cleave","Warcry"],"picked":"Metallicize","floor":18},{"not_picked":["Sever Soul","Sword Boomerang"],"picked":"Disarm","floor":19},{"not_picked":["Perfected Strike+1","Dual Wield"],"picked":"Shrug It Off","floor":20},{"not_picked":["Armaments+1","Twin Strike+1"],"picked":"Iron Wave+1","floor":21}],"player_experience":4291,"relics_obtained":[{"floor":9,"key":"Strawberry"}],"event_choices":[{"damage_healed":0,"gold_gain":75,"player_choice":"Gather Gold","damage_taken":11,"max_hp_gain":0,"max_hp_loss":0,"event_name":"World of Goop","floor":2,"gold_loss":0},{"damage_healed":0,"gold_gain":0,"player_choice":"Success","damage_taken":3,"relics_obtained":["Juzu Bracelet"],"max_hp_gain":0,"max_hp_loss":0,"event_name":"Scrap Ooze","floor":3,"gold_loss":0},{"damage_healed":0,"gold_gain":0,"player_choice":"Ignored","damage_taken":0,"max_hp_gain":0,"max_hp_loss":0,"event_name":"Liars Game","floor":8,"gold_loss":0},{"damage_healed":0,"gold_gain":0,"player_choice":"Entered Light","damage_taken":17,"max_hp_gain":0,"max_hp_loss":0,"event_name":"Shining Light","floor":10,"gold_loss":0,"cards_upgraded":["Headbutt","Strike_R"]},{"damage_healed":0,"gold_gain":0,"player_choice":"Became a vampire","damage_taken":0,"max_hp_gain":0,"max_hp_loss":27,"event_name":"Vampires","floor":22,"gold_loss":0,"cards_obtained":["Bite","Bite","Bite","Bite","Bite"]},{"damage_healed":20,"gold_gain":0,"player_choice":"Heal","damage_taken":0,"max_hp_gain":0,"max_hp_loss":0,"event_name":"The Library","floor":24,"gold_loss":0},{"damage_healed":0,"gold_gain":0,"player_choice":"Opened","damage_taken":0,"relics_obtained":["Vajra"],"max_hp_gain":0,"max_hp_loss":0,"event_name":"The Mausoleum","floor":25,"gold_loss":0}],"is_beta":false,"boss_relics":[{"not_picked":["Busted Crown","Snecko Eye"],"picked":"Cursed Key"}],"items_purged_floors":[],"is_endless":false,"potions_floor_spawned":[5,7,13,14,16,18,20],"killed_by":"Slavers","ascension_level":0}