{"gold_per_floor":[113,124,137,62,74,107,107,107,159,159,159,185,213,245,257,269],"floor_reached":16,"playtime":1613,"items_purged":["Strike_G"],"score":138,"play_id":"5895f88a-e513-482a-904c-130c5b9a8208","local_time":"20190203112526","is_ascension_mode":true,"campfire_choices":[{"data":"Neutralize","floor":7,"key":"SMITH"},{"floor":10,"key":"REST"},{"floor":15,"key":"REST"}],"neow_cost":"NONE","seed_source_timestamp":0,"circlet_count":0,"master_deck":["Defend_G","Defend_G","Defend_G","Defend_G","Defend_G","Strike_G","Strike_G","Strike_G","Survivor","Neutralize+1","Flying Knee","Quick Slash","Acrobatics","Poisoned Stab","PiercingWail","Cloak And Dagger"],"special_seed":0,"relics":["Ring of the Snake","Paper Crane","Omamori","Bag of Preparation","Blood Vial","MawBank"],"potions_floor_usage":[],"damage_taken":[{"damage":0.0,"enemies":"Cultist","floor":1.0,"turns":5.0},{"damage":0.0,"enemies":"2 Louse","floor":2.0,"turns":2.0},{"damage":1.0,"enemies":"Jaw Worm","floor":3.0,"turns":4.0},{"damage":17.0,"enemies":"Gremlin Gang","floor":5.0,"turns":6.0},{"damage":37,"enemies":"3 Sentries","floor":6,"turns":14},{"damage":14,"enemies":"Lagavulin","floor":13,"turns":7},{"damage":0,"enemies":"3 Louse","floor":14,"turns":3},{"damage":63,"enemies":"The Guardian","floor":16,"turns":19}],"seed_played":"9166938145252884502","potions_obtained":[{"floor":6,"key":"Dexterity Potion"},{"floor":14,"key":"Swift Potion"}],"is_trial":false,"path_per_floor":["M","M","M","$","M","E","R","?","T","R","?","T","E","M","R","B"],"character_chosen":"THE_SILENT","items_purchased":[],"campfire_rested":2,"item_purchase_floors":[],"current_hp_per_floor":[70,70,69,69,52,15,15,15,15,36,36,36,24,26,47,0],"gold":269,"neow_bonus":"REMOVE_CARD","is_prod":false,"is_daily":false,"chose_seed":false,"campfire_upgraded":1,"win_rate":0,"timestamp":1549214726,"path_taken":["M","M","M","$","M","E","R","?","T","R","?","?","E","?","R","BOSS"],"build_version":"2019-01-23","purchased_purges":1,"victory":false,"max_hp_per_floor":[70,70,70,70,70,70,70,70,70,70,70,70,70,70,70,70],"card_choices":[{"not_picked":["Sucker Punch","Underhanded Strike","Bane"],"picked":"SKIP","floor":1.0},{"not_picked":["Finisher","Masterful Stab"],"picked":"Flying Knee","floor":2.0},{"not_picked":["Calculated Gamble","Slice"],"picked":"Quick Slash","floor":3.0},{"not_picked":["Prepared","Tactician"],"picked":"Acrobatics","floor":5.0},{"not_picked":["Concentrate","Caltrops"],"picked":"Poisoned Stab","floor":6},{"not_picked":["Dagger Spray","Quick Slash"],"picked":"PiercingWail","floor":13},{"not_picked":["Malaise","Outmaneuver"],"picked":"Cloak And Dagger","floor":14}],"player_experience":449919,"relics_obtained":[{"floor":6,"key":"Paper Crane"},{"floor":9,"key":"Omamori"},{"floor":12,"key":"Blood Vial"},{"floor":13,"key":"MawBank"}],"event_choices":[{"damage_healed":0,"gold_gain":0,"player_choice":"Ignored","damage_taken":0,"max_hp_gain":0,"max_hp_loss":0,"event_name":"Golden Idol","floor":8,"gold_loss":0},{"damage_healed":0,"gold_gain":0,"player_choice":"Searched \u00272\u0027 times","damage_taken":0,"relics_obtained":["Bag of Preparation"],"max_hp_gain":0,"max_hp_loss":0,"event_name":"Dead Adventurer","floor":11,"gold_loss":0}],"is_beta":false,"boss_relics":[],"items_purged_floors":[4],"is_endless":false,"potions_floor_spawned":[6,14],"killed_by":"The Guardian","ascension_level":5}