{"gold_per_floor":[110,129,129,129,154,154,182,182,254,270,301,311,311,321,321,420,420,436,453,39,39,39,39,0,0,81,96,21,120,133,187,187,289,289,303,43,55,55,67,67,29,29,76,95,115,28,28,39,39,39],"floor_reached":50,"playtime":3341,"items_purged":["Strike_B"],"score":450,"play_id":"46469076-d610-4fd5-88de-a8cdf7dd4f54","local_time":"20180702214813","is_ascension_mode":false,"campfire_choices":[{"floor":6.0,"key":"DIG"},{"floor":8.0,"key":"REST"},{"floor":13,"key":"REST"},{"floor":15,"key":"DIG"},{"floor":23,"key":"DIG"},{"floor":25,"key":"DIG"},{"floor":32,"key":"REST"},{"data":"Electrodynamics","floor":40,"key":"SMITH"},{"data":"Static Discharge","floor":42,"key":"SMITH"},{"floor":47,"key":"DIG"},{"floor":49,"key":"REST"}],"neow_cost":"","seed_source_timestamp":0,"circlet_count":0,"master_deck":["Defend_B+1","Defend_B+1","Zap","Dualcast","Redo","Barrage","White Noise+1","Consume+1","Conserve Battery+1","Electrodynamics+1","Static Discharge+1","Multi-Cast+1","BootSequence+1","Glacier+1","Static Discharge+1"],"special_seed":0,"relics":["Cracked Core","Shovel","Oddly Smooth Stone","Calipers","Boot","Toxic Egg 2","Du-Vu Doll","Pear","Empty Cage","Ice Cream","Kunai","War Paint","Gremlin Horn","Happy Flower","Busted Crown","Frozen Egg 2","Omamori","Orichalcum"],"potions_floor_usage":[16,33,33,45,50,50,50],"damage_taken":[{"damage":1.0,"enemies":"2 Louse","floor":1.0,"turns":2.0},{"damage":1.0,"enemies":"Jaw Worm","floor":2.0,"turns":3.0},{"damage":16.0,"enemies":"Lagavulin","floor":7.0,"turns":8.0},{"damage":0.0,"enemies":"Small Slimes","floor":10.0,"turns":3.0},{"damage":24.0,"enemies":"Gremlin Nob","floor":11.0,"turns":4.0},{"damage":2.0,"enemies":"Looter","floor":12.0,"turns":2.0},{"damage":0,"enemies":"Large Slime","floor":14,"turns":3},{"damage":60,"enemies":"Hexaghost","floor":16,"turns":10},{"damage":12,"enemies":"2 Thieves","floor":18,"turns":3},{"damage":12,"enemies":"Spheric Guardian","floor":19,"turns":4},{"damage":15,"enemies":"Snake Plant","floor":27,"turns":4},{"damage":14,"enemies":"Centurion and Healer","floor":30,"turns":4},{"damage":10,"enemies":"Automaton","floor":33,"turns":11},{"damage":11,"enemies":"3 Shapes","floor":35,"turns":2},{"damage":3,"enemies":"3 Darklings","floor":37,"turns":3},{"damage":0,"enemies":"Sphere and 2 Shapes","floor":39,"turns":2},{"damage":0,"enemies":"Maw","floor":44,"turns":10},{"damage":0,"enemies":"3 Darklings","floor":45,"turns":4},{"damage":0,"enemies":"4 Shapes","floor":48,"turns":2},{"damage":95,"enemies":"Awakened One","floor":50,"turns":11}],"seed_played":"-834106529559274047","potions_obtained":[{"floor":2.0,"key":"Strength Potion"},{"floor":12,"key":"Block Potion"},{"floor":16,"key":"PowerPotion"},{"floor":18,"key":"SteroidPotion"},{"floor":27,"key":"Explosive Potion"},{"floor":30,"key":"Weak Potion"},{"floor":35,"key":"Poison Potion"},{"floor":37,"key":"SteroidPotion"},{"floor":48,"key":"SkillPotion"}],"is_trial":false,"path_per_floor":["M","M","?","?","T","R","E","R","T","M","E","M","R","M","R","B",null,"M","M","$","?","$","R","?","R","T","M","?","?","M","T","R","B",null,"M","$","M","?","M","R","$","R","T","M","M","$","R","M","R"],"character_chosen":"DEFECT","items_purchased":["Ice Cream","Static Discharge","Frozen Egg 2","Glacier+1","Static Discharge+1","Weak Potion"],"campfire_rested":4,"item_purchase_floors":[20,20,36,41,46,46],"current_hp_per_floor":[74,73,70,63,63,63,47,69,69,69,45,43,65,65,75,15,85,73,61,61,61,61,61,61,61,61,46,46,46,32,32,57,47,85,74,74,71,71,71,71,71,71,71,71,71,71,71,71,85,0],"gold":39,"neow_bonus":"","is_prod":false,"is_daily":false,"chose_seed":false,"campfire_upgraded":2,"win_rate":0,"timestamp":1530564493,"path_taken":["M","M","?","?","?","R","E","R","T","M","E","M","R","M","R","BOSS","M","M","$","?","$","R","?","R","T","M","?","?","?","?","R","BOSS","M","$","M","?","M","R","?","R","T","M","?","$","R","M","R","BOSS"],"build_version":"2018-06-28","purchased_purges":1,"victory":false,"max_hp_per_floor":[75,75,75,75,75,75,75,75,75,75,75,75,75,75,85,85,85,85,85,85,85,85,85,85,85,85,85,85,85,85,85,85,85,85,85,85,85,85,85,85,85,85,85,85,85,85,85,85,85,85],"card_choices":[{"not_picked":["Doom and Gloom","Barrage"],"picked":"Redo","floor":1.0},{"not_picked":["Leap","Coolheaded"],"picked":"Cold Snap","floor":2.0},{"not_picked":["Go for the Eyes","Steam"],"picked":"Barrage","floor":7.0},{"not_picked":["Aggregate+1","Gash"],"picked":"White Noise+1","floor":10.0},{"not_picked":["Scrape","Force Field+1","Self Repair"],"picked":"SKIP","floor":11.0},{"not_picked":["Turbo+1","Doom and Gloom"],"picked":"Consume+1","floor":12},{"not_picked":["Consume+1","Heatsinks"],"picked":"Conserve Battery+1","floor":14},{"not_picked":["Seek+1","Reboot+1"],"picked":"Electrodynamics","floor":16},{"not_picked":["Reprogram+1","Cold Snap","Steam+1"],"picked":"SKIP","floor":18},{"not_picked":["Rebound+1","Scrape+1","Stack+1"],"picked":"SKIP","floor":19},{"not_picked":["Melter","Steam+1","Leap+1"],"picked":"SKIP","floor":27},{"not_picked":["Blizzard","Cold Snap+1","Storm"],"picked":"SKIP","floor":30},{"not_picked":["Seek+1","Biased Cognition"],"picked":"Multi-Cast+1","floor":33},{"not_picked":[],"picked":"BootSequence+1","floor":35},{"not_picked":["Beam Cell"],"picked":"SKIP","floor":37},{"not_picked":["Go for the Eyes"],"picked":"SKIP","floor":39},{"not_picked":["Genetic Algorithm+1"],"picked":"SKIP","floor":44},{"not_picked":["Lockon"],"picked":"SKIP","floor":45},{"not_picked":["Ball Lightning"],"picked":"SKIP","floor":48},{"not_picked":["Ball Lightning"],"picked":"SKIP","floor":48}],"player_experience":209655,"relics_obtained":[{"floor":5.0,"key":"Oddly Smooth Stone"},{"floor":6.0,"key":"Calipers"},{"floor":7.0,"key":"Boot"},{"floor":9.0,"key":"Toxic Egg 2"},{"floor":11.0,"key":"Du-Vu Doll"},{"floor":15,"key":"Pear"},{"floor":23,"key":"Kunai"},{"floor":25,"key":"War Paint"},{"floor":26,"key":"Gremlin Horn"},{"floor":31,"key":"Happy Flower"},{"floor":43,"key":"Omamori"},{"floor":47,"key":"Orichalcum"}],"event_choices":[{"event_name":"Scrap Ooze","player_choice":"success","floor":3.0,"damage_taken":3.0},{"event_name":"Golden Wing","player_choice":"Card Removal","floor":4.0,"damage_taken":0.0},{"event_name":"Cursed Tome","player_choice":"Ignored","floor":21,"damage_taken":0},{"event_name":"Masked Bandits","player_choice":"Paid Bandits 39 gold","floor":24,"damage_taken":0},{"event_name":"Beggar","player_choice":"Gave Gold","floor":28,"damage_taken":0},{"event_name":"Nest","player_choice":"Stole From Cult","floor":29,"damage_taken":0},{"event_name":"Falling","player_choice":"Removed Attack","floor":38,"damage_taken":0}],"boss_relics":[{"not_picked":["Snecko Eye","Calling Bell"],"picked":"Empty Cage"},{"not_picked":["Nuclear Battery","Orrery"],"picked":"Busted Crown"}],"items_purged_floors":[20],"is_endless":false,"potions_floor_spawned":[2,12,16,18,27,30,35,37,48],"killed_by":"Awakened One","ascension_level":0}