{"gold_per_floor":[110,110,22,22,41,73,73,107,131,141,155,155,31,31,31,103,103,117,117,34,34,34,34,46,46,46,46,76,26,26],"floor_reached":30,"playtime":1121,"items_purged":["Strike_G","Strike_G"],"score":501,"play_id":"f8e61d13-83a4-4694-a13c-014f5f4c84d8","local_time":"20190123181754","is_ascension_mode":true,"campfire_choices":[{"data":"Poisoned Stab","floor":7.0,"key":"SMITH"},{"floor":12,"key":"REST"},{"floor":15,"key":"REST"},{"data":"A Thousand Cuts","floor":23,"key":"SMITH"}],"neow_cost":"NONE","seed_source_timestamp":101437941913088,"circlet_count":0,"master_deck":["AscendersBane","Defend_G","Defend_G","Defend_G+1","Defend_G","Defend_G","Strike_G+1","Strike_G","Strike_G","Survivor","Neutralize+1","All Out Attack","Footwork","Poisoned Stab+1","Backflip","Dodge and Roll","Well Laid Plans","A Thousand Cuts+1","Necronomicurse","Leg Sweep"],"special_seed":0,"relics":["Ring of the Snake","NeowsBlessing","Bag of Preparation","Mango","Smiling Mask","Unceasing Top","Juzu Bracelet","Busted Crown","Necronomicon","Molten Egg 2","Happy Flower","Tiny Chest"],"potions_floor_usage":[18],"damage_taken":[{"damage":0.0,"enemies":"Jaw Worm","floor":1.0,"turns":1.0},{"damage":0.0,"enemies":"Cultist","floor":5.0,"turns":1.0},{"damage":0.0,"enemies":"Gremlin Nob","floor":6.0,"turns":1.0},{"damage":33.0,"enemies":"3 Sentries","floor":8.0,"turns":8.0},{"damage":5.0,"enemies":"Small Slimes","floor":10.0,"turns":4.0},{"damage":5,"enemies":"3 Louse","floor":11,"turns":6},{"damage":22,"enemies":"The Guardian","floor":16,"turns":17},{"damage":14,"enemies":"2 Thieves","floor":18,"turns":5},{"damage":2,"enemies":"Shell Parasite","floor":24,"turns":10},{"damage":27,"enemies":"Gremlin Leader","floor":30,"turns":3}],"seed_played":"-4634658261214386119","potions_obtained":[{"floor":1.0,"key":"Swift Potion"},{"floor":11,"key":"FearPotion"},{"floor":16,"key":"Explosive Potion"}],"is_trial":false,"path_per_floor":["?","$","?","?","?","?","$","T","?","T"],"character_chosen":"THE_SILENT","items_purchased":["Footwork","Well Laid Plans","Leg Sweep"],"campfire_rested":2,"item_purchase_floors":[3,13,20],"current_hp_per_floor":[59,59,59,47,47,47,47,14,14,9,4,28,28,4,28,6,62,48,27,27,27,27,27,25,25,25,25,25,25,0],"gold":26,"neow_bonus":"THREE_ENEMY_KILL","is_prod":false,"is_daily":false,"chose_seed":false,"campfire_upgraded":2,"win_rate":0,"timestamp":1548263874,"path_taken":["M","?","?","?","M","E","R","E","T","M","M","R","$","?","R","BOSS","M","?","$","?","?","R","M","?","T","?","?","$","E"],"build_version":"2019-01-23","purchased_purges":2,"victory":false,"max_hp_per_floor":[66,66,66,80,80,80,80,80,80,80,80,80,80,80,80,80,80,80,80,80,80,80,80,80,80,80,80,80,80,80],"card_choices":[{"not_picked":["Blade Dance","Accuracy"],"picked":"All Out Attack","floor":1.0},{"not_picked":["Flying Knee","Bane"],"picked":"Poisoned Stab","floor":5.0},{"not_picked":["Slice","Flying Knee","Cloak And Dagger"],"picked":"SKIP","floor":6.0},{"not_picked":["Sucker Punch","Dagger Spray","Choke"],"picked":"SKIP","floor":8.0},{"not_picked":["Sucker Punch","Poisoned Stab"],"picked":"Backflip","floor":10.0},{"not_picked":["Caltrops","Cloak And Dagger"],"picked":"Dodge and Roll","floor":11},{"not_picked":["Glass Knife","Adrenaline"],"picked":"A Thousand Cuts","floor":16},{"not_picked":["Slice"],"picked":"SKIP","floor":18},{"not_picked":["Quick Slash+1"],"picked":"SKIP","floor":24}],"player_experience":987839,"relics_obtained":[{"floor":6.0,"key":"Smiling Mask"},{"floor":8.0,"key":"Unceasing Top"},{"floor":9.0,"key":"Juzu Bracelet"},{"floor":19,"key":"Necronomicon"},{"floor":25,"key":"Molten Egg 2"},{"floor":26,"key":"Happy Flower"},{"floor":28,"key":"Tiny Chest"}],"event_choices":[{"damage_healed":0.0,"max_hp_gain":0.0,"max_hp_loss":0.0,"gold_gain":0.0,"event_name":"WeMeetAgain","player_choice":"Gave Potion","floor":2.0,"gold_loss":0.0,"damage_taken":0.0,"relics_obtained":["Bag of Preparation"]},{"damage_healed":0.0,"max_hp_gain":0.0,"max_hp_loss":0.0,"gold_gain":0.0,"event_name":"Scrap Ooze","player_choice":"Success","floor":4.0,"gold_loss":0.0,"damage_taken":26.0,"relics_obtained":["Mango"]},{"damage_healed":0,"gold_gain":0,"player_choice":"Entered Light","damage_taken":24,"max_hp_gain":0,"max_hp_loss":0,"event_name":"Shining Light","floor":14,"gold_loss":0,"cards_upgraded":["Defend_G","Strike_G"]},{"damage_healed":0,"gold_gain":0,"player_choice":"Obtained Book","damage_taken":21,"max_hp_gain":0,"max_hp_loss":0,"event_name":"Cursed Tome","floor":19,"gold_loss":0},{"damage_healed":0,"gold_gain":0,"player_choice":"Ignored","damage_taken":0,"max_hp_gain":0,"max_hp_loss":0,"event_name":"Beggar","floor":21,"gold_loss":0},{"damage_healed":0,"gold_gain":0,"player_choice":"Upgraded","damage_taken":0,"max_hp_gain":0,"max_hp_loss":0,"event_name":"Upgrade Shrine","floor":27,"gold_loss":0,"cards_upgraded":["Neutralize"]}],"is_beta":false,"boss_relics":[{"not_picked":["Black Star","Lizard Tail"],"picked":"Busted Crown"}],"items_purged_floors":[13,29],"is_endless":false,"potions_floor_spawned":[1,11,16],"killed_by":"Gremlin Leader","ascension_level":19}