{"gold_per_floor":[117,47,47,47,63,63,95,108,108,127,127,146,146,164,164,262,262,276,290,64,64,83,112,112,125,179,204,303,314,314],"floor_reached":30,"playtime":1970,"items_purged":[],"score":354,"play_id":"d4ad2084-4158-48c7-9c93-dadba5cb5c02","local_time":"20190114223535","is_ascension_mode":true,"campfire_choices":[{"data":"Zap","floor":6.0,"key":"SMITH"},{"data":"Sunder","floor":11.0,"key":"SMITH"},{"data":"Electrodynamics","floor":13.0,"key":"SMITH"},{"data":"Capacitor","floor":15.0,"key":"SMITH"}],"neow_cost":"NONE","seed_source_timestamp":41799287796031,"circlet_count":0,"master_deck":["Strike_B","Strike_B","Strike_B","Strike_B","Defend_B","Defend_B+1","Defend_B+1","Defend_B","Zap+1","Dualcast+1","Electrodynamics+1","Steam+1","Capacitor+1","Sunder+1","Streamline","Coolheaded","Conserve Battery","Core Surge","Seek","Darkness+1","Go for the Eyes","Chaos","Sweeping Beam","Consume","Cold Snap","Scrape"],"special_seed":0,"relics":["Cracked Core","Bottled Flame","Strawberry","Fusion Hammer","Juzu Bracelet","War Paint","Tiny Chest","Orichalcum"],"potions_floor_usage":[16,21,21,27,27,30],"damage_taken":[{"damage":1.0,"enemies":"Cultist","floor":1.0,"turns":3.0},{"damage":7.0,"enemies":"2 Louse","floor":5.0,"turns":2.0},{"damage":11.0,"enemies":"3 Sentries","floor":7.0,"turns":3.0},{"damage":3.0,"enemies":"Jaw Worm","floor":8.0,"turns":3.0},{"damage":1.0,"enemies":"Exordium Wildlife","floor":10.0,"turns":3.0},{"damage":1.0,"enemies":"Exordium Thugs","floor":12.0,"turns":4.0},{"damage":0.0,"enemies":"2 Fungi Beasts","floor":14.0,"turns":2.0},{"damage":10,"enemies":"The Guardian","floor":16,"turns":10},{"damage":5,"enemies":"Chosen","floor":18,"turns":4},{"damage":6,"enemies":"3 Byrds","floor":19,"turns":2},{"damage":18,"enemies":"Colosseum Slavers","floor":21,"turns":4},{"damage":6,"enemies":"Snecko","floor":22,"turns":5},{"damage":29,"enemies":"Gremlin Leader","floor":23,"turns":7},{"damage":0,"enemies":"3 Cultists","floor":25,"turns":3},{"damage":18,"enemies":"Book of Stabbing","floor":27,"turns":6},{"damage":12,"enemies":"Shelled Parasite and Fungi","floor":29,"turns":5},{"damage":5,"enemies":"Cultist and Chosen","floor":30,"turns":3}],"seed_played":"8599594532774235709","potions_obtained":[{"floor":1.0,"key":"SteroidPotion"},{"floor":5.0,"key":"Poison Potion"},{"floor":10.0,"key":"EssenceOfSteel"},{"floor":14.0,"key":"Ancient Potion"},{"floor":16,"key":"Weak Potion"},{"floor":23,"key":"Block Potion"},{"floor":25,"key":"Block Potion"},{"floor":29,"key":"AttackPotion"}],"is_trial":false,"path_per_floor":["M","$","?","$","M","R","E","M","T","M","R","M","R","M","R","B",null,"M","M","$","?","M","E","?","M","T","E","?","M","M"],"character_chosen":"DEFECT","items_purchased":["Capacitor","Juzu Bracelet","Chaos"],"campfire_rested":0,"item_purchase_floors":[2,20,20],"current_hp_per_floor":[67,67,52,52,45,45,34,31,38,37,37,36,36,36,36,26,68,63,57,57,39,33,4,31,31,31,13,13,1,0],"gold":314,"neow_bonus":"ONE_RANDOM_RARE_CARD","is_prod":false,"is_daily":false,"chose_seed":false,"campfire_upgraded":4,"win_rate":0,"timestamp":1547526935,"path_taken":["M","?","?","?","M","R","E","M","T","M","R","?","R","M","R","BOSS","M","M","$","?","M","E","?","M","T","E","?","M","M"],"build_version":"2019-01-10","purchased_purges":0,"victory":false,"max_hp_per_floor":[75,75,75,75,75,75,75,75,82,82,82,82,82,82,82,82,82,82,82,82,82,82,82,82,82,82,82,82,82,82],"card_choices":[{"not_picked":["Heatsinks","Force Field"],"picked":"Steam","floor":1.0},{"not_picked":["Fusion","Sweeping Beam"],"picked":"Sunder","floor":5.0},{"not_picked":["Heatsinks","Fusion"],"picked":"Streamline","floor":7.0},{"not_picked":["Auto Shields","Beam Cell"],"picked":"Coolheaded","floor":8.0},{"not_picked":["Recycle","Static Discharge"],"picked":"Conserve Battery","floor":10.0},{"not_picked":["Cold Snap","Sweeping Beam","Beam Cell"],"picked":"SKIP","floor":12.0},{"not_picked":["Ball Lightning","Leap"],"picked":"Core Surge","floor":14.0},{"not_picked":["Electrodynamics","Hyperbeam"],"picked":"Seek","floor":16},{"not_picked":["Gash","Capacitor+1"],"picked":"Darkness+1","floor":18},{"not_picked":["Rebound","Sweeping Beam"],"picked":"Go for the Eyes","floor":19},{"not_picked":["Ball Lightning","Barrage+1"],"picked":"Sweeping Beam","floor":22},{"not_picked":["Conserve Battery","Hello World"],"picked":"Consume","floor":23},{"not_picked":["Go for the Eyes+1","Self Repair"],"picked":"Cold Snap","floor":25},{"not_picked":["Go for the Eyes","Electrodynamics"],"picked":"Scrape","floor":27},{"not_picked":["Melter","Steam+1","Gash"],"picked":"SKIP","floor":29}],"player_experience":197179,"relics_obtained":[{"floor":7.0,"key":"Bottled Flame"},{"floor":9.0,"key":"Strawberry"},{"floor":23,"key":"War Paint"},{"floor":26,"key":"Tiny Chest"},{"floor":27,"key":"Orichalcum"}],"event_choices":[{"damage_healed":0.0,"max_hp_gain":0.0,"max_hp_loss":0.0,"gold_gain":0.0,"event_name":"Shining Light","player_choice":"Entered Light","floor":3.0,"gold_loss":0.0,"damage_taken":15.0,"cards_upgraded":["Defend_B","Dualcast"]},{"damage_healed":0,"gold_gain":0,"player_choice":"Fight","damage_taken":0,"max_hp_gain":0,"max_hp_loss":0,"event_name":"Colosseum","floor":21,"gold_loss":0},{"damage_healed":0,"gold_gain":0,"player_choice":"Fled From Nobs","damage_taken":0,"max_hp_gain":0,"max_hp_loss":0,"event_name":"Colosseum","floor":21,"gold_loss":0},{"damage_healed":27,"gold_gain":0,"player_choice":"Heal","damage_taken":0,"max_hp_gain":0,"max_hp_loss":0,"event_name":"The Library","floor":24,"gold_loss":0},{"damage_healed":0,"gold_gain":99,"player_choice":"Stole From Cult","damage_taken":0,"max_hp_gain":0,"max_hp_loss":0,"event_name":"Nest","floor":28,"gold_loss":0}],"is_beta":false,"boss_relics":[{"not_picked":["Cursed Key","Black Star"],"picked":"Fusion Hammer"}],"items_purged_floors":[],"is_endless":false,"potions_floor_spawned":[1,5,10,14,16,21,23,25,29],"killed_by":"Cultist and Chosen","ascension_level":6}