{"path_per_floor":["M","M","?","$","M","E","R","?","T","M","M","R","M","M","R","B",null],"character_chosen":"THE_SILENT","items_purchased":["Accuracy","Flying Knee"],"gold_per_floor":[144,189,189,64,109,199,199,199,274,319,364,364,409,454,454,754,754],"floor_reached":18,"campfire_rested":3,"playtime":963,"current_hp_per_floor":[70,66,66,66,66,56,70,80,80,80,80,80,76,76,80,3,80],"items_purged":[],"gold":754,"score":164,"play_id":"eb9fa7da-0593-42b0-8e38-2408cec231a5","local_time":"20180320141539","daily_mods":["Allstar","Midas","Lethality"],"is_prod":false,"is_daily":true,"is_ascension_mode":false,"campfire_upgraded":0,"timestamp":1521555339,"path_taken":["M","M","?","$","M","E","R","?","T","M","M","R","M","M","R","BOSS","M"],"build_version":"2018-03-15v3","purchased_purges":0,"victory":false,"master_deck":["Defend_G","Defend_G","Defend_G","Defend_G","Defend_G","Strike_G","Strike_G","Strike_G","Strike_G","Strike_G","Survivor","Neutralize","Mind Blast+1","Sadistic Nature","Poisoned Stab","Backflip","Accuracy","Flying Knee","Sucker Punch","Cloak And Dagger","Underhanded Strike","Crippling Poison","Cloak And Dagger","Wraith Form+1"],"max_hp_per_floor":[70,70,70,70,70,70,70,80,80,80,80,80,80,80,80,80,80],"relics":["Ring of the Snake","Frozen Egg 2","Pantograph","The Specimen"],"card_choices":[{"not_picked":["Acrobatics","Riddle With Holes"],"picked":"Poisoned Stab"},{"not_picked":["Acrobatics","Concentrate"],"picked":"Backflip"},{"not_picked":["Accuracy","Dagger Throw"],"picked":"Sucker Punch"},{"not_picked":["Flying Knee","Bane"],"picked":"Doppelganger"},{"not_picked":["Distraction","Backflip"],"picked":"Cloak And Dagger"},{"not_picked":["Dodge and Roll","Bane"],"picked":"Underhanded Strike"},{"not_picked":["Expertise","Flying Knee"],"picked":"Crippling Poison"},{"not_picked":["Poisoned Stab","Bane"],"picked":"Cloak And Dagger"},{"not_picked":["Venomology","Doppelganger"],"picked":"Wraith Form"}],"player_experience":181880,"potions_floor_usage":[10,16,16],"damage_taken":[{"damage":0,"enemies":"2 Louse","floor":1,"turns":2},{"damage":4,"enemies":"Small Slimes","floor":2,"turns":3},{"damage":0,"enemies":"Cultist","floor":5,"turns":2},{"damage":10,"enemies":"Lagavulin","floor":6,"turns":5},{"damage":0,"enemies":"3 Louse","floor":10,"turns":2},{"damage":0,"enemies":"Exordium Thugs","floor":11,"turns":3},{"damage":4,"enemies":"Lots of Slimes","floor":13,"turns":2},{"damage":0,"enemies":"3 Louse","floor":14,"turns":2},{"damage":77,"enemies":"The Guardian","floor":16,"turns":13},{"damage":84,"enemies":"3 Byrds","floor":18,"turns":4}],"event_choices":[{"event_name":"Living Wall","player_choice":"Grow","floor":3,"damage_taken":0},{"event_name":"Bonfire Elementals","player_choice":"RARE","floor":8,"damage_taken":0}],"boss_relics":[{"not_picked":["Runic Pyramid","Eternal Feather"],"picked":"The Specimen"}],"potions_floor_spawned":[2,11,14],"seed_played":"-7629097336603244972","killed_by":"3 Byrds","ascension_level":0,"is_trial":false}