{"gold_per_floor":[119,44,44,44,55,55,81,81,81,94,94,130,30,54,54,173,173,193,206,206,2,14,14,24,24,24,24,24,24,24,24,24,121,121,141,153,163,94,113,113,147,147,193,226,53,67,67],"floor_reached":47,"playtime":2304,"items_purged":["Defend_R","Strike_R","Parasite"],"score":568,"play_id":"1307eb54-6b41-4c89-9cba-44db33915a81","local_time":"20181022011329","is_ascension_mode":true,"campfire_choices":[{"data":"Bash","floor":6,"key":"SMITH"},{"data":"Whirlwind","floor":11,"key":"SMITH"},{"data":"Clothesline","floor":15,"key":"SMITH"},{"data":"Fiend Fire","floor":23,"key":"SMITH"},{"data":"Armaments","floor":25,"key":"SMITH"},{"data":"Shockwave","floor":29,"key":"SMITH"},{"floor":32,"key":"REST"},{"data":"Demon Form","floor":40,"key":"SMITH"},{"data":"Spot Weakness","floor":42,"key":"SMITH"}],"neow_cost":"NONE","seed_source_timestamp":716403580140419,"circlet_count":0,"master_deck":["Strike_R+1","Strike_R+1","Defend_R","Defend_R","Bash+1","True Grit+1","Battle Trance","Whirlwind+1","Armaments+1","Clothesline+1","Fiend Fire+1","Fire Breathing+1","Offering+1","Disarm+1","Shockwave+1","Carnage+1","Spot Weakness+1","Demon Form+1","Double Tap","Headbutt","Disarm+1"],"relics":["Burning Blood","NeowsBlessing","Gremlin Horn","Bloody Idol","Calipers","Lantern","Astrolabe","Chemical X","Bottled Flame","Paper Frog","Sozu","Happy Flower","Whetstone","Bottled Tornado"],"potions_floor_usage":[12,14,33,33,33,44],"damage_taken":[{"damage":0,"enemies":"2 Louse","floor":1,"turns":1},{"damage":0,"enemies":"Small Slimes","floor":5,"turns":1},{"damage":0,"enemies":"Lagavulin","floor":7,"turns":1},{"damage":1,"enemies":"Cultist","floor":10,"turns":3},{"damage":25,"enemies":"Gremlin Nob","floor":12,"turns":4},{"damage":4,"enemies":"Looter","floor":14,"turns":4},{"damage":33,"enemies":"The Guardian","floor":16,"turns":14},{"damage":6,"enemies":"3 Byrds","floor":18,"turns":3},{"damage":31,"enemies":"Shell Parasite","floor":19,"turns":6},{"damage":21,"enemies":"Snake Plant","floor":22,"turns":2},{"damage":6,"enemies":"3 Cultists","floor":24,"turns":2},{"damage":54,"enemies":"Champ","floor":33,"turns":11},{"damage":20,"enemies":"3 Shapes","floor":35,"turns":1},{"damage":0,"enemies":"3 Darklings","floor":36,"turns":1},{"damage":0,"enemies":"Jaw Worm Horde","floor":37,"turns":1},{"damage":28,"enemies":"Writhing Mass","floor":39,"turns":3},{"damage":32,"enemies":"Reptomancer","floor":41,"turns":5},{"damage":15,"enemies":"Giant Head","floor":44,"turns":5},{"damage":24,"enemies":"Spire Growth","floor":46,"turns":3},{"damage":24,"enemies":"4 Shapes","floor":47,"turns":1}],"seed_played":"8962902520385957960","potions_obtained":[{"floor":1,"key":"Block Potion"},{"floor":5,"key":"Poison Potion"},{"floor":12,"key":"Swift Potion"},{"floor":18,"key":"Energy Potion"},{"floor":19,"key":"AttackPotion"},{"floor":33,"key":"AttackPotion"}],"is_trial":false,"path_per_floor":["M","$","?","$","M","R","E","?","T","M","R","E","$","M","R","B",null,"M","M","?","$","M","R","M","R","T","?","$","R","T","?","R","B",null,"M","M","M","$","M","R","E","R","T","E","$","M"],"character_chosen":"IRONCLAD","items_purchased":["Chemical X","Double Tap","Headbutt"],"campfire_rested":1,"item_purchase_floors":[21,38,45],"current_hp_per_floor":[80,80,80,80,80,80,80,74,74,74,74,55,55,57,57,30,74,74,49,49,49,39,39,44,44,44,44,44,44,44,44,66,23,74,65,74,74,74,57,57,36,36,41,37,37,24,0],"gold":67,"neow_bonus":"THREE_ENEMY_KILL","is_prod":false,"is_daily":false,"chose_seed":false,"campfire_upgraded":8,"win_rate":0,"timestamp":1540163609,"path_taken":["M","$","?","?","M","R","E","?","T","M","R","E","$","M","R","BOSS","M","M","?","$","M","R","M","R","T","?","?","R","?","?","R","BOSS","M","M","M","$","?","R","E","R","T","E","$","M","M"],"build_version":"2018-10-18","purchased_purges":3,"victory":false,"max_hp_per_floor":[80,80,80,80,80,80,80,74,74,74,74,74,74,74,74,74,74,74,74,74,74,74,74,74,74,74,74,74,74,74,74,74,74,74,74,74,74,74,74,74,74,74,74,74,71,71,71],"card_choices":[{"not_picked":["Ghostly Armor","Flex"],"picked":"True Grit","floor":1},{"not_picked":["Heavy Blade","Warcry","Flex"],"picked":"SKIP","floor":5},{"not_picked":["Anger","Bloodletting"],"picked":"Battle Trance","floor":7},{"not_picked":["Heavy Blade","Dual Wield"],"picked":"Whirlwind","floor":10},{"not_picked":["Disarm","Perfected Strike"],"picked":"Armaments","floor":12},{"not_picked":["Pommel Strike","Perfected Strike"],"picked":"Clothesline","floor":14},{"not_picked":["Reaper","Berserk"],"picked":"Fiend Fire","floor":16},{"not_picked":["Sentinel+1","Headbutt+1","Wild Strike+1"],"picked":"SKIP","floor":18},{"not_picked":["Perfected Strike","Cleave"],"picked":"Shockwave","floor":19},{"not_picked":["Corruption","Flame Barrier"],"picked":"Carnage+1","floor":22},{"not_picked":["Rampage","Whirlwind"],"picked":"Spot Weakness","floor":24},{"not_picked":["Barricade","Reaper"],"picked":"Demon Form","floor":33},{"not_picked":["Pummel","Sword Boomerang","Cleave+1"],"picked":"SKIP","floor":35},{"not_picked":["Perfected Strike","Searing Blow","Warcry+1"],"picked":"SKIP","floor":36},{"not_picked":["Armaments+1","Body Slam","Flex+1"],"picked":"SKIP","floor":37},{"not_picked":["Clash+1","Inflame","Disarm"],"picked":"SKIP","floor":39},{"not_picked":["Brutality","Clash","Warcry"],"picked":"SKIP","floor":41},{"not_picked":["Shockwave","Uppercut","Metallicize"],"picked":"SKIP","floor":44},{"not_picked":["Blood for Blood","Pommel Strike+1"],"picked":"Disarm+1","floor":46}],"player_experience":213305,"relics_obtained":[{"floor":7,"key":"Gremlin Horn"},{"floor":9,"key":"Calipers"},{"floor":12,"key":"Lantern"},{"floor":26,"key":"Bottled Flame"},{"floor":30,"key":"Paper Frog"},{"floor":41,"key":"Happy Flower"},{"floor":43,"key":"Whetstone"},{"floor":44,"key":"Bottled Tornado"}],"event_choices":[{"damage_healed":0,"gold_gain":0,"player_choice":"Grow","damage_taken":0,"max_hp_gain":0,"max_hp_loss":0,"event_name":"Living Wall","floor":3,"gold_loss":0,"cards_upgraded":["True Grit"]},{"damage_healed":0,"gold_gain":0,"player_choice":"Lose Max HP","damage_taken":0,"relics_obtained":["Golden Idol"],"max_hp_gain":0,"max_hp_loss":6,"event_name":"Golden Idol","floor":8,"gold_loss":0},{"damage_healed":0,"gold_gain":0,"player_choice":"Gave Idol","damage_taken":0,"relics_obtained":["Bloody Idol"],"max_hp_gain":0,"max_hp_loss":0,"event_name":"Forgotten Altar","floor":20,"relics_lost":["Golden Idol"],"gold_loss":0},{"damage_healed":0,"gold_gain":0,"player_choice":"Ignored","damage_taken":0,"max_hp_gain":0,"max_hp_loss":0,"event_name":"Ghosts","floor":27,"gold_loss":0},{"damage_healed":0,"gold_gain":0,"player_choice":"Ignored","damage_taken":0,"max_hp_gain":0,"max_hp_loss":0,"event_name":"Beggar","floor":31,"gold_loss":0}],"is_beta":false,"boss_relics":[{"not_picked":["Ectoplasm","Runic Dome"],"picked":"Astrolabe"},{"not_picked":["White Beast Statue","Lizard Tail"],"picked":"Sozu"}],"items_purged_floors":[2,13,45],"is_endless":false,"potions_floor_spawned":[1,5,12,18,19,33,35,36,44,46],"killed_by":"4 Shapes","ascension_level":2}