{"gold_per_floor":[110,26,26,37,52,52,63,94,163,163,163,189,152,0,0,0],"floor_reached":16,"playtime":557,"items_purged":["Strike_R"],"score":200,"play_id":"f7ed5fe4-72ab-422b-aefb-d5247e487228","local_time":"20190130011757","is_ascension_mode":true,"campfire_choices":[{"data":"Combust","floor":6.0,"key":"SMITH"},{"floor":15.0,"key":"REST"}],"neow_cost":"NONE","seed_source_timestamp":645436247435524,"circlet_count":0,"master_deck":["AscendersBane","Strike_R","Strike_R","Strike_R","Strike_R","Defend_R","Defend_R","Defend_R","Defend_R","Bash+1","Wild Strike","Metallicize","Combust+1","Spot Weakness","Fire Breathing+1","Reaper"],"special_seed":0,"relics":["Burning Blood","Gambling Chip","Frozen Egg 2","MawBank"],"potions_floor_usage":[],"damage_taken":[{"damage":7.0,"enemies":"2 Louse","floor":1.0,"turns":3.0},{"damage":2.0,"enemies":"Cultist","floor":4.0,"turns":4.0},{"damage":9.0,"enemies":"Jaw Worm","floor":5.0,"turns":4.0},{"damage":3.0,"enemies":"Looter","floor":7.0,"turns":4.0},{"damage":34.0,"enemies":"Lagavulin","floor":8.0,"turns":7.0},{"damage":8.0,"enemies":"Red Slaver","floor":12.0,"turns":4.0},{"damage":35,"enemies":"The Guardian","floor":16,"turns":7}],"seed_played":"-2261747741078135926","potions_obtained":[{"floor":4.0,"key":"Block Potion"},{"floor":8.0,"key":"Ancient Potion"}],"is_trial":false,"path_per_floor":["M","$","?","M","M","R","M","E","T","?","?","M","?","$","R","B"],"character_chosen":"IRONCLAD","items_purchased":["Metallicize","Reaper"],"campfire_rested":1,"item_purchase_floors":[2,14],"current_hp_per_floor":[67,67,56,60,57,57,60,32,32,32,14,12,12,12,34,0],"gold":0,"neow_bonus":"UPGRADE_CARD","is_prod":false,"is_daily":false,"chose_seed":false,"campfire_upgraded":1,"win_rate":0,"timestamp":1548807477,"path_taken":["M","$","?","M","M","R","?","E","T","?","?","M","?","?","R","BOSS"],"build_version":"2019-01-23","purchased_purges":1,"victory":false,"max_hp_per_floor":[75,75,75,75,75,75,75,75,75,75,75,75,75,75,75,75],"card_choices":[{"not_picked":["Thunderclap","Whirlwind"],"picked":"Wild Strike","floor":1.0},{"not_picked":["Anger","True Grit","Entrench"],"picked":"SKIP","floor":4.0},{"not_picked":["Thunderclap","Anger"],"picked":"Combust","floor":5.0},{"not_picked":["Anger","Body Slam","Shockwave"],"picked":"SKIP","floor":7.0},{"not_picked":["Cleave","Heavy Blade"],"picked":"Spot Weakness","floor":8.0},{"not_picked":["Second Wind","Twin Strike"],"picked":"Fire Breathing+1","floor":12.0}],"player_experience":1085367,"relics_obtained":[{"floor":8.0,"key":"Gambling Chip"},{"floor":9.0,"key":"Frozen Egg 2"}],"event_choices":[{"damage_healed":0.0,"max_hp_gain":0.0,"max_hp_loss":0.0,"gold_gain":0.0,"event_name":"Wheel of Change","player_choice":"Damaged","floor":3.0,"gold_loss":0.0,"damage_taken":11.0},{"damage_healed":0.0,"max_hp_gain":0.0,"max_hp_loss":0.0,"gold_gain":0.0,"event_name":"Liars Game","player_choice":"Ignored","floor":10.0,"gold_loss":0.0,"damage_taken":0.0},{"damage_healed":0.0,"max_hp_gain":0.0,"max_hp_loss":0.0,"gold_gain":0.0,"event_name":"Scrap Ooze","player_choice":"Success","floor":11.0,"gold_loss":0.0,"damage_taken":18.0,"relics_obtained":["MawBank"]},{"damage_healed":0.0,"max_hp_gain":0.0,"max_hp_loss":0.0,"gold_gain":0.0,"event_name":"World of Goop","player_choice":"Left Gold","floor":13.0,"gold_loss":49.0,"damage_taken":0.0}],"is_beta":false,"boss_relics":[],"items_purged_floors":[14],"is_endless":false,"potions_floor_spawned":[4,8],"killed_by":"The Guardian","ascension_level":20}