{"gold_per_floor":[115,134,145,163,176,176,210,223,223,223,240,258,283,283,283,360,360,330,330,330,349,18,18,18],"floor_reached":24,"playtime":2095,"items_purged":[],"score":347,"play_id":"a2c4c797-2d3b-43b4-b619-adf9985b6556","local_time":"20181210172526","is_ascension_mode":true,"campfire_choices":[{"data":"Iron Wave","floor":6.0,"key":"SMITH"},{"data":"Armaments","floor":10.0,"key":"SMITH"},{"floor":15.0,"key":"REST"},{"data":"Limit Break","floor":23.0,"key":"SMITH"}],"neow_cost":"NONE","seed_source_timestamp":74127809227471,"circlet_count":0,"master_deck":["AscendersBane","Strike_R","Strike_R","Strike_R","Strike_R","Defend_R","Defend_R","Defend_R","Defend_R","Bash","Reaper","Pommel Strike","Armaments+1","Iron Wave+1","Limit Break+1","Sword Boomerang","Disarm","Clothesline","Whirlwind","Feel No Pain","Demon Form+1","Impervious","Shrug It Off","Flame Barrier"],"special_seed":0,"relics":["Burning Blood","Shuriken","Oddly Smooth Stone","Runic Pyramid","Nloth\u0027s Gift","Kunai"],"potions_floor_usage":[],"damage_taken":[{"damage":1.0,"enemies":"Cultist","floor":1.0,"turns":3.0},{"damage":14.0,"enemies":"Jaw Worm","floor":2.0,"turns":4.0},{"damage":16.0,"enemies":"Small Slimes","floor":3.0,"turns":5.0},{"damage":35.0,"enemies":"Exordium Thugs","floor":4.0,"turns":8.0},{"damage":34.0,"enemies":"Large Slime","floor":5.0,"turns":8.0},{"damage":17.0,"enemies":"Gremlin Nob","floor":7.0,"turns":4.0},{"damage":1.0,"enemies":"2 Fungi Beasts","floor":8.0,"turns":4.0},{"damage":14.0,"enemies":"Blue Slaver","floor":11.0,"turns":3.0},{"damage":24.0,"enemies":"Lots of Slimes","floor":12.0,"turns":5.0},{"damage":25.0,"enemies":"3 Sentries","floor":13.0,"turns":7.0},{"damage":36.0,"enemies":"The Guardian","floor":16.0,"turns":10.0},{"damage":38.0,"enemies":"2 Thieves","floor":18.0,"turns":5.0},{"damage":6.0,"enemies":"Chosen","floor":21.0,"turns":8.0},{"damage":72,"enemies":"Gremlin Leader","floor":24,"turns":6}],"seed_played":"682397982732553257","potions_obtained":[{"floor":2.0,"key":"Swift Potion"},{"floor":4.0,"key":"BloodPotion"},{"floor":7.0,"key":"SteroidPotion"},{"floor":11.0,"key":"SpeedPotion"},{"floor":18.0,"key":"Ancient Potion"}],"is_trial":false,"path_per_floor":["M","M","M","M","M","R","E","M","T","R","M","M","E","?","R","B",null,"M","?","?","M","$","R","E"],"character_chosen":"IRONCLAD","items_purchased":["Kunai","Flame Barrier"],"campfire_rested":1,"item_purchase_floors":[22,22],"current_hp_per_floor":[77,75,70,45,32,32,21,36,36,36,28,19,27,27,51,52,73,45,45,45,61,61,61,0],"gold":18,"neow_bonus":"TRANSFORM_CARD","is_prod":false,"is_daily":false,"chose_seed":false,"campfire_upgraded":3,"win_rate":0,"timestamp":1544459126,"path_taken":["M","M","?","M","M","R","E","M","T","R","M","M","E","?","R","BOSS","M","?","?","?","$","R","E"],"build_version":"2018-12-06","purchased_purges":0,"victory":false,"max_hp_per_floor":[80,80,80,80,80,80,80,80,80,80,80,80,80,80,80,80,80,80,80,80,80,80,80,80],"card_choices":[{"not_picked":["Twin Strike","Flex"],"picked":"Pommel Strike","floor":1.0},{"not_picked":["Cleave","Pommel Strike"],"picked":"Armaments","floor":2.0},{"not_picked":["True Grit","Headbutt"],"picked":"Iron Wave","floor":3.0},{"not_picked":["Second Wind","Clash"],"picked":"Limit Break","floor":4.0},{"not_picked":["Blood for Blood","Iron Wave"],"picked":"Sword Boomerang","floor":5.0},{"not_picked":["Reaper","Sword Boomerang"],"picked":"Disarm","floor":7.0},{"not_picked":["Heavy Blade","Intimidate","Clash"],"picked":"Clothesline","floor":8.0},{"not_picked":["Headbutt","Dropkick","Sentinel"],"picked":"Whirlwind","floor":11.0},{"not_picked":["Sword Boomerang","Dual Wield","Rampage"],"picked":"Feel No Pain","floor":12.0},{"not_picked":["Hemokinesis","Rampage","Entrench"],"picked":"Demon Form","floor":13.0},{"not_picked":["Exhume","Bludgeon","Immolate"],"picked":"Impervious","floor":16.0},{"not_picked":["Havoc","Hemokinesis","Twin Strike+1"],"picked":"Shrug It Off","floor":18.0},{"not_picked":["Burning Pact","Dropkick+1","Inflame"],"picked":"SKIP","floor":21.0}],"player_experience":551752,"relics_obtained":[{"floor":7.0,"key":"Question Card"},{"floor":9.0,"key":"Shuriken"},{"floor":13.0,"key":"Oddly Smooth Stone"}],"event_choices":[{"damage_healed":0.0,"max_hp_gain":0.0,"max_hp_loss":0.0,"gold_gain":0.0,"event_name":"Accursed Blacksmith","player_choice":"Forge","floor":14.0,"gold_loss":0.0,"damage_taken":0.0,"cards_upgraded":["Demon Form"]},{"damage_healed":0.0,"max_hp_gain":0.0,"max_hp_loss":0.0,"gold_gain":0.0,"event_name":"Ghosts","player_choice":"Ignored","floor":19.0,"gold_loss":0.0,"damage_taken":0.0},{"damage_healed":0.0,"max_hp_gain":0.0,"max_hp_loss":0.0,"gold_gain":0.0,"event_name":"N\u0027loth","player_choice":"Traded Relic","floor":20.0,"relics_lost":["Question Card"],"gold_loss":0.0,"damage_taken":0.0,"relics_obtained":["Nloth\u0027s Gift"]}],"is_beta":false,"boss_relics":[{"not_picked":["Astrolabe","Pandora\u0027s Box"],"picked":"Runic Pyramid"}],"items_purged_floors":[],"is_endless":false,"potions_floor_spawned":[2,4,7,11,18],"killed_by":"Gremlin Leader","ascension_level":13}