{"gold_per_floor":[119,119,119,119,133,166,18,18,18,48,64,91,111,130,130,230,230,243,243,243,263,6,41,41,41,65,65,80,80],"floor_reached":29,"playtime":5050,"items_purged":[],"score":340,"play_id":"9695a9ea-c0c9-4ef8-b059-0b990fd39186","local_time":"20181021221541","is_ascension_mode":true,"campfire_choices":[{"data":"Intimidate","floor":8,"key":"SMITH"},{"data":"Demon Form","floor":15,"key":"SMITH"},{"data":"Bludgeon","floor":25,"key":"SMITH"},{"data":"Shockwave","floor":27,"key":"SMITH"}],"neow_cost":"NONE","seed_source_timestamp":702987442931382,"circlet_count":0,"master_deck":["Defend_R","Defend_R","Defend_R","Defend_R","Bash","Warcry","Intimidate+1","Cleave","Shrug It Off","Shockwave+1","Dark Embrace","Dropkick","Demon Form+1","Bludgeon+1","Clothesline","Shrug It Off","Rage","Havoc","Dual Wield","Bite","Bite","Bite","Bite","Bite","Double Tap","Body Slam+1"],"relics":["Burning Blood","NeowsBlessing","Anchor","Kunai","PreservedInsect","Paper Frog","Omamori","Art of War","Orrery","Molten Egg 2","FossilizedHelix","Boot"],"potions_floor_usage":[23,23],"damage_taken":[{"damage":0,"enemies":"2 Louse","floor":1,"turns":1},{"damage":0,"enemies":"Cultist","floor":5,"turns":1},{"damage":0,"enemies":"3 Sentries","floor":6,"turns":2},{"damage":11,"enemies":"Lagavulin","floor":10,"turns":7},{"damage":0,"enemies":"Jaw Worm","floor":11,"turns":4},{"damage":15,"enemies":"3 Sentries","floor":12,"turns":5},{"damage":11,"enemies":"Looter","floor":13,"turns":4},{"damage":10,"enemies":"Exordium Thugs","floor":14,"turns":4},{"damage":22,"enemies":"Slime Boss","floor":16,"turns":7},{"damage":29,"enemies":"3 Byrds","floor":18,"turns":7},{"damage":14,"enemies":"Shell Parasite","floor":21,"turns":5},{"damage":56,"enemies":"Book of Stabbing","floor":23,"turns":8},{"damage":21,"enemies":"Snake Plant","floor":28,"turns":5},{"damage":25,"enemies":"Shelled Parasite and Fungi","floor":29,"turns":2}],"seed_played":"-228762897298875691","potions_obtained":[{"floor":6,"key":"GamblersBrew"},{"floor":11,"key":"Regen Potion"},{"floor":13,"key":"Energy Potion"},{"floor":28,"key":"SteroidPotion"}],"is_trial":false,"path_per_floor":["M","?","?","?","M","E","$","R","T","E","M","E","M","M","R","B",null,"M","?","?","M","$","E","$","R","T","R","M"],"character_chosen":"IRONCLAD","items_purchased":["PreservedInsect","Molten Egg 2"],"campfire_rested":0,"item_purchase_floors":[7,22],"current_hp_per_floor":[80,80,85,82,85,85,85,85,85,80,85,76,71,67,67,51,85,62,59,59,57,57,33,33,33,33,33,24,0],"gold":80,"neow_bonus":"THREE_ENEMY_KILL","is_prod":false,"is_daily":false,"chose_seed":false,"campfire_upgraded":4,"win_rate":0,"timestamp":1540152941,"path_taken":["M","?","?","?","M","E","$","R","T","E","M","E","M","M","R","BOSS","M","?","?","M","$","E","?","R","T","R","M","?"],"build_version":"2018-10-18","purchased_purges":0,"victory":false,"max_hp_per_floor":[80,80,85,85,85,85,85,85,85,85,85,85,85,85,85,85,85,85,59,59,59,59,59,59,59,59,59,59,59],"card_choices":[{"not_picked":["Perfected Strike","Wild Strike","Heavy Blade"],"picked":"SKIP","floor":1},{"not_picked":["Wild Strike","Perfected Strike","Heavy Blade"],"picked":"SKIP","floor":5},{"not_picked":["Wild Strike","Perfected Strike","Heavy Blade"],"picked":"SKIP","floor":5},{"not_picked":["Power Through","Second Wind"],"picked":"Cleave","floor":6},{"not_picked":["Heavy Blade","Cleave"],"picked":"Shrug It Off","floor":10},{"not_picked":["Dual Wield","Blood for Blood"],"picked":"Shockwave","floor":11},{"not_picked":["Armaments","Twin Strike"],"picked":"Dark Embrace","floor":12},{"not_picked":["Body Slam","Havoc"],"picked":"Dropkick","floor":13},{"not_picked":["Pommel Strike","Heavy Blade"],"picked":"Demon Form","floor":14},{"not_picked":["Exhume","Feed"],"picked":"Bludgeon","floor":16},{"not_picked":["Flex","Body Slam"],"picked":"Clothesline","floor":17},{"not_picked":["Armaments","Flex"],"picked":"Shrug It Off","floor":17},{"not_picked":["Wild Strike","Sever Soul"],"picked":"Rage","floor":17},{"not_picked":["Intimidate","Clothesline"],"picked":"Havoc","floor":17},{"not_picked":["Inflame","Perfected Strike+1"],"picked":"Dual Wield","floor":18},{"not_picked":["Battle Trance","Havoc","Intimidate"],"picked":"SKIP","floor":21},{"not_picked":["Twin Strike+1","Battle Trance"],"picked":"Double Tap","floor":23},{"not_picked":["Wild Strike+1","Seeing Red"],"picked":"Body Slam+1","floor":28}],"player_experience":200548,"relics_obtained":[{"floor":6,"key":"Kunai"},{"floor":9,"key":"Paper Frog"},{"floor":10,"key":"Omamori"},{"floor":12,"key":"Art of War"},{"floor":23,"key":"FossilizedHelix"},{"floor":26,"key":"Boot"}],"event_choices":[{"damage_healed":0,"gold_gain":0,"player_choice":"2 cards matched","damage_taken":0,"max_hp_gain":0,"max_hp_loss":0,"event_name":"Match and Keep!","floor":2,"gold_loss":0,"cards_obtained":["Warcry","Intimidate"]},{"damage_healed":0,"gold_gain":0,"player_choice":"Donut","damage_taken":0,"max_hp_gain":5,"max_hp_loss":0,"event_name":"Big Fish","floor":3,"gold_loss":0},{"damage_healed":0,"gold_gain":0,"player_choice":"Success","damage_taken":3,"relics_obtained":["Anchor"],"max_hp_gain":0,"max_hp_loss":0,"event_name":"Scrap Ooze","floor":4,"gold_loss":0},{"damage_healed":0,"gold_gain":0,"player_choice":"Became a vampire","damage_taken":0,"max_hp_gain":0,"max_hp_loss":26,"event_name":"Vampires","floor":19,"gold_loss":0,"cards_obtained":["Bite","Bite","Bite","Bite","Bite"]},{"damage_healed":0,"gold_gain":0,"player_choice":"Bought 0 Potions","damage_taken":0,"max_hp_gain":0,"max_hp_loss":0,"event_name":"The Woman in Blue","floor":20,"gold_loss":0}],"is_beta":false,"boss_relics":[{"not_picked":["Lizard Tail","Black Star"],"picked":"Orrery"}],"items_purged_floors":[],"is_endless":false,"potions_floor_spawned":[6,11,13,16,21,28],"killed_by":"Shelled Parasite and Fungi","ascension_level":2}