{"path_per_floor":["M","?","M","$","M","R","M","M","T","M","M","M","R","M","R"],"character_chosen":"IRONCLAD","items_purchased":["Double Tap","Master of Strategy"],"gold_per_floor":[115,290,309,38,51,51,63,76,76,87,103,121,121,139,139],"floor_reached":16,"campfire_rested":0,"playtime":2235,"current_hp_per_floor":[80,80,80,80,80,80,80,80,80,70,68,57,57,59,59],"items_purged":[],"gold":139,"score":98,"play_id":"4df84537-55a2-475d-b56d-e4e99d5f846a","is_prod":false,"is_daily":false,"is_ascension_mode":false,"campfire_upgraded":3,"path_taken":["M","?","M","$","M","R","M","M","T","M","M","M","R","M","R","BOSS"],"build_version":"2018-02-12-PROD1","purchased_purges":0,"victory":false,"master_deck":["Strike_R","Strike_R","Strike_R","Strike_R","Strike_R","Defend_R","Defend_R","Defend_R","Defend_R","Bash","Rupture","Doubt","True Grit","Double Tap+1","Master of Strategy","Shrug It Off","Hemokinesis+1","Heavy Blade","Thunderclap","Intimidate","Double Tap+1","Flex"],"max_hp_per_floor":[80,80,80,80,80,80,80,80,80,80,80,80,80,80,80],"relics":["Burning Blood","Ice Cream"],"card_choices":[{"not_picked":["Cleave","Clothesline"],"picked":"Rupture"},{"not_picked":["Sword Boomerang","Cleave"],"picked":"True Grit"},{"not_picked":["Burning Pact","Flex"],"picked":"Shrug It Off"},{"not_picked":["Shockwave","Battle Trance"],"picked":"Hemokinesis"},{"not_picked":["Juggernaut","Whirlwind"],"picked":"Heavy Blade"},{"not_picked":["Anger","Cleave"],"picked":"Thunderclap"},{"not_picked":["Cleave","Sword Boomerang"],"picked":"Intimidate"},{"not_picked":["Anger","Feel No Pain"],"picked":"Double Tap"},{"not_picked":["Shrug It Off","Iron Wave"],"picked":"Flex"}],"player_experience":20953,"potions_floor_usage":[10,16,16],"damage_taken":[{"damage":1,"enemies":"Cultist","floor":1,"turns":3},{"damage":2,"enemies":"Small Slimes","floor":3,"turns":5},{"damage":2,"enemies":"2 Louse","floor":5,"turns":4},{"damage":2,"enemies":"2 Fungi Beasts","floor":7,"turns":5},{"damage":6,"enemies":"Large Slime","floor":8,"turns":7},{"damage":16,"enemies":"Gremlin Gang","floor":10,"turns":4},{"damage":8,"enemies":"Exordium Wildlife","floor":11,"turns":8},{"damage":17,"enemies":"Red Slaver","floor":12,"turns":6},{"damage":4,"enemies":"Looter","floor":14,"turns":1},{"damage":61,"enemies":"The Guardian","floor":16,"turns":9}],"event_choices":[{"event_name":"Liars Game","player_choice":"agreed","floor":2,"damage_taken":0}],"boss_relics":[],"potions_floor_spawned":[1,3,7,11,12],"seed_played":"-2064757316344339619","killed_by":"The Guardian","ascension_level":0,"is_trial":false}