{"gold_per_floor":[116,135,135,135,60,92,92,92,92,111,111,138,155,165,165,264,264,280,292,47,63,63,63,90,102,114,141,164,176,212,234,246,258],"floor_reached":33,"playtime":2417,"items_purged":["Strike_G","Regret"],"score":317,"play_id":"af5e85aa-dbb1-4462-80d9-ada996bdcf26","local_time":"20181021124832","is_ascension_mode":true,"campfire_choices":[{"data":"Backflip","floor":8,"key":"SMITH"},{"data":"Footwork","floor":11,"key":"SMITH"},{"data":"Unload","floor":15,"key":"SMITH"},{"data":"Unload","floor":23,"key":"SMITH"},{"floor":32,"key":"REST"}],"neow_cost":"NONE","seed_source_timestamp":671593680459740,"circlet_count":0,"master_deck":["Defend_G+1","Defend_G+1","Defend_G+1","Defend_G+1","Defend_G+1","Strike_G+1","Strike_G+1","Strike_G+1","Strike_G+1","Survivor","Neutralize+1","Backflip+1","Footwork+1","Blur","Endless Agony","Unload+1","Unload+1","Accuracy+1","Dagger Spray","Footwork","Tools of the Trade","Cloak And Dagger"],"relics":["Ring of the Snake","NeowsBlessing","Art of War","Shuriken","Ninja Scroll","Bottled Flame","Blood Vial","Black Star","Bronze Scales","MawBank","Smiling Mask","Incense Burner","Bag of Preparation"],"potions_floor_usage":[28],"damage_taken":[{"damage":0,"enemies":"Jaw Worm","floor":1,"turns":1},{"damage":0,"enemies":"Cultist","floor":2,"turns":1},{"damage":0,"enemies":"Lagavulin","floor":6,"turns":1},{"damage":4,"enemies":"Small Slimes","floor":10,"turns":3},{"damage":20,"enemies":"3 Sentries","floor":12,"turns":17},{"damage":2,"enemies":"Looter","floor":13,"turns":3},{"damage":3,"enemies":"Exordium Wildlife","floor":14,"turns":4},{"damage":34,"enemies":"The Guardian","floor":16,"turns":15},{"damage":0,"enemies":"Spheric Guardian","floor":18,"turns":3},{"damage":2,"enemies":"Chosen","floor":19,"turns":5},{"damage":10,"enemies":"3 Cultists","floor":21,"turns":4},{"damage":23,"enemies":"Slavers","floor":24,"turns":5},{"damage":17,"enemies":"Centurion and Healer","floor":27,"turns":7},{"damage":3,"enemies":"Snecko","floor":28,"turns":6},{"damage":5,"enemies":"Colosseum Slavers","floor":29,"turns":4},{"damage":11,"enemies":"Sentry and Sphere","floor":31,"turns":5},{"damage":36,"enemies":"Champ","floor":33,"turns":16}],"seed_played":"1737514080301000535","potions_obtained":[{"floor":1,"key":"Poison Potion"},{"floor":2,"key":"EssenceOfSteel"},{"floor":6,"key":"Strength Potion"},{"floor":21,"key":"Swift Potion"},{"floor":28,"key":"FearPotion"}],"is_trial":false,"path_per_floor":["M","M","?","?","$","E","?","R","T","M","R","E","M","M","R","B",null,"M","M","$","M","?","R","E","?","T","M","M","?","T","M","R"],"character_chosen":"THE_SILENT","items_purchased":["Bronze Scales"],"campfire_rested":1,"item_purchase_floors":[20],"current_hp_per_floor":[70,70,70,70,70,70,67,67,67,63,63,43,43,42,42,10,70,70,68,68,60,60,60,39,39,39,24,23,20,20,11,32,0],"gold":258,"neow_bonus":"THREE_ENEMY_KILL","is_prod":false,"is_daily":false,"chose_seed":false,"campfire_upgraded":4,"win_rate":0,"timestamp":1540118912,"path_taken":["M","M","?","?","$","E","?","R","T","M","R","E","M","M","R","BOSS","M","M","$","M","?","R","E","?","T","M","M","?","?","?","R","BOSS"],"build_version":"2018-10-18","purchased_purges":2,"victory":false,"max_hp_per_floor":[70,70,70,70,70,70,70,70,70,70,70,70,70,70,70,70,70,70,70,70,70,70,70,70,70,70,70,70,70,70,70,70,70],"card_choices":[{"not_picked":["Slice","PiercingWail"],"picked":"Backflip","floor":1},{"not_picked":["Flying Knee","Dagger Spray"],"picked":"Footwork","floor":2},{"not_picked":["Distraction","Terror"],"picked":"Blur","floor":6},{"not_picked":["Acrobatics","Sucker Punch"],"picked":"Catalyst","floor":10},{"not_picked":["Escape Plan","Deflect","Slice"],"picked":"SKIP","floor":12},{"not_picked":["Dodge and Roll","Poisoned Stab"],"picked":"Endless Agony","floor":13},{"not_picked":["Bane","Heel Hook"],"picked":"Unload","floor":14},{"not_picked":["A Thousand Cuts","Tools of the Trade"],"picked":"Unload","floor":16},{"not_picked":["Cloak And Dagger+1","Heel Hook"],"picked":"Accuracy+1","floor":18},{"not_picked":["Catalyst+1","Caltrops"],"picked":"Dagger Spray","floor":19},{"not_picked":["Flying Knee","Blur"],"picked":"Footwork","floor":21},{"not_picked":["Dagger Throw","Poisoned Stab"],"picked":"Tools of the Trade","floor":24},{"not_picked":["Prepared","Slice"],"picked":"Cloak And Dagger","floor":27},{"not_picked":["Deflect","Underhanded Strike+1","Dagger Throw"],"picked":"SKIP","floor":28},{"not_picked":["Poisoned Stab","Dagger Throw","Tactician"],"picked":"SKIP","floor":31}],"player_experience":190941,"relics_obtained":[{"floor":6,"key":"Shuriken"},{"floor":9,"key":"Bottled Flame"},{"floor":12,"key":"Blood Vial"},{"floor":24,"key":"MawBank"},{"floor":24,"key":"Smiling Mask"},{"floor":26,"key":"Incense Burner"},{"floor":30,"key":"Bag of Preparation"}],"event_choices":[{"damage_healed":0,"gold_gain":0,"player_choice":"Upgraded","damage_taken":0,"max_hp_gain":0,"max_hp_loss":0,"event_name":"Upgrade Shrine","floor":3,"gold_loss":0,"cards_upgraded":["Neutralize"]},{"damage_healed":0,"gold_gain":0,"player_choice":"Box","damage_taken":0,"relics_obtained":["Art of War"],"max_hp_gain":0,"max_hp_loss":0,"event_name":"Big Fish","floor":4,"gold_loss":0,"cards_obtained":["Regret"]},{"damage_healed":0,"gold_gain":0,"player_choice":"Success","damage_taken":3,"relics_obtained":["Ninja Scroll"],"max_hp_gain":0,"max_hp_loss":0,"event_name":"Scrap Ooze","floor":7,"gold_loss":0},{"cards_removed":["Catalyst"],"damage_healed":0,"gold_gain":0,"player_choice":"Card Removal","damage_taken":0,"max_hp_gain":0,"max_hp_loss":0,"event_name":"Wheel of Change","floor":22,"gold_loss":0},{"damage_healed":0,"gold_gain":0,"player_choice":"Simplicity","damage_taken":0,"max_hp_gain":0,"max_hp_loss":0,"event_name":"Back to Basics","floor":25,"gold_loss":0,"cards_upgraded":["Defend_G","Defend_G","Defend_G","Defend_G","Defend_G","Strike_G","Strike_G","Strike_G","Strike_G"]},{"damage_healed":0,"gold_gain":0,"player_choice":"Fight","damage_taken":0,"max_hp_gain":0,"max_hp_loss":0,"event_name":"Colosseum","floor":29,"gold_loss":0},{"damage_healed":0,"gold_gain":0,"player_choice":"Fled From Nobs","damage_taken":0,"max_hp_gain":0,"max_hp_loss":0,"event_name":"Colosseum","floor":29,"gold_loss":0}],"is_beta":false,"boss_relics":[{"not_picked":["Eternal Feather","Runic Dome"],"picked":"Black Star"}],"items_purged_floors":[5,20],"is_endless":false,"potions_floor_spawned":[1,2,6,13,19,21,28],"killed_by":"Champ","ascension_level":1}