{"gold_per_floor":[117,133,146,160,179,179,179,210,280,290,305,322,322,338,338,441,441,460,471,482,79,79,79,105,105,105,30,49,49,69,86,86,190,190,210,221,221,221,235,235,261,275,275,275,290,36,54,54,54,54,54,54,3,33,33],"floor_reached":55,"playtime":7618,"items_purged":[],"score":840,"play_id":"b9107410-2153-4bee-b9cf-88309a879b82","local_time":"20190126133539","is_ascension_mode":true,"campfire_choices":[{"floor":6,"key":"REST"},{"floor":13,"key":"RECALL"},{"floor":15,"key":"REST"},{"floor":23,"key":"REST"},{"floor":29,"key":"REST"},{"floor":32,"key":"REST"},{"floor":40,"key":"REST"},{"floor":44,"key":"REST"},{"data":"Buffer","floor":49,"key":"SMITH"},{"data":"Buffer","floor":52,"key":"SMITH"}],"neow_cost":"NONE","seed_source_timestamp":1449315806384820,"circlet_count":0,"master_deck":["Dualcast","Gash+1","Hologram","Gash+1","Stack","Chill","Ball Lightning","Hologram","Sweeping Beam","Lockon","Echo Form","Buffer+1","Turbo","Gash+1","Compile Driver","Echo Form","Buffer+1","Hello World","Ball Lightning","Compile Driver","Leap","Redo","Defragment+1","Turbo","Hologram+1","Beam Cell+1","Seek","Gash","Stack","Madness","Madness","Go for the Eyes+1","Stack+1","Storm+1","Go for the Eyes"],"relics":["Cracked Core","Oddly Smooth Stone","Pandora\u0027s Box","Bag of Marbles","Meat on the Bone","Pocketwatch","Whetstone","StoneCalendar","Philosopher\u0027s Stone","Ginger","Sundial","Ornamental Fan","Vajra"],"potions_floor_usage":[8,16,19,30,33,33,45,50,50,54,55],"damage_taken":[{"damage":0,"enemies":"Small Slimes","floor":1,"turns":4},{"damage":6,"enemies":"Cultist","floor":2,"turns":3},{"damage":0,"enemies":"2 Louse","floor":3,"turns":4},{"damage":2,"enemies":"Blue Slaver","floor":4,"turns":3},{"damage":21,"enemies":"Exordium Wildlife","floor":5,"turns":6},{"damage":11,"enemies":"Lagavulin","floor":8,"turns":6},{"damage":3,"enemies":"Red Slaver","floor":10,"turns":3},{"damage":6,"enemies":"Looter","floor":11,"turns":3},{"damage":0,"enemies":"Blue Slaver","floor":12,"turns":3},{"damage":0,"enemies":"Gremlin Gang","floor":14,"turns":5},{"damage":2,"enemies":"Slime Boss","floor":16,"turns":6},{"damage":12,"enemies":"Shell Parasite","floor":18,"turns":6},{"damage":5,"enemies":"Chosen","floor":19,"turns":6},{"damage":8,"enemies":"Snecko","floor":20,"turns":5},{"damage":22,"enemies":"Book of Stabbing","floor":24,"turns":6},{"damage":21,"enemies":"Snake Plant","floor":28,"turns":5},{"damage":11,"enemies":"Centurion and Healer","floor":30,"turns":5},{"damage":9,"enemies":"Cultist and Chosen","floor":31,"turns":5},{"damage":0,"enemies":"Champ","floor":33,"turns":8},{"damage":21,"enemies":"3 Darklings","floor":35,"turns":5},{"damage":3,"enemies":"3 Shapes","floor":36,"turns":5},{"damage":5,"enemies":"Maw","floor":39,"turns":7},{"damage":0,"enemies":"Giant Head","floor":41,"turns":6},{"damage":0,"enemies":"Sphere and 2 Shapes","floor":42,"turns":7},{"damage":13,"enemies":"Writhing Mass","floor":45,"turns":6},{"damage":45,"enemies":"4 Shapes","floor":47,"turns":4},{"damage":35,"enemies":"Time Eater","floor":50,"turns":11},{"damage":52,"enemies":"Shield and Spear","floor":54,"turns":7},{"damage":44,"enemies":"The Heart","floor":55,"turns":2}],"seed_played":"-2055317713687575941","potions_obtained":[{"floor":1,"key":"FocusPotion"},{"floor":3,"key":"SneckoOil"},{"floor":10,"key":"EssenceOfSteel"},{"floor":12,"key":"Fire Potion"},{"floor":14,"key":"GamblersBrew"},{"floor":18,"key":"SneckoOil"},{"floor":28,"key":"Weak Potion"},{"floor":31,"key":"SkillPotion"},{"floor":35,"key":"GamblersBrew"},{"floor":36,"key":"SkillPotion"},{"floor":47,"key":"AttackPotion"},{"floor":54,"key":"EssenceOfSteel"}],"is_trial":false,"path_per_floor":["M","M","M","M","M","R","?","E","T","M","M","M","R","M","R","B",null,"M","M","M","$","?","R","E","?","T","?","M","R","M","M","R","B",null,"M","M","?","?","M","R","E","M","T","R","M","$","M","?","R","B",null,"R","$","E","B"],"character_chosen":"DEFECT","items_purchased":["Bag of Marbles","Meat on the Bone","Ornamental Fan","Fire Potion"],"campfire_rested":7,"item_purchase_floors":[21,21,46,53],"current_hp_per_floor":[82,76,76,74,53,77,77,66,66,63,57,57,57,57,81,79,82,70,65,57,57,57,81,59,59,59,59,50,74,63,54,78,78,82,61,58,48,48,43,67,67,67,67,82,69,69,36,72,72,37,72,72,72,32,0],"gold":33,"neow_bonus":"TEN_PERCENT_HP_BONUS","is_prod":false,"is_daily":false,"chose_seed":false,"campfire_upgraded":2,"win_rate":0,"timestamp":1548516939,"path_taken":["M","M","M","M","M","R","?","E","T","?","M","?","R","M","R","BOSS","M","M","M","$","?","R","E","?","T","?","M","R","M","M","R","BOSS","M","M","?","?","M","R","E","M","T","R","M","$","?","?","R","BOSS","R","$","E","BOSS"],"build_version":"2019-01-23","purchased_purges":0,"victory":false,"max_hp_per_floor":[82,82,82,82,82,82,82,82,82,82,82,82,82,82,82,82,82,82,82,82,82,82,82,82,82,82,82,82,82,82,82,82,82,82,82,82,82,82,82,82,82,82,82,82,82,82,82,72,72,72,72,72,72,72,72],"card_choices":[{"not_picked":["Tempest","Redo"],"picked":"Gash","floor":1},{"not_picked":["Tempest","Leap"],"picked":"Hologram","floor":2},{"not_picked":["Force Field","Consume"],"picked":"Gash","floor":3},{"not_picked":["Barrage","Compile Driver"],"picked":"Stack","floor":4},{"not_picked":["Barrage","Aggregate"],"picked":"Chill","floor":5},{"not_picked":["Redo","Cold Snap"],"picked":"Ball Lightning","floor":8},{"not_picked":["Turbo","Undo"],"picked":"Hologram","floor":10},{"not_picked":["Chill","Double Energy"],"picked":"Sweeping Beam","floor":11},{"not_picked":["Capacitor","Hyperbeam","Streamline"],"picked":"SKIP","floor":12},{"not_picked":["Genetic Algorithm","Barrage"],"picked":"Lockon","floor":14},{"not_picked":["Amplify","All For One"],"picked":"Echo Form","floor":16},{"not_picked":["Force Field","Undo"],"picked":"Compile Driver","floor":18},{"not_picked":["Rebound+1","Turbo"],"picked":"Leap","floor":19},{"not_picked":["Undo","Capacitor"],"picked":"Redo","floor":20},{"not_picked":["All For One","Auto Shields"],"picked":"Defragment+1","floor":24},{"not_picked":["Beam Cell+1","Force Field"],"picked":"Turbo","floor":28},{"not_picked":["Stack","Aggregate+1"],"picked":"Hologram+1","floor":30},{"not_picked":["Hologram","Consume+1"],"picked":"Beam Cell+1","floor":31},{"not_picked":["All For One","Rainbow"],"picked":"Seek","floor":33},{"not_picked":["Hello World+1","Auto Shields"],"picked":"Gash","floor":35},{"not_picked":["Double Energy+1","Compile Driver+1"],"picked":"Stack","floor":36},{"not_picked":["Steam","Consume","Compile Driver+1"],"picked":"SKIP","floor":39},{"not_picked":["Tempest+1","Double Energy"],"picked":"Go for the Eyes+1","floor":41},{"not_picked":["Double Energy+1","Self Repair"],"picked":"Stack+1","floor":42},{"not_picked":["Rebound","Stack"],"picked":"Storm+1","floor":45},{"not_picked":["Beam Cell","Hello World+1","Hologram"],"picked":"SKIP","floor":47},{"not_picked":["Steam Power","Hologram"],"picked":"Go for the Eyes","floor":54}],"player_experience":61811,"relics_obtained":[{"floor":8,"key":"Oddly Smooth Stone"},{"floor":24,"key":"Whetstone"},{"floor":26,"key":"StoneCalendar"},{"floor":41,"key":"Ginger"},{"floor":43,"key":"Sundial"},{"floor":54,"key":"Vajra"}],"event_choices":[{"damage_healed":0,"gold_gain":0,"player_choice":"Upgraded","damage_taken":0,"max_hp_gain":0,"max_hp_loss":0,"event_name":"Upgrade Shrine","floor":7,"gold_loss":0,"cards_upgraded":["Gash"]},{"damage_healed":0,"gold_gain":0,"player_choice":"Opened","damage_taken":0,"relics_obtained":["Pocketwatch"],"max_hp_gain":0,"max_hp_loss":0,"event_name":"The Mausoleum","floor":22,"gold_loss":0},{"damage_healed":0,"gold_gain":0,"player_choice":"Ignored","damage_taken":0,"max_hp_gain":0,"max_hp_loss":0,"event_name":"Ghosts","floor":25,"gold_loss":0},{"cards_removed":["Zap"],"damage_healed":0,"gold_gain":0,"player_choice":"Gave Gold","damage_taken":0,"max_hp_gain":0,"max_hp_loss":0,"event_name":"Beggar","floor":27,"gold_loss":75},{"damage_healed":0,"gold_gain":0,"player_choice":"Embrace Madness","damage_taken":10,"max_hp_gain":0,"max_hp_loss":0,"event_name":"Winding Halls","floor":37,"gold_loss":0,"cards_obtained":["Madness","Madness"]},{"damage_healed":0,"gold_gain":0,"player_choice":"Leave","damage_taken":0,"max_hp_gain":0,"max_hp_loss":0,"event_name":"FaceTrader","floor":38,"gold_loss":0},{"damage_healed":72,"gold_gain":0,"player_choice":"Heal","damage_taken":0,"max_hp_gain":0,"max_hp_loss":10,"event_name":"The Moai Head","floor":48,"gold_loss":0}],"is_beta":false,"boss_relics":[{"not_picked":["White Beast Statue","Snecko Eye"],"picked":"Pandora\u0027s Box"},{"not_picked":["Cursed Key","Runic Pyramid"],"picked":"Philosopher\u0027s Stone"}],"items_purged_floors":[],"is_endless":false,"potions_floor_spawned":[1,3,10,12,14,18,28,31,35,36,47,54],"killed_by":"The Heart","ascension_level":1}