{"gold_per_floor":[109,126,126,138,154,154,180,180,180,208,228,228,248,248,248,248],"floor_reached":16,"playtime":737,"items_purged":[],"score":134,"play_id":"bb61bfb9-96c1-4937-b506-56f4c1c35327","local_time":"20190202142104","is_ascension_mode":true,"campfire_choices":[{"data":"Noxious Fumes","floor":6,"key":"SMITH"},{"floor":8,"key":"REST"},{"floor":15,"key":"REST"}],"neow_cost":"NONE","seed_source_timestamp":0,"circlet_count":0,"master_deck":["Defend_G","Defend_G","Defend_G","Defend_G","Defend_G+1","Strike_G","Strike_G","Strike_G","Strike_G","Strike_G","Survivor","Neutralize+1","Noxious Fumes+1","Dagger Spray","Backstab","Deadly Poison+1","Cloak And Dagger"],"special_seed":0,"relics":["White Beast Statue","Singing Bowl","Darkstone Periapt","Bottled Flame"],"potions_floor_usage":[7,10,11,16,16],"damage_taken":[{"damage":0,"enemies":"Small Slimes","floor":1,"turns":3},{"damage":7,"enemies":"Jaw Worm","floor":2,"turns":5},{"damage":8,"enemies":"Cultist","floor":4,"turns":5},{"damage":3,"enemies":"Blue Slaver","floor":5,"turns":3},{"damage":32,"enemies":"3 Sentries","floor":7,"turns":9},{"damage":33,"enemies":"Lagavulin","floor":10,"turns":7},{"damage":6,"enemies":"Looter","floor":11,"turns":3},{"damage":5,"enemies":"Lots of Slimes","floor":13,"turns":3},{"damage":25,"enemies":"Slime Boss","floor":16,"turns":5}],"seed_played":"4952771805924421883","potions_obtained":[{"floor":1,"key":"Regen Potion"},{"floor":2,"key":"Weak Potion"},{"floor":4,"key":"Ancient Potion"},{"floor":7,"key":"LiquidBronze"},{"floor":10,"key":"AttackPotion"},{"floor":11,"key":"FearPotion"},{"floor":13,"key":"PowerPotion"}],"is_trial":false,"path_per_floor":["M","M","?","M","M","R","E","R","T","E","M","?","M","?","R","B"],"character_chosen":"THE_SILENT","items_purchased":[],"campfire_rested":2,"item_purchase_floors":[],"current_hp_per_floor":[70,63,63,55,52,52,35,56,56,25,21,21,18,3,25,0],"gold":248,"neow_bonus":"BOSS_RELIC","is_prod":false,"is_daily":false,"chose_seed":false,"campfire_upgraded":1,"win_rate":0,"timestamp":1549138864,"path_taken":["M","M","?","M","M","R","E","R","T","E","M","?","M","?","R","BOSS"],"build_version":"2019-01-23","purchased_purges":0,"victory":false,"max_hp_per_floor":[70,70,70,70,70,70,70,70,70,72,74,74,76,76,76,76],"card_choices":[{"not_picked":["Accuracy","Cloak And Dagger"],"picked":"Noxious Fumes","floor":1},{"not_picked":["Blade Dance","Slice"],"picked":"Dagger Spray","floor":2},{"not_picked":["Reflex","Heel Hook"],"picked":"Backstab","floor":4},{"not_picked":["Dodge and Roll","Prepared"],"picked":"Deadly Poison","floor":5},{"not_picked":["Accuracy","Flechettes"],"picked":"Cloak And Dagger","floor":7},{"not_picked":["Reflex","Prepared","Masterful Stab"],"picked":"Singing Bowl","floor":10},{"not_picked":["Slice","Bouncing Flask","Tactician"],"picked":"Singing Bowl","floor":11},{"not_picked":["Cloak And Dagger","Concentrate","Deflect"],"picked":"Singing Bowl","floor":13}],"player_experience":438206,"relics_obtained":[{"floor":7,"key":"Singing Bowl"},{"floor":9,"key":"Darkstone Periapt"},{"floor":10,"key":"Bottled Flame"}],"event_choices":[{"damage_healed":0,"gold_gain":0,"player_choice":"Ignored","damage_taken":0,"max_hp_gain":0,"max_hp_loss":0,"event_name":"Liars Game","floor":3,"gold_loss":0},{"damage_healed":0,"gold_gain":0,"player_choice":"Grow","damage_taken":0,"max_hp_gain":0,"max_hp_loss":0,"event_name":"Living Wall","floor":12,"gold_loss":0,"cards_upgraded":["Neutralize"]},{"damage_healed":0,"gold_gain":0,"player_choice":"Entered Light","damage_taken":15,"max_hp_gain":0,"max_hp_loss":0,"event_name":"Shining Light","floor":14,"gold_loss":0,"cards_upgraded":["Defend_G","Deadly Poison"]}],"is_beta":false,"boss_relics":[],"items_purged_floors":[],"is_endless":false,"potions_floor_spawned":[1,2,4,5,7,10,11,13],"killed_by":"Slime Boss","ascension_level":4}