{"gold_per_floor":[109,109,109,209,18,50,50,65,65,65,77,94,113,113,113,113],"floor_reached":16,"playtime":418,"items_purged":[],"score":219,"play_id":"fe2dca3c-92c5-4ce8-9017-33f60e7cbd2f","local_time":"20190203130147","is_ascension_mode":true,"campfire_choices":[{"data":"Poisoned Stab","floor":7,"key":"SMITH"},{"data":"Neutralize","floor":10,"key":"SMITH"},{"data":"Adrenaline","floor":15,"key":"SMITH"}],"neow_cost":"NONE","seed_source_timestamp":7256055805800,"circlet_count":0,"master_deck":["AscendersBane","Defend_G","Defend_G","Defend_G","Defend_G","Defend_G","Strike_G","Strike_G","Strike_G","Strike_G","Strike_G","Survivor","Neutralize+1","Poisoned Stab+1","Adrenaline+1","Deadly Poison+1","Dagger Spray"],"relics":["Ring of the Snake","NeowsBlessing","Lantern","Membership Card","Pantograph","Art of War"],"potions_floor_usage":[16],"damage_taken":[{"damage":0,"enemies":"Jaw Worm","floor":1,"turns":1},{"damage":0,"enemies":"Gremlin Nob","floor":6,"turns":1},{"damage":0,"enemies":"2 Louse","floor":8,"turns":1},{"damage":0,"enemies":"Cultist","floor":11,"turns":3},{"damage":6,"enemies":"3 Louse","floor":12,"turns":5},{"damage":9,"enemies":"Gremlin Gang","floor":13,"turns":7},{"damage":72,"enemies":"Slime Boss","floor":16,"turns":11}],"seed_played":"-479757081191493701","potions_obtained":[{"floor":8,"key":"GamblersBrew"},{"floor":13,"key":"Ancient Potion"}],"is_trial":false,"path_per_floor":["M","?","$","?","$","E","R","M","T","R","M","M","M","?","R","B"],"character_chosen":"THE_SILENT","items_purchased":["Membership Card"],"campfire_rested":0,"item_purchase_floors":[5],"current_hp_per_floor":[59,54,54,54,54,54,54,54,54,54,54,48,39,39,39,0],"gold":113,"neow_bonus":"THREE_ENEMY_KILL","is_prod":false,"is_daily":false,"chose_seed":false,"campfire_upgraded":3,"win_rate":0,"timestamp":1549191707,"path_taken":["M","?","$","?","$","E","R","M","T","R","M","?","M","?","R","BOSS"],"build_version":"2019-01-23","purchased_purges":0,"victory":false,"max_hp_per_floor":[66,66,66,66,66,66,66,66,66,66,66,66,66,66,66,66],"card_choices":[{"not_picked":["Blade Dance","Blur"],"picked":"Poisoned Stab","floor":1},{"not_picked":["Quick Slash","Dagger Throw","Flying Knee"],"picked":"SKIP","floor":6},{"not_picked":["Leg Sweep","Cloak And Dagger"],"picked":"Adrenaline","floor":8},{"not_picked":["Acrobatics","Slice"],"picked":"Deadly Poison","floor":11},{"not_picked":["Dodge and Roll","Expertise","Riddle With Holes"],"picked":"SKIP","floor":12},{"not_picked":["Slice","Bouncing Flask"],"picked":"Dagger Spray","floor":13}],"player_experience":584204,"relics_obtained":[{"floor":6,"key":"Pantograph"},{"floor":9,"key":"Art of War"}],"event_choices":[{"damage_healed":0,"gold_gain":0,"player_choice":"Success","damage_taken":5,"relics_obtained":["Lantern"],"max_hp_gain":0,"max_hp_loss":0,"event_name":"Scrap Ooze","floor":2,"gold_loss":0},{"damage_healed":0,"gold_gain":100,"player_choice":"Gold","damage_taken":0,"max_hp_gain":0,"max_hp_loss":0,"event_name":"Wheel of Change","floor":4,"gold_loss":0},{"damage_healed":0,"gold_gain":0,"player_choice":"Grow","damage_taken":0,"max_hp_gain":0,"max_hp_loss":0,"event_name":"Living Wall","floor":14,"gold_loss":0,"cards_upgraded":["Deadly Poison"]}],"is_beta":false,"boss_relics":[],"items_purged_floors":[],"is_endless":false,"potions_floor_spawned":[8,13],"killed_by":"Slime Boss","ascension_level":15}