{"gold_per_floor":[109,129,129,129,18,18,51,51,51,51,51,51,67,87,87,188,188,204,204],"floor_reached":19,"playtime":1220,"items_purged":["Injury"],"score":190,"play_id":"4bf80a86-348e-46cf-bb7e-061b6763f1dc","local_time":"20181219123341","is_ascension_mode":true,"campfire_choices":[{"data":"Dualcast","floor":6,"key":"SMITH"},{"data":"Defragment","floor":8,"key":"SMITH"},{"data":"Go for the Eyes","floor":12,"key":"SMITH"},{"data":"Conserve Battery","floor":15,"key":"SMITH"}],"neow_cost":"CURSE","seed_source_timestamp":42525170521381,"circlet_count":0,"master_deck":["Strike_B","Strike_B","Strike_B","Strike_B","Defend_B","Defend_B","Defend_B","Defend_B","Zap","Dualcast+1","Seek+1","Cold Snap+1","Go for the Eyes+1","Melter","Defragment+1","Conserve Battery+1","Steam Power","Conserve Battery"],"relics":["Cracked Core","Dodecahedron","Matryoshka","Black Star"],"potions_floor_usage":[18,19],"damage_taken":[{"damage":4,"enemies":"Jaw Worm","floor":1,"turns":3},{"damage":0,"enemies":"2 Louse","floor":2,"turns":1},{"damage":12,"enemies":"Lagavulin","floor":7,"turns":6},{"damage":0,"enemies":"Small Slimes","floor":13,"turns":2},{"damage":2,"enemies":"3 Louse","floor":14,"turns":2},{"damage":27,"enemies":"Hexaghost","floor":16,"turns":10},{"damage":16,"enemies":"3 Byrds","floor":18,"turns":4},{"damage":58,"enemies":"Masked Bandits","floor":19,"turns":4}],"seed_played":"7822103019571995617","potions_obtained":[{"floor":13,"key":"Dexterity Potion"},{"floor":14,"key":"Block Potion"},{"floor":16,"key":"AttackPotion"}],"is_trial":false,"path_per_floor":["M","M","?","?","$","R","E","R","T","?","?","R","M","M","R","B",null,"M","?"],"character_chosen":"DEFECT","items_purchased":["Melter"],"campfire_rested":0,"item_purchase_floors":[5],"current_hp_per_floor":[71,71,56,56,56,56,44,44,44,62,55,55,55,53,53,26,72,56,0],"gold":204,"neow_bonus":"THREE_RARE_CARDS","is_prod":false,"is_daily":false,"chose_seed":false,"campfire_upgraded":4,"win_rate":0,"timestamp":1545244421,"path_taken":["M","M","?","?","$","R","E","R","T","?","?","R","?","M","R","BOSS","M","?"],"build_version":"2018-12-13","purchased_purges":1,"victory":false,"max_hp_per_floor":[75,75,75,75,75,75,75,75,75,75,72,72,72,72,72,72,72,72,72],"card_choices":[{"not_picked":["All For One","Buffer"],"picked":"Seek","floor":0},{"not_picked":["Gash","Compile Driver"],"picked":"Cold Snap","floor":1},{"not_picked":["Capacitor","Double Energy"],"picked":"Go for the Eyes","floor":2},{"not_picked":["Beam Cell","Skim"],"picked":"Defragment","floor":7},{"not_picked":["Compile Driver","All For One"],"picked":"Conserve Battery","floor":13},{"not_picked":["Chaos","Stack"],"picked":"Steam Power","floor":14},{"not_picked":["Stack+1","Gash"],"picked":"Conserve Battery","floor":18}],"player_experience":254181,"relics_obtained":[{"floor":7,"key":"Dodecahedron"},{"floor":9,"key":"Matryoshka"}],"event_choices":[{"damage_healed":0,"gold_gain":0,"player_choice":"Entered Light","damage_taken":15,"max_hp_gain":0,"max_hp_loss":0,"event_name":"Shining Light","floor":3,"gold_loss":0,"cards_upgraded":["Seek","Cold Snap"]},{"damage_healed":0,"gold_gain":0,"player_choice":"Leave","damage_taken":0,"max_hp_gain":0,"max_hp_loss":0,"event_name":"The Cleric","floor":4,"gold_loss":0},{"damage_healed":18,"gold_gain":0,"player_choice":"Healed and dodged fight","damage_taken":0,"max_hp_gain":0,"max_hp_loss":0,"event_name":"Mushrooms","floor":10,"gold_loss":0,"cards_obtained":["Parasite"]},{"cards_removed":["Parasite"],"damage_healed":0,"gold_gain":0,"player_choice":"Card Removal","damage_taken":7,"max_hp_gain":0,"max_hp_loss":0,"event_name":"Golden Wing","floor":11,"gold_loss":0},{"damage_healed":0,"gold_gain":0,"player_choice":"Fought Bandits","damage_taken":0,"max_hp_gain":0,"max_hp_loss":0,"event_name":"Masked Bandits","floor":19,"gold_loss":0}],"is_beta":false,"boss_relics":[{"not_picked":["Orrery","Runic Pyramid"],"picked":"Black Star"}],"items_purged_floors":[5],"is_endless":false,"potions_floor_spawned":[13,14,16],"killed_by":"Masked Bandits","ascension_level":3}