{"gold_per_floor":[111,111,122,47,66,66,101,118,118,118,138,138,138],"floor_reached":13,"playtime":463,"items_purged":["Strike_B"],"score":162,"play_id":"f08b8a63-d72f-4737-80aa-d32bbf37e50a","local_time":"20190128151515","is_ascension_mode":true,"campfire_choices":[{"data":"Zap","floor":6.0,"key":"SMITH"}],"neow_cost":"NONE","seed_source_timestamp":523058199721196,"circlet_count":0,"master_deck":["AscendersBane","Strike_B","Strike_B","Strike_B","Defend_B","Defend_B","Defend_B","Defend_B","Zap+1","Dualcast","Core Surge+1","Glacier","Sweeping Beam+1","Defragment+1","BootSequence"],"special_seed":0,"relics":["Cracked Core","NeowsBlessing","Whetstone","Regal Pillow"],"potions_floor_usage":[13,13],"damage_taken":[{"damage":0.0,"enemies":"Small Slimes","floor":1.0,"turns":1.0},{"damage":0.0,"enemies":"Cultist","floor":3.0,"turns":1.0},{"damage":0.0,"enemies":"2 Louse","floor":5.0,"turns":1.0},{"damage":32.0,"enemies":"3 Sentries","floor":7.0,"turns":14.0},{"damage":7.0,"enemies":"Lots of Slimes","floor":8.0,"turns":2.0},{"damage":1.0,"enemies":"Looter","floor":11.0,"turns":4.0},{"damage":40,"enemies":"Gremlin Nob","floor":13,"turns":4}],"seed_played":"-8826624999406641978","potions_obtained":[{"floor":1.0,"key":"Dexterity Potion"},{"floor":7.0,"key":"Swift Potion"},{"floor":11.0,"key":"Explosive Potion"}],"is_trial":false,"path_per_floor":["M","?","M","$","M","R","E","M","T","?","M","?","E"],"character_chosen":"DEFECT","items_purchased":[],"campfire_rested":0,"item_purchase_floors":[],"current_hp_per_floor":[64,64,64,64,64,64,32,25,25,25,24,24,0],"gold":138,"neow_bonus":"THREE_ENEMY_KILL","is_prod":false,"is_daily":false,"chose_seed":false,"campfire_upgraded":1,"win_rate":0,"timestamp":1548684915,"path_taken":["M","?","M","$","?","R","E","M","T","?","?","?","E"],"build_version":"2019-01-23","purchased_purges":1,"victory":false,"max_hp_per_floor":[71,71,71,71,71,71,71,71,71,71,71,71,71],"card_choices":[{"not_picked":["Steam Power","Aggregate","Streamline"],"picked":"SKIP","floor":1.0},{"not_picked":["Capacitor","Steam Power","Coolheaded"],"picked":"SKIP","floor":3.0},{"not_picked":["Self Repair","White Noise"],"picked":"Glacier","floor":5.0},{"not_picked":["Go for the Eyes","Ball Lightning"],"picked":"Sweeping Beam","floor":7.0},{"not_picked":["Darkness","BootSequence"],"picked":"Defragment","floor":8.0},{"not_picked":["Turbo","Leap"],"picked":"BootSequence","floor":11.0}],"player_experience":1033626,"relics_obtained":[{"floor":7.0,"key":"Whetstone"},{"floor":9.0,"key":"Regal Pillow"}],"event_choices":[{"damage_healed":0.0,"max_hp_gain":0.0,"max_hp_loss":0.0,"gold_gain":0.0,"event_name":"Match and Keep!","player_choice":"1 cards matched","floor":2.0,"gold_loss":0.0,"damage_taken":0.0,"cards_obtained":["Core Surge"]},{"damage_healed":0.0,"max_hp_gain":0.0,"max_hp_loss":0.0,"gold_gain":0.0,"event_name":"Upgrade Shrine","player_choice":"Upgraded","floor":10.0,"gold_loss":0.0,"damage_taken":0.0,"cards_upgraded":["Defragment"]},{"damage_healed":0.0,"max_hp_gain":0.0,"max_hp_loss":0.0,"gold_gain":0.0,"event_name":"Liars Game","player_choice":"Ignored","floor":12.0,"gold_loss":0.0,"damage_taken":0.0}],"is_beta":false,"boss_relics":[],"items_purged_floors":[4],"is_endless":false,"potions_floor_spawned":[1,7,11],"killed_by":"Gremlin Nob","ascension_level":18}