{"gold_per_floor":[116,116,128,140,65,65,85,85,134,161,175,193,10,45,45,144,144,162,162,127,127,97,97,107,107,133,133,133,149,149,166,166,269,269,284,79,91,141,160,192,192,206,206,241,241,261,261,17,17,17],"floor_reached":51,"playtime":4082,"items_purged":["Regret","Strike_R"],"score":1060,"play_id":"3f557bbd-7725-4d3a-865d-e1fdb14d2bd5","local_time":"20181112143730","is_ascension_mode":true,"campfire_choices":[{"data":"True Grit","floor":6.0,"key":"SMITH"},{"data":"Carnage","floor":8.0,"key":"SMITH"},{"floor":15.0,"key":"REST"},{"data":"Immolate","floor":23.0,"key":"SMITH"},{"data":"Feel No Pain","floor":25.0,"key":"SMITH"},{"data":"Corruption","floor":27.0,"key":"SMITH"},{"floor":30.0,"key":"REST"},{"data":"Flame Barrier","floor":32.0,"key":"SMITH"},{"floor":41.0,"key":"REST"},{"floor":45.0,"key":"REST"},{"floor":49,"key":"REST"}],"neow_cost":"NONE","seed_source_timestamp":65602180605657,"circlet_count":0,"master_deck":["AscendersBane","Strike_R+1","Strike_R+1","Defend_R+1","Defend_R+1","Defend_R+1","Defend_R+1","Bash","True Grit+1","Shrug It Off","Carnage+1","Corruption+1","Pummel","Battle Trance","Finesse","Shrug It Off","Shrug It Off","Immolate+1","Flame Barrier+1","Sentinel","Feel No Pain+1","Shrug It Off","Intimidate+1","Evolve+1","Impervious","Flame Barrier","Metallicize+1","Impervious","Shockwave","Sentinel+1","Clash","Feel No Pain+1","Feel No Pain+1","Demon Form+1"],"special_seed":0,"relics":["Black Blood","Bag of Preparation","Omamori","Regal Pillow","Dream Catcher","Art of War","Empty Cage","Juzu Bracelet","Oddly Smooth Stone","Pantograph","ClockworkSouvenir","Ice Cream","Prayer Wheel","Frozen Egg 2","Red Skull","DollysMirror"],"potions_floor_usage":[],"damage_taken":[{"damage":5.0,"enemies":"Small Slimes","floor":1.0,"turns":3.0},{"damage":6.0,"enemies":"2 Louse","floor":3.0,"turns":3.0},{"damage":16.0,"enemies":"Jaw Worm","floor":4.0,"turns":7.0},{"damage":5.0,"enemies":"Red Slaver","floor":7.0,"turns":4.0},{"damage":29.0,"enemies":"3 Sentries","floor":10.0,"turns":10.0},{"damage":16.0,"enemies":"Exordium Wildlife","floor":11.0,"turns":6.0},{"damage":0.0,"enemies":"Blue Slaver","floor":12.0,"turns":3.0},{"damage":25.0,"enemies":"Lagavulin","floor":14.0,"turns":7.0},{"damage":13.0,"enemies":"The Guardian","floor":16.0,"turns":16.0},{"damage":42.0,"enemies":"Chosen","floor":18.0,"turns":7.0},{"damage":12.0,"enemies":"3 Byrds","floor":24.0,"turns":3.0},{"damage":27.0,"enemies":"Cultist and Chosen","floor":29.0,"turns":8.0},{"damage":6.0,"enemies":"Chosen and Byrds","floor":31.0,"turns":8.0},{"damage":69.0,"enemies":"Automaton","floor":33.0,"turns":14.0},{"damage":0.0,"enemies":"Orb Walker","floor":35.0,"turns":5.0},{"damage":10.0,"enemies":"3 Darklings","floor":37.0,"turns":5.0},{"damage":6.0,"enemies":"2 Orb Walkers","floor":38.0,"turns":6.0},{"damage":6.0,"enemies":"Jaw Worm Horde","floor":39.0,"turns":5.0},{"damage":81.0,"enemies":"Reptomancer","floor":40.0,"turns":10.0},{"damage":6.0,"enemies":"Maw","floor":42.0,"turns":10.0},{"damage":0.0,"enemies":"Nemesis","floor":44.0,"turns":9.0},{"damage":0,"enemies":"Sphere and 2 Shapes","floor":46,"turns":8},{"damage":49,"enemies":"Time Eater","floor":50,"turns":14}],"seed_played":"-3523435388440644516","potions_obtained":[{"floor":3.0,"key":"Weak Potion"},{"floor":4.0,"key":"AttackPotion"},{"floor":12.0,"key":"AttackPotion"},{"floor":18.0,"key":"BloodPotion"},{"floor":22.0,"key":"Energy Potion"},{"floor":22.0,"key":"EssenceOfSteel"},{"floor":35.0,"key":"SpeedPotion"},{"floor":38.0,"key":"Ancient Potion"},{"floor":39.0,"key":"Regen Potion"},{"floor":40.0,"key":"PowerPotion"},{"floor":44.0,"key":"Ancient Potion"}],"is_trial":false,"path_per_floor":["M","?","M","M","$","R","M","R","T","E","M","M","$","E","R","B",null,"M","?","$","?","?","R","M","R","T","R","?","M","R","M","R","B",null,"M","$","M","?","M","E","R","M","T","E","R","M","?","$","R","B",null],"character_chosen":"IRONCLAD","items_purchased":["Finesse","Sentinel","ClockworkSouvenir","DollysMirror","Strength Potion"],"campfire_rested":5,"item_purchase_floors":[13,20,36,48,48],"current_hp_per_floor":[73,73,73,63,63,63,64,64,64,41,31,37,37,18,57,50,73,37,37,37,37,37,37,31,31,31,31,31,10,49,49,49,19,65,75,75,75,79,80,19,58,62,62,72,80,80,80,80,80,41],"gold":17,"neow_bonus":"RANDOM_COMMON_RELIC","is_prod":false,"is_daily":false,"chose_seed":false,"campfire_upgraded":6,"win_rate":0,"timestamp":1542029850,"path_taken":["M","?","M","M","$","R","M","R","T","E","M","M","$","E","R","BOSS","M","?","$","?","?","R","M","R","T","R","?","M","R","M","R","BOSS","M","$","M","?","M","E","R","M","T","E","R","M","?","$","R","BOSS"],"build_version":"2018-11-08","purchased_purges":2,"victory":true,"max_hp_per_floor":[80,80,80,80,80,80,80,80,80,80,80,80,80,80,80,80,80,80,80,80,80,80,80,80,80,80,80,80,80,80,80,80,80,80,80,80,80,80,80,80,80,80,80,80,80,80,80,80,80,80],"card_choices":[{"not_picked":["Wild Strike","Twin Strike"],"picked":"True Grit","floor":1.0},{"not_picked":["Blood for Blood","Brutality"],"picked":"Shrug It Off","floor":3.0},{"not_picked":["Iron Wave","Heavy Blade"],"picked":"Carnage","floor":4.0},{"not_picked":["Sentinel","Spot Weakness"],"picked":"Corruption","floor":7.0},{"not_picked":["Headbutt","Warcry"],"picked":"Pummel","floor":10.0},{"not_picked":["Ghostly Armor","Warcry","Flex"],"picked":"SKIP","floor":11.0},{"not_picked":["Iron Wave","Cleave"],"picked":"Battle Trance","floor":12.0},{"not_picked":["Spot Weakness","Sword Boomerang"],"picked":"Shrug It Off","floor":14.0},{"not_picked":["Warcry","Iron Wave"],"picked":"Shrug It Off","floor":15.0},{"not_picked":["Impervious","Limit Break"],"picked":"Immolate","floor":16.0},{"not_picked":["Bloodletting","Havoc"],"picked":"Flame Barrier","floor":18.0},{"not_picked":["Blood for Blood+1","Searing Blow"],"picked":"Feel No Pain","floor":24.0},{"not_picked":["Headbutt","Spot Weakness"],"picked":"Shrug It Off","floor":29.0},{"not_picked":["Flex","Inflame+1"],"picked":"Intimidate+1","floor":30.0},{"not_picked":["Sever Soul","Perfected Strike"],"picked":"Evolve+1","floor":31.0},{"not_picked":["Berserk","Barricade"],"picked":"Impervious","floor":33.0},{"not_picked":["Pommel Strike","Headbutt+1"],"picked":"Flame Barrier","floor":35.0},{"not_picked":["Burning Pact+1","Heavy Blade+1","Clothesline+1"],"picked":"SKIP","floor":37.0},{"not_picked":["Ghostly Armor+1","Iron Wave"],"picked":"Metallicize+1","floor":39.0},{"not_picked":["Second Wind","Wild Strike","Carnage+1"],"picked":"SKIP","floor":40.0},{"not_picked":["Armaments","Rupture"],"picked":"Impervious","floor":42.0},{"not_picked":["Havoc+1","Perfected Strike"],"picked":"Shockwave","floor":42.0},{"not_picked":["Havoc","Heavy Blade+1","Armaments"],"picked":"SKIP","floor":44.0},{"not_picked":["Perfected Strike","Rage+1"],"picked":"Sentinel+1","floor":45.0},{"not_picked":["Iron Wave+1","Thunderclap"],"picked":"Clash","floor":46},{"not_picked":["Clothesline","Perfected Strike+1","Corruption+1"],"picked":"SKIP","floor":46},{"not_picked":["True Grit","Warcry+1"],"picked":"Demon Form+1","floor":49}],"player_experience":495188,"relics_obtained":[{"floor":9.0,"key":"Regal Pillow"},{"floor":10.0,"key":"Dream Catcher"},{"floor":14.0,"key":"Art of War"},{"floor":26.0,"key":"Oddly Smooth Stone"},{"floor":38.0,"key":"Ice Cream"},{"floor":40.0,"key":"Prayer Wheel"},{"floor":43.0,"key":"Frozen Egg 2"},{"floor":44.0,"key":"Red Skull"}],"event_choices":[{"damage_healed":0.0,"max_hp_gain":0.0,"max_hp_loss":0.0,"gold_gain":0.0,"event_name":"Big Fish","player_choice":"Box","floor":2.0,"gold_loss":0.0,"damage_taken":0.0,"relics_obtained":["Omamori"],"cards_obtained":["Regret"]},{"damage_healed":0.0,"max_hp_gain":0.0,"max_hp_loss":0.0,"gold_gain":0.0,"event_name":"Addict","player_choice":"Stole Relic","floor":19.0,"gold_loss":0.0,"damage_taken":0.0,"relics_obtained":["Juzu Bracelet"],"cards_obtained":["Shame"]},{"damage_healed":0.0,"max_hp_gain":0.0,"max_hp_loss":0.0,"gold_gain":0.0,"event_name":"Back to Basics","player_choice":"Simplicity","floor":21.0,"gold_loss":0.0,"damage_taken":0.0,"cards_upgraded":["Strike_R","Strike_R","Defend_R","Defend_R","Defend_R","Defend_R"]},{"damage_healed":0.0,"max_hp_gain":0.0,"max_hp_loss":0.0,"gold_gain":0.0,"event_name":"The Woman in Blue","player_choice":"Bought 2 Potions","floor":22.0,"gold_loss":0.0,"damage_taken":0.0},{"damage_healed":0.0,"max_hp_gain":0.0,"max_hp_loss":0.0,"gold_gain":0.0,"event_name":"The Mausoleum","player_choice":"Opened","floor":28.0,"gold_loss":0.0,"damage_taken":0.0,"relics_obtained":["Pantograph"],"cards_obtained":["Writhe"]},{"damage_healed":0.0,"max_hp_gain":0.0,"max_hp_loss":0.0,"gold_gain":0.0,"event_name":"Mysterious Sphere","player_choice":"Fight","floor":38.0,"gold_loss":0.0,"damage_taken":0.0},{"damage_healed":0,"gold_gain":0,"player_choice":"Copied","damage_taken":0,"max_hp_gain":0,"max_hp_loss":0,"event_name":"Duplicator","floor":47,"gold_loss":0,"cards_obtained":["Feel No Pain"]}],"is_beta":false,"boss_relics":[{"not_picked":["Pandora\u0027s Box","Runic Pyramid"],"picked":"Empty Cage"},{"not_picked":["Snecko Eye","Cursed Key"],"picked":"Black Blood"}],"items_purged_floors":[5,13],"is_endless":false,"potions_floor_spawned":[3,4,12,18,29,31,35,38,39,40,44],"ascension_level":10}