{"gold_per_floor":[112,62,62,72,83,83,83,96,96,116,116,129,146,180,180,275,275,290,290,290,14,14,14,27,27,76,86,119,132,162,25,25,125,125,142,242,252,252,46,79,79,93,150,170,195,20,53,72,72,72],"floor_reached":50,"playtime":6082,"items_purged":["Strike_B+1","Defend_B+1"],"score":830,"play_id":"65ebd6b0-7499-4c6e-a1ec-e5d4c12f430f","local_time":"20181102004656","is_ascension_mode":true,"campfire_choices":[{"data":"Coolheaded","floor":6,"key":"SMITH"},{"data":"Loop","floor":15,"key":"SMITH"},{"data":"Go for the Eyes","floor":23,"key":"SMITH"},{"data":"Echo Form","floor":25,"key":"SMITH"},{"data":"Coolheaded","floor":32,"key":"SMITH"},{"data":"Capacitor","floor":49,"key":"SMITH"}],"neow_cost":"NONE","seed_source_timestamp":0,"circlet_count":0,"master_deck":["Defend_B+1","Defend_B+1","Zap+1","Coolheaded+1","Glacier+1","FTL","Electrodynamics","Rebound","Turbo","Gash","Conserve Battery","FTL","Loop+1","Echo Form+1","Cold Snap","Go for the Eyes+1","Go for the Eyes+1","Coolheaded+1","Coolheaded+1","Echo Form","Hologram","Redo+1","Sunder","Storm+1","Compile Driver","Capacitor+1","Skim"],"special_seed":0,"relics":["Cracked Core","Thread and Needle","Du-Vu Doll","Busted Crown","PreservedInsect","Vajra","War Paint","Gambling Chip","Nuclear Battery","Ice Cream","HandDrill","Lantern","Tiny Chest","Boot","Bag of Marbles"],"potions_floor_usage":[13,27,35,42,50,50],"damage_taken":[{"damage":1.0,"enemies":"Cultist","floor":1.0,"turns":3.0},{"damage":0.0,"enemies":"Small Slimes","floor":4.0,"turns":3.0},{"damage":1.0,"enemies":"2 Louse","floor":5.0,"turns":4.0},{"damage":6,"enemies":"Large Slime","floor":8,"turns":4},{"damage":8,"enemies":"Lots of Slimes","floor":10,"turns":2},{"damage":0,"enemies":"3 Louse","floor":12,"turns":2},{"damage":3,"enemies":"Exordium Wildlife","floor":13,"turns":2},{"damage":14,"enemies":"Gremlin Nob","floor":14,"turns":5},{"damage":9,"enemies":"Hexaghost","floor":16,"turns":13},{"damage":0,"enemies":"Shell Parasite","floor":18,"turns":6},{"damage":0,"enemies":"Spheric Guardian","floor":24,"turns":4},{"damage":4,"enemies":"Snake Plant","floor":27,"turns":5},{"damage":0,"enemies":"Book of Stabbing","floor":28,"turns":6},{"damage":0,"enemies":"Shelled Parasite and Fungi","floor":29,"turns":6},{"damage":0,"enemies":"Gremlin Leader","floor":30,"turns":5},{"damage":0,"enemies":"Champ","floor":33,"turns":14},{"damage":13,"enemies":"3 Darklings","floor":35,"turns":4},{"damage":0,"enemies":"Mind Bloom Boss Battle","floor":36,"turns":9},{"damage":0,"enemies":"Orb Walker","floor":37,"turns":4},{"damage":36,"enemies":"Nemesis","floor":40,"turns":6},{"damage":8,"enemies":"Transient","floor":42,"turns":5},{"damage":0,"enemies":"Spire Growth","floor":44,"turns":5},{"damage":0,"enemies":"Giant Head","floor":45,"turns":7},{"damage":0,"enemies":"Nemesis","floor":47,"turns":4},{"damage":7,"enemies":"4 Shapes","floor":48,"turns":2},{"damage":76,"enemies":"Time Eater","floor":50,"turns":17}],"seed_played":"3580914431646381062","potions_obtained":[{"floor":5,"key":"Dexterity Potion"},{"floor":12,"key":"EssenceOfSteel"},{"floor":13,"key":"Energy Potion"},{"floor":16,"key":"SteroidPotion"},{"floor":18,"key":"Swift Potion"},{"floor":24,"key":"Weak Potion"},{"floor":42,"key":"FearPotion"},{"floor":44,"key":"SpeedPotion"},{"floor":45,"key":"Swift Potion"},{"floor":47,"key":"Swift Potion"}],"is_trial":false,"path_per_floor":["M","?","?","M","M","M","R","?","M","T","M","?","M","M","E","R","B",null,"M","?","?","$","?","R","M","R","T","M","E","M","E","$","R","B",null,"M","?","M","?","$","E","?","M","T","M","E","$","E","M","R","B"],"character_chosen":"DEFECT","items_purchased":["Go for the Eyes","PreservedInsect","Echo Form","HandDrill","Capacitor"],"campfire_rested":0,"item_purchase_floors":[21,21,31,39,46],"current_hp_per_floor":[74,74,67,67,66,66,66,60,60,52,52,52,49,35,35,26,75,75,75,75,75,75,75,75,75,75,71,71,71,71,71,71,71,75,62,62,62,62,62,26,62,54,54,54,54,54,54,47,47,0],"gold":72,"neow_bonus":"UPGRADE_CARD","is_prod":false,"is_daily":false,"chose_seed":false,"campfire_upgraded":6,"win_rate":0,"timestamp":1541137616,"path_taken":["M","?","?","M","M","R","?","M","T","M","?","?","M","E","R","BOSS","M","?","?","$","?","R","M","R","T","?","E","M","E","$","R","BOSS","M","?","M","?","?","E","?","M","T","M","E","?","E","M","R","BOSS"],"build_version":"2018-11-01","purchased_purges":2,"victory":false,"max_hp_per_floor":[75,75,75,75,75,75,75,75,75,75,75,75,75,75,75,75,75,75,75,75,75,75,75,75,75,75,75,75,75,75,75,75,75,75,75,75,75,71,71,71,62,62,62,62,62,62,62,62,62,62],"card_choices":[{"not_picked":["Rip and Tear","Beam Cell"],"picked":"Coolheaded","floor":1.0},{"not_picked":["Recycle","Leap"],"picked":"Glacier","floor":4.0},{"not_picked":["Blizzard","Conserve Battery"],"picked":"FTL","floor":5},{"not_picked":["Force Field","Compile Driver"],"picked":"Rebound","floor":8},{"not_picked":["Compile Driver","Sweeping Beam"],"picked":"Turbo","floor":10},{"not_picked":["Recycle","BootSequence"],"picked":"Conserve Battery","floor":12},{"not_picked":["Compile Driver","Rebound"],"picked":"FTL","floor":13},{"not_picked":["Redo","Meteor Strike"],"picked":"Loop","floor":14},{"not_picked":["Amplify","Biased Cognition"],"picked":"Echo Form","floor":16},{"not_picked":[],"picked":"Cold Snap","floor":18},{"not_picked":[],"picked":"Go for the Eyes+1","floor":24},{"not_picked":[],"picked":"Coolheaded","floor":27},{"not_picked":["Turbo+1"],"picked":"SKIP","floor":28},{"not_picked":[],"picked":"Coolheaded","floor":29},{"not_picked":["Steam Power+1"],"picked":"SKIP","floor":30},{"not_picked":[],"picked":"Hologram","floor":35},{"not_picked":[],"picked":"Redo+1","floor":37},{"not_picked":["Steam Power"],"picked":"SKIP","floor":40},{"not_picked":[],"picked":"Sunder","floor":42},{"not_picked":[],"picked":"Storm+1","floor":44},{"not_picked":[],"picked":"Compile Driver","floor":45},{"not_picked":["Streamline"],"picked":"SKIP","floor":47},{"not_picked":[],"picked":"Skim","floor":48}],"player_experience":85033,"relics_obtained":[{"floor":9,"key":"Thread and Needle"},{"floor":14,"key":"Du-Vu Doll"},{"floor":26,"key":"Vajra"},{"floor":28,"key":"War Paint"},{"floor":30,"key":"Gambling Chip"},{"floor":36,"key":"Ice Cream"},{"floor":40,"key":"Lantern"},{"floor":43,"key":"Tiny Chest"},{"floor":45,"key":"Boot"},{"floor":47,"key":"Bag of Marbles"}],"event_choices":[{"cards_removed":["Strike_B"],"damage_healed":0.0,"max_hp_gain":0.0,"max_hp_loss":0.0,"gold_gain":0.0,"event_name":"The Cleric","player_choice":"Card Removal","floor":2.0,"gold_loss":50.0,"damage_taken":0.0},{"cards_removed":["Defend_B"],"damage_healed":0.0,"max_hp_gain":0.0,"max_hp_loss":0.0,"gold_gain":0.0,"event_name":"Golden Wing","player_choice":"Card Removal","floor":3.0,"gold_loss":0.0,"damage_taken":7.0},{"damage_healed":0,"gold_gain":0,"cards_transformed":["Strike_B"],"player_choice":"Change","damage_taken":0,"max_hp_gain":0,"max_hp_loss":0,"event_name":"Living Wall","floor":7,"gold_loss":0,"cards_obtained":["Electrodynamics"]},{"damage_healed":0,"gold_gain":0,"cards_transformed":["Strike_B"],"player_choice":"Transformed","damage_taken":0,"max_hp_gain":0,"max_hp_loss":0,"event_name":"Transmorgrifier","floor":11,"gold_loss":0,"cards_obtained":["Gash"]},{"damage_healed":0,"gold_gain":0,"player_choice":"Simplicity","damage_taken":0,"max_hp_gain":0,"max_hp_loss":0,"event_name":"Back to Basics","floor":19,"gold_loss":0,"cards_upgraded":["Strike_B","Defend_B","Defend_B","Defend_B"]},{"damage_healed":0,"gold_gain":0,"player_choice":"Ignored","damage_taken":0,"max_hp_gain":0,"max_hp_loss":0,"event_name":"Ghosts","floor":20,"gold_loss":0},{"cards_removed":["Dualcast"],"damage_healed":0,"gold_gain":0,"player_choice":"Purged","damage_taken":0,"max_hp_gain":0,"max_hp_loss":0,"event_name":"Purifier","floor":22,"gold_loss":0},{"damage_healed":0,"gold_gain":0,"player_choice":"Fight","damage_taken":0,"max_hp_gain":0,"max_hp_loss":0,"event_name":"MindBloom","floor":36,"gold_loss":0},{"damage_healed":0,"gold_gain":0,"player_choice":"Max HP","damage_taken":0,"max_hp_gain":0,"max_hp_loss":4,"event_name":"Winding Halls","floor":38,"gold_loss":0},{"damage_healed":62,"gold_gain":0,"player_choice":"Heal","damage_taken":0,"max_hp_gain":0,"max_hp_loss":9,"event_name":"The Moai Head","floor":41,"gold_loss":0}],"is_beta":false,"boss_relics":[{"not_picked":["Snecko Eye","Fusion Hammer"],"picked":"Busted Crown"},{"not_picked":["Runic Pyramid","Velvet Choker"],"picked":"Nuclear Battery"}],"items_purged_floors":[21,46],"is_endless":false,"potions_floor_spawned":[5,12,13,16,18,24,42,44,45,47],"killed_by":"Time Eater","ascension_level":3}