{"gold_per_floor":[111,111,111,125,138,170,190,190],"floor_reached":8,"playtime":512,"items_purged":[],"score":58,"play_id":"c0f3fe41-0094-44d4-a40f-eeedf6851906","local_time":"20190113074817","is_ascension_mode":false,"campfire_choices":[],"neow_cost":"NONE","seed_source_timestamp":2093465917779,"circlet_count":0,"master_deck":["Strike_B","Strike_B+1","Strike_B","Strike_B","Defend_B+1","Defend_B","Defend_B","Defend_B","Zap","Dualcast","Defragment","Reinforced Body","Cold Snap","Lockon"],"special_seed":0,"relics":["Philosopher\u0027s Stone","Peace Pipe"],"potions_floor_usage":[6],"damage_taken":[{"damage":7.0,"enemies":"Jaw Worm","floor":1.0,"turns":4.0},{"damage":0.0,"enemies":"2 Louse","floor":4.0,"turns":2.0},{"damage":2.0,"enemies":"Cultist","floor":5.0,"turns":4.0},{"damage":33,"enemies":"Lagavulin","floor":6,"turns":7},{"damage":9,"enemies":"3 Louse","floor":7,"turns":4},{"damage":46,"enemies":"Gremlin Nob","floor":8,"turns":5}],"seed_played":"2918900168972218222","potions_obtained":[{"floor":1.0,"key":"FearPotion"}],"is_trial":false,"path_per_floor":["M","?","?","M","M","E","M","E"],"character_chosen":"DEFECT","items_purchased":[],"campfire_rested":0,"item_purchase_floors":[],"current_hp_per_floor":[68,53,58,58,56,23,14,0],"gold":190,"neow_bonus":"BOSS_RELIC","is_prod":false,"is_daily":false,"chose_seed":false,"campfire_upgraded":0,"win_rate":0,"timestamp":1547387297,"path_taken":["M","?","?","M","M","E","M","E"],"build_version":"2019-01-10","purchased_purges":0,"victory":false,"max_hp_per_floor":[75,75,80,80,80,80,80,80],"card_choices":[{"not_picked":["Cold Snap","Ball Lightning"],"picked":"Defragment","floor":1.0},{"not_picked":["Storm","Turbo","Barrage"],"picked":"SKIP","floor":4.0},{"not_picked":["Steam","Beam Cell"],"picked":"Reinforced Body","floor":5.0},{"not_picked":["Fission","Turbo"],"picked":"Cold Snap","floor":6},{"not_picked":["Gash","Steam"],"picked":"Lockon","floor":7}],"player_experience":246561,"relics_obtained":[{"floor":6,"key":"Peace Pipe"}],"event_choices":[{"damage_healed":0.0,"max_hp_gain":0.0,"max_hp_loss":0.0,"gold_gain":0.0,"event_name":"Shining Light","player_choice":"Entered Light","floor":2.0,"gold_loss":0.0,"damage_taken":15.0,"cards_upgraded":["Defend_B","Strike_B"]},{"damage_healed":0.0,"max_hp_gain":5.0,"max_hp_loss":0.0,"gold_gain":0.0,"event_name":"Big Fish","player_choice":"Donut","floor":3.0,"gold_loss":0.0,"damage_taken":0.0}],"is_beta":false,"boss_relics":[],"items_purged_floors":[],"is_endless":false,"potions_floor_spawned":[1],"killed_by":"Gremlin Nob","ascension_level":0}