{"gold_per_floor":[119,130,147,80,96,96,96,96,123,157,157,185,185,34,34,133,133,148,148,148,28,45,74,74,94,145,157,184,223,265,292,304,415,477,500,512,62,72,87,87,87,103,103,113,113,76,89,102,102,102],"floor_reached":51,"playtime":5522,"items_purged":["Rupture"],"score":747,"play_id":"cd3ac90e-80b8-408a-9611-6dc5195a24bf","local_time":"20190202233548","is_ascension_mode":false,"campfire_choices":[{"floor":6,"key":"REST"},{"data":"Limit Break","floor":8,"key":"SMITH"},{"floor":11,"key":"REST"},{"floor":13,"key":"REST"},{"data":"Whirlwind","floor":15,"key":"SMITH"},{"data":"Flame Barrier","floor":24,"key":"SMITH"},{"data":"Limit Break","floor":27,"key":"SMITH"},{"data":"Metallicize","floor":32,"key":"SMITH"},{"floor":40,"key":"REST"},{"floor":45,"key":"REST"},{"floor":49,"key":"REST"}],"neow_cost":"NONE","seed_source_timestamp":7598206603459,"circlet_count":0,"master_deck":["Strike_R","Strike_R","Strike_R","Defend_R","Defend_R","Defend_R+1","Defend_R","Bash","Limit Break+1","Shrug It Off","Armaments","Inflame","Inflame","Whirlwind+1","Armaments","Limit Break+1","Inflame+1","Anger","Whirlwind+1","Flame Barrier+1","Shrug It Off","Shrug It Off","Heavy Blade+1","Metallicize+1","Metallicize+1","Spot Weakness","Demon Form","Headbutt","Writhe","Whirlwind+1","Armaments+1","Shrug It Off+1","Bloodletting","Carnage","Ghostly Armor+1","Inflame","Demon Form","Heavy Blade+1"],"relics":["Burning Blood","Omamori","Bag of Marbles","Regal Pillow","PreservedInsect","Cursed Key","Boot","MawBank","Strawberry","Dream Catcher","Tiny House","Self Forming Clay","Centennial Puzzle"],"potions_floor_usage":[],"damage_taken":[{"damage":10,"enemies":"Cultist","floor":1,"turns":4},{"damage":4,"enemies":"Small Slimes","floor":2,"turns":6},{"damage":6,"enemies":"2 Louse","floor":3,"turns":3},{"damage":51,"enemies":"Gremlin Gang","floor":5,"turns":5},{"damage":35,"enemies":"3 Sentries","floor":10,"turns":8},{"damage":27,"enemies":"Lagavulin","floor":12,"turns":7},{"damage":28,"enemies":"Slime Boss","floor":16,"turns":9},{"damage":2,"enemies":"Shell Parasite","floor":18,"turns":5},{"damage":5,"enemies":"Spheric Guardian","floor":22,"turns":4},{"damage":14,"enemies":"Slavers","floor":23,"turns":3},{"damage":3,"enemies":"Cultist and Chosen","floor":25,"turns":3},{"damage":5,"enemies":"Centurion and Healer","floor":28,"turns":4},{"damage":5,"enemies":"Gremlin Leader","floor":30,"turns":3},{"damage":4,"enemies":"Snecko","floor":31,"turns":4},{"damage":47,"enemies":"Collector","floor":33,"turns":8},{"damage":35,"enemies":"3 Darklings","floor":35,"turns":5},{"damage":55,"enemies":"3 Shapes","floor":38,"turns":3},{"damage":46,"enemies":"Transient","floor":39,"turns":5},{"damage":15,"enemies":"Sphere and 2 Shapes","floor":42,"turns":7},{"damage":7,"enemies":"Spire Growth","floor":44,"turns":5},{"damage":16,"enemies":"4 Shapes","floor":47,"turns":3},{"damage":19,"enemies":"Maw","floor":48,"turns":8},{"damage":42,"enemies":"Time Eater","floor":50,"turns":7}],"seed_played":"-8310822668211418865","potions_obtained":[{"floor":5,"key":"SteroidPotion"},{"floor":16,"key":"EssenceOfSteel"},{"floor":18,"key":"SteroidPotion"},{"floor":25,"key":"LiquidBronze"},{"floor":31,"key":"AttackPotion"},{"floor":34,"key":"FairyPotion"},{"floor":48,"key":"SteroidPotion"}],"is_trial":false,"path_per_floor":["M","M","M","$","M","R","?","R","T","E","R","E","R","$","R","B",null,"M","?","?","$","M","E","R","M","T","R","M","T","E","M","R","B",null,"M","?","$","M","M","R","?","M","T","M","R","$","M","M","R","B",null],"character_chosen":"IRONCLAD","items_purchased":["Inflame","PreservedInsect","Flame Barrier","Shrug It Off","Self Forming Clay","Centennial Puzzle","Inflame"],"campfire_rested":6,"item_purchase_floors":[4,14,21,21,37,37,46],"current_hp_per_floor":[76,78,78,78,33,57,57,57,57,28,52,31,70,70,70,48,80,80,80,80,80,80,72,72,75,75,75,76,83,84,86,86,45,92,63,86,86,37,15,57,57,48,48,47,89,89,79,66,92,56],"gold":102,"neow_bonus":"ONE_RANDOM_RARE_CARD","is_prod":false,"is_daily":false,"chose_seed":false,"campfire_upgraded":5,"win_rate":0.0,"timestamp":1549172148,"path_taken":["M","M","M","$","?","R","?","R","T","E","R","E","R","$","R","BOSS","M","?","?","$","M","E","R","M","T","R","?","?","E","M","R","BOSS","M","?","$","M","M","R","?","?","T","?","R","?","M","M","R","BOSS"],"build_version":"2019-01-23","purchased_purges":1,"victory":true,"max_hp_per_floor":[80,80,80,80,80,80,80,80,80,80,80,80,80,80,80,80,80,80,80,80,80,80,80,80,80,80,80,80,87,87,87,87,87,92,92,92,92,92,92,92,92,92,92,92,92,92,92,92,92,92],"card_choices":[{"not_picked":["Anger","Thunderclap"],"picked":"Shrug It Off","floor":1},{"not_picked":["Anger","Headbutt"],"picked":"Armaments","floor":2},{"not_picked":["Thunderclap","Flex"],"picked":"Inflame","floor":3},{"not_picked":["Iron Wave","Warcry"],"picked":"Whirlwind","floor":5},{"not_picked":["Clothesline","Seeing Red"],"picked":"Armaments","floor":10},{"not_picked":["Pommel Strike","Dropkick"],"picked":"Feel No Pain","floor":12},{"not_picked":["Juggernaut","Fiend Fire"],"picked":"Limit Break","floor":16},{"not_picked":["Fire Breathing+1","Shrug It Off"],"picked":"Inflame+1","floor":18},{"not_picked":["Feel No Pain","True Grit"],"picked":"Shrug It Off","floor":22},{"not_picked":["Brutality","Iron Wave"],"picked":"Heavy Blade+1","floor":23},{"not_picked":["Clash","Sever Soul"],"picked":"Metallicize","floor":25},{"not_picked":["Shrug It Off","Intimidate+1"],"picked":"Metallicize+1","floor":28},{"not_picked":["Cleave","Twin Strike","Searing Blow"],"picked":"SKIP","floor":30},{"not_picked":["Headbutt","Cleave"],"picked":"Spot Weakness","floor":31},{"not_picked":["Reaper","Juggernaut"],"picked":"Demon Form","floor":33},{"not_picked":["Sword Boomerang","Searing Blow+1"],"picked":"Headbutt","floor":34},{"not_picked":["Hemokinesis","Body Slam","Blood for Blood+1"],"picked":"SKIP","floor":35},{"not_picked":["Clash+1","Warcry+1"],"picked":"Whirlwind+1","floor":38},{"not_picked":["Intimidate+1","Searing Blow+1"],"picked":"Armaments+1","floor":39},{"not_picked":["Armaments","Rupture+1"],"picked":"Shrug It Off+1","floor":40},{"not_picked":["Shrug It Off","Cleave+1"],"picked":"Carnage","floor":42},{"not_picked":["Flex+1","Sword Boomerang","Feel No Pain+1"],"picked":"SKIP","floor":44},{"not_picked":["Reckless Charge+1","Sever Soul+1"],"picked":"Ghostly Armor+1","floor":45},{"not_picked":["Headbutt","Anger+1"],"picked":"Demon Form","floor":47},{"not_picked":["Shrug It Off+1","Pommel Strike"],"picked":"Heavy Blade+1","floor":48}],"player_experience":22617,"relics_obtained":[{"floor":9,"key":"Omamori"},{"floor":10,"key":"Bag of Marbles"},{"floor":12,"key":"Regal Pillow"},{"floor":23,"key":"Boot"},{"floor":26,"key":"MawBank"},{"floor":29,"key":"Strawberry"},{"floor":30,"key":"Dream Catcher"}],"event_choices":[{"damage_healed":0,"gold_gain":0,"player_choice":"Ignored","damage_taken":0,"max_hp_gain":0,"max_hp_loss":0,"event_name":"Liars Game","floor":7,"gold_loss":0},{"damage_healed":0,"gold_gain":0,"cards_transformed":["Strike_R","Strike_R"],"player_choice":"Became Test Subject","damage_taken":0,"max_hp_gain":0,"max_hp_loss":0,"event_name":"Drug Dealer","floor":19,"gold_loss":0,"cards_obtained":["Rupture","Anger"]},{"damage_healed":0,"gold_gain":0,"player_choice":"Copied","damage_taken":0,"max_hp_gain":0,"max_hp_loss":0,"event_name":"Duplicator","floor":20,"gold_loss":0,"cards_obtained":["Whirlwind"]},{"damage_healed":23,"gold_gain":0,"player_choice":"Writhe","damage_taken":0,"max_hp_gain":0,"max_hp_loss":0,"event_name":"Winding Halls","floor":36,"gold_loss":0,"cards_obtained":["Writhe"]},{"damage_healed":0,"gold_gain":0,"cards_transformed":["Feel No Pain"],"player_choice":"Transformed","damage_taken":0,"max_hp_gain":0,"max_hp_loss":0,"event_name":"Transmorgrifier","floor":41,"gold_loss":0,"cards_obtained":["Bloodletting"]}],"is_beta":false,"boss_relics":[{"not_picked":["Mark of Pain","Empty Cage"],"picked":"Cursed Key"},{"not_picked":["Runic Cube","Philosopher\u0027s Stone"],"picked":"Tiny House"}],"items_purged_floors":[37],"is_endless":false,"potions_floor_spawned":[5,16,18,25,30,31,35,48],"ascension_level":0}