{"gold_per_floor":[117,131,142,67,82,107,107,135,160,160,160,160,195,195,195,269,269,288,305,324,324,341,341,376,376,376,395,395,395,430,430],"floor_reached":31,"playtime":2496,"items_purged":[],"score":557,"play_id":"1ed9dd5c-8e87-492a-8fde-87a5a6d051e9","local_time":"20181226175422","is_ascension_mode":true,"campfire_choices":[{"data":"Crippling Poison","floor":7.0,"key":"SMITH"},{"floor":11.0,"key":"REST"},{"floor":15.0,"key":"REST"},{"floor":23.0,"key":"REST"},{"data":"Catalyst","floor":25.0,"key":"SMITH"},{"data":"Crippling Poison","floor":28.0,"key":"SMITH"}],"neow_cost":"NONE","seed_source_timestamp":257710301891818,"circlet_count":0,"master_deck":["AscendersBane","Defend_G","Defend_G","Defend_G","Defend_G","Defend_G","Strike_G","Strike_G","Strike_G","Survivor","Neutralize+1","Crippling Poison+1","Finisher","Noxious Fumes+1","Infinite Blades","PiercingWail","PiercingWail+1","A Thousand Cuts","Burst+1","Backflip","Catalyst+1","Calculated Gamble","Crippling Poison+1","Leg Sweep+1","Caltrops","A Thousand Cuts"],"special_seed":0,"relics":["Orrery","The Specimen","Pen Nib","Snake Skull","Anchor","Snecko Eye","War Paint","Gremlin Horn","Smiling Mask"],"potions_floor_usage":[31,31],"damage_taken":[{"damage":4.0,"enemies":"Small Slimes","floor":1.0,"turns":3.0},{"damage":0.0,"enemies":"Cultist","floor":2.0,"turns":4.0},{"damage":1.0,"enemies":"2 Louse","floor":3.0,"turns":3.0},{"damage":8.0,"enemies":"Lots of Slimes","floor":5.0,"turns":4.0},{"damage":30.0,"enemies":"Gremlin Nob","floor":6.0,"turns":5.0},{"damage":13.0,"enemies":"3 Sentries","floor":8.0,"turns":8.0},{"damage":15.0,"enemies":"Lagavulin","floor":13.0,"turns":8.0},{"damage":27.0,"enemies":"Hexaghost","floor":16.0,"turns":10.0},{"damage":14.0,"enemies":"3 Byrds","floor":18.0,"turns":4.0},{"damage":4.0,"enemies":"2 Thieves","floor":19.0,"turns":3.0},{"damage":17.0,"enemies":"Snecko","floor":20.0,"turns":6.0},{"damage":21.0,"enemies":"Cultist and Chosen","floor":22.0,"turns":8.0},{"damage":0.0,"enemies":"Book of Stabbing","floor":24.0,"turns":5.0},{"damage":8.0,"enemies":"Snake Plant","floor":27.0,"turns":3.0},{"damage":21.0,"enemies":"Gremlin Leader","floor":30.0,"turns":4.0},{"damage":9,"enemies":"Centurion and Healer","floor":31,"turns":3}],"seed_played":"1124415519509237432","potions_obtained":[{"floor":1.0,"key":"Dexterity Potion"},{"floor":2.0,"key":"GhostInAJar"},{"floor":6.0,"key":"Energy Potion"},{"floor":18.0,"key":"SkillPotion"},{"floor":20.0,"key":"EntropicBrew"},{"floor":27.0,"key":"LiquidBronze"},{"floor":30.0,"key":"SpeedPotion"}],"is_trial":false,"path_per_floor":["M","M","M","?","M","E","R","E","T","?","R","?","E","?","R","B",null,"M","M","M","?","M","R","E","R","T","M","R","?","E","M"],"character_chosen":"THE_SILENT","items_purchased":[],"campfire_rested":3,"item_purchase_floors":[],"current_hp_per_floor":[55,55,54,54,46,16,16,3,3,25,44,44,29,29,48,21,55,41,37,20,20,14,33,33,33,33,25,25,25,4,0],"gold":430,"neow_bonus":"BOSS_RELIC","is_prod":false,"is_daily":false,"chose_seed":false,"campfire_upgraded":3,"win_rate":0,"timestamp":1545843262,"path_taken":["M","M","M","?","M","E","R","E","T","?","R","?","E","?","R","BOSS","M","?","M","?","?","R","E","R","T","M","R","?","E","M"],"build_version":"2018-12-20","purchased_purges":0,"victory":false,"max_hp_per_floor":[66,66,66,66,66,66,66,66,66,66,66,66,66,66,66,66,66,66,66,66,66,66,66,66,66,66,66,66,66,66,66],"card_choices":[{"not_picked":["Catalyst","PiercingWail"],"picked":"Crippling Poison","floor":0.0},{"not_picked":["Reflex","Deflect"],"picked":"Endless Agony","floor":0.0},{"not_picked":["Terror","Poisoned Stab"],"picked":"Finisher","floor":0.0},{"not_picked":["Bane","Heel Hook","Calculated Gamble"],"picked":"SKIP","floor":1.0},{"not_picked":["Masterful Stab","Flying Knee"],"picked":"Noxious Fumes","floor":2.0},{"not_picked":["Cloak And Dagger","Acrobatics","Quick Slash"],"picked":"SKIP","floor":3.0},{"not_picked":["Underhanded Strike","Blur"],"picked":"Infinite Blades","floor":5.0},{"not_picked":["Sucker Punch","Accuracy"],"picked":"PiercingWail","floor":6.0},{"not_picked":["Acrobatics","Escape Plan"],"picked":"PiercingWail","floor":8.0},{"not_picked":["Slice","Endless Agony"],"picked":"A Thousand Cuts","floor":13.0},{"not_picked":["Venomology","Unload"],"picked":"Burst","floor":16.0},{"not_picked":["Backstab","Slice"],"picked":"Backflip","floor":18.0},{"not_picked":["Quick Slash","Deadly Poison"],"picked":"Catalyst","floor":19.0},{"not_picked":["PiercingWail","Concentrate"],"picked":"Calculated Gamble","floor":20.0},{"not_picked":["Cloak And Dagger","Accuracy","Underhanded Strike"],"picked":"SKIP","floor":22.0},{"not_picked":["Prepared","PiercingWail"],"picked":"Crippling Poison","floor":24.0},{"not_picked":["Noxious Fumes+1","Deflect"],"picked":"Leg Sweep+1","floor":27.0},{"not_picked":["Dodge and Roll","Cloak And Dagger","Blade Dance"],"picked":"SKIP","floor":30.0}],"player_experience":678660,"relics_obtained":[{"floor":6.0,"key":"The Specimen"},{"floor":8.0,"key":"Pen Nib"},{"floor":9.0,"key":"Snake Skull"},{"floor":13.0,"key":"Anchor"},{"floor":24.0,"key":"War Paint"},{"floor":26.0,"key":"Gremlin Horn"},{"floor":30.0,"key":"Smiling Mask"}],"event_choices":[{"cards_removed":["Strike_G"],"damage_healed":0.0,"max_hp_gain":0.0,"max_hp_loss":0.0,"gold_gain":0.0,"event_name":"The Cleric","player_choice":"Card Removal","floor":4.0,"gold_loss":75.0,"damage_taken":0.0},{"damage_healed":22.0,"max_hp_gain":0.0,"max_hp_loss":0.0,"gold_gain":0.0,"event_name":"Big Fish","player_choice":"Banana","floor":10.0,"gold_loss":0.0,"damage_taken":0.0},{"damage_healed":0.0,"max_hp_gain":0.0,"max_hp_loss":0.0,"gold_gain":0.0,"event_name":"Shining Light","player_choice":"Ignored","floor":12.0,"gold_loss":0.0,"damage_taken":0.0},{"damage_healed":0.0,"max_hp_gain":0.0,"max_hp_loss":0.0,"gold_gain":0.0,"event_name":"Upgrade Shrine","player_choice":"Upgraded","floor":14.0,"gold_loss":0.0,"damage_taken":0.0,"cards_upgraded":["Neutralize"]},{"damage_healed":0.0,"max_hp_gain":0.0,"max_hp_loss":0.0,"gold_gain":0.0,"event_name":"Upgrade Shrine","player_choice":"Upgraded","floor":21.0,"gold_loss":0.0,"damage_taken":0.0,"cards_upgraded":["Noxious Fumes"]},{"damage_healed":0.0,"max_hp_gain":0.0,"max_hp_loss":0.0,"gold_gain":0.0,"cards_transformed":["Strike_G","Endless Agony"],"event_name":"Drug Dealer","player_choice":"Became Test Subject","floor":29.0,"gold_loss":0.0,"damage_taken":0.0,"cards_obtained":["Caltrops","A Thousand Cuts"]}],"is_beta":false,"boss_relics":[{"not_picked":["Busted Crown","White Beast Statue"],"picked":"Snecko Eye"}],"items_purged_floors":[],"is_endless":false,"potions_floor_spawned":[1,2,6,18,20,27,30],"killed_by":"Centurion and Healer","ascension_level":15}