{"gold_per_floor":[116,129,204,204,154,187,32,61,61,61],"floor_reached":10,"playtime":229,"items_purged":[],"score":149,"play_id":"a21f7e7f-8da8-4d9a-8863-7f91a0fcf723","local_time":"20181210111802","is_ascension_mode":true,"campfire_choices":[],"neow_cost":"NONE","seed_source_timestamp":54245843665607,"circlet_count":0,"master_deck":["AscendersBane","Defend_G","Defend_G","Defend_G","Defend_G","Defend_G","Strike_G","Strike_G","Strike_G+1","Survivor","Neutralize+1","Backflip","Blade Dance","Predator","Deadly Poison"],"relics":["Ring of the Snake","NeowsBlessing","Whetstone","Bronze Scales","Turnip","Letter Opener"],"potions_floor_usage":[],"damage_taken":[{"damage":0,"enemies":"Jaw Worm","floor":1,"turns":1},{"damage":0,"enemies":"2 Louse","floor":2,"turns":1},{"damage":0,"enemies":"Lagavulin","floor":6,"turns":1},{"damage":38,"enemies":"Gremlin Nob","floor":8,"turns":5},{"damage":7,"enemies":"Small Slimes","floor":10,"turns":1}],"seed_played":"4986510016143243231","potions_obtained":[{"floor":1,"key":"PowerPotion"}],"is_trial":false,"path_per_floor":["M","M","?","?","?","E","$","E","T","M"],"character_chosen":"THE_SILENT","items_purchased":["Bronze Scales"],"campfire_rested":0,"item_purchase_floors":[7],"current_hp_per_floor":[63,63,52,45,45,45,45,7,7,0],"gold":61,"neow_bonus":"THREE_ENEMY_KILL","is_prod":false,"is_daily":false,"chose_seed":false,"campfire_upgraded":0,"win_rate":0,"timestamp":1544437082,"path_taken":["M","M","?","?","?","E","?","E","T","?"],"build_version":"2018-12-06","purchased_purges":0,"victory":false,"max_hp_per_floor":[70,70,70,70,70,70,70,70,70,70],"card_choices":[{"not_picked":["Concentrate","Sucker Punch"],"picked":"Backflip","floor":1},{"not_picked":["Skewer","Bane"],"picked":"Blade Dance","floor":2},{"not_picked":["Underhanded Strike","Flechettes"],"picked":"Predator","floor":6},{"not_picked":["Blade Dance","Sucker Punch"],"picked":"Deadly Poison","floor":8}],"player_experience":536195,"relics_obtained":[{"floor":6,"key":"Whetstone"},{"floor":8,"key":"Turnip"},{"floor":9,"key":"Letter Opener"}],"event_choices":[{"damage_healed":0,"gold_gain":75,"player_choice":"Gather Gold","damage_taken":11,"max_hp_gain":0,"max_hp_loss":0,"event_name":"World of Goop","floor":3,"gold_loss":0},{"cards_removed":["Strike_G"],"damage_healed":0,"gold_gain":0,"player_choice":"Card Removal","damage_taken":7,"max_hp_gain":0,"max_hp_loss":0,"event_name":"Golden Wing","floor":4,"gold_loss":0},{"cards_removed":["Strike_G"],"damage_healed":0,"gold_gain":0,"player_choice":"Card Removal","damage_taken":0,"max_hp_gain":0,"max_hp_loss":0,"event_name":"The Cleric","floor":5,"gold_loss":50}],"is_beta":false,"boss_relics":[],"items_purged_floors":[],"is_endless":false,"potions_floor_spawned":[1],"killed_by":"Small Slimes","ascension_level":10}