{"gold_per_floor":[110,122,134,134,145,165,195,195,195,209,175,193,205,217,217,313,313,324,234,234,249,167,167],"floor_reached":23,"playtime":2414,"items_purged":[],"score":197,"play_id":"aa95e948-c35f-462e-b863-1ef20bc99378","local_time":"20181223101349","is_ascension_mode":false,"campfire_choices":[{"floor":8,"key":"REST"},{"floor":15,"key":"REST"}],"neow_cost":"NONE","seed_source_timestamp":38018574035516,"circlet_count":0,"master_deck":["Strike_B","Strike_B","Strike_B","Defend_B","Defend_B","Defend_B","Dualcast","Loop","Compile Driver","Cold Snap","Barrage","Leap","Capacitor","Ball Lightning","Fusion+1","Glacier","Reinforced Body","Conserve Battery","Biased Cognition","Coolheaded+1","Steam+1","Defragment+1","Conserve Battery","Redo+1","Go for the Eyes+1","Self Repair"],"relics":["Cracked Core","NeowsBlessing","Shuriken","Pen Nib","Astrolabe"],"potions_floor_usage":[7,14,16,16],"damage_taken":[{"damage":0,"enemies":"Cultist","floor":1,"turns":1},{"damage":0,"enemies":"Small Slimes","floor":2,"turns":1},{"damage":0,"enemies":"Jaw Worm","floor":3,"turns":1},{"damage":9,"enemies":"Large Slime","floor":5,"turns":6},{"damage":14,"enemies":"3 Louse","floor":6,"turns":5},{"damage":27,"enemies":"Lagavulin","floor":7,"turns":8},{"damage":8,"enemies":"Blue Slaver","floor":10,"turns":4},{"damage":10,"enemies":"Exordium Thugs","floor":12,"turns":5},{"damage":6,"enemies":"2 Fungi Beasts","floor":13,"turns":4},{"damage":12,"enemies":"Large Slime","floor":14,"turns":4},{"damage":30,"enemies":"Slime Boss","floor":16,"turns":7},{"damage":14,"enemies":"3 Byrds","floor":18,"turns":9},{"damage":23,"enemies":"2 Thieves","floor":19,"turns":5},{"damage":23,"enemies":"Shelled Parasite and Fungi","floor":21,"turns":6},{"damage":15,"enemies":"Snake Plant","floor":23,"turns":1}],"seed_played":"8774574477323070142","potions_obtained":[{"floor":1,"key":"Explosive Potion"},{"floor":3,"key":"Fire Potion"},{"floor":10,"key":"Regen Potion"},{"floor":14,"key":"FearPotion"},{"floor":16,"key":"SkillPotion"},{"floor":21,"key":"AttackPotion"}],"is_trial":false,"path_per_floor":["M","M","M","$","M","M","E","R","T","M","$","M","M","M","R","B",null,"M","M","?","M","$","M"],"character_chosen":"DEFECT","items_purchased":["Fusion","Self Repair"],"campfire_rested":2,"item_purchase_floors":[11,22],"current_hp_per_floor":[75,75,75,75,66,52,25,47,47,39,39,29,23,11,33,17,75,61,38,38,15,15,0],"gold":167,"neow_bonus":"THREE_ENEMY_KILL","is_prod":false,"is_daily":false,"chose_seed":false,"campfire_upgraded":0,"win_rate":0.0,"timestamp":1545581629,"path_taken":["M","M","M","$","M","M","E","R","T","M","?","M","M","M","R","BOSS","M","M","?","M","$","?"],"build_version":"2018-12-20","purchased_purges":0,"victory":false,"max_hp_per_floor":[75,75,75,75,75,75,75,75,75,75,75,75,75,75,75,75,75,75,75,75,75,75,75],"card_choices":[{"not_picked":["Steam Power","Scrape"],"picked":"Loop","floor":1},{"not_picked":["Steam","Loop"],"picked":"Compile Driver","floor":2},{"not_picked":["Coolheaded","Compile Driver"],"picked":"Cold Snap","floor":3},{"not_picked":["Reprogram","Seek"],"picked":"Barrage","floor":5},{"not_picked":["Skim","Gash"],"picked":"Leap","floor":6},{"not_picked":["Stack","Compile Driver"],"picked":"Capacitor","floor":7},{"not_picked":["Barrage","Beam Cell"],"picked":"Ball Lightning","floor":10},{"not_picked":["Cold Snap","Beam Cell"],"picked":"Glacier","floor":12},{"not_picked":["Chaos","Reboot"],"picked":"Reinforced Body","floor":13},{"not_picked":["Leap","Static Discharge"],"picked":"Conserve Battery","floor":14},{"not_picked":["Multi-Cast","Amplify"],"picked":"Biased Cognition","floor":16},{"not_picked":["Rip and Tear","Compile Driver"],"picked":"Conserve Battery","floor":18},{"not_picked":["Ball Lightning+1","Sweeping Beam"],"picked":"Redo+1","floor":19},{"not_picked":["Conserve Battery+1","Hello World"],"picked":"Go for the Eyes+1","floor":21}],"player_experience":4377,"relics_obtained":[{"floor":7,"key":"Shuriken"},{"floor":9,"key":"Pen Nib"}],"event_choices":[{"damage_healed":0,"gold_gain":0,"player_choice":"Forge","damage_taken":0,"max_hp_gain":0,"max_hp_loss":0,"event_name":"Accursed Blacksmith","floor":20,"gold_loss":0,"cards_upgraded":["Fusion"]}],"is_beta":false,"boss_relics":[{"not_picked":["Ectoplasm","Fusion Hammer"],"picked":"Astrolabe"}],"items_purged_floors":[],"is_endless":false,"potions_floor_spawned":[1,3,10,14,16,21],"killed_by":"Snake Plant","ascension_level":0}