{"gold_per_floor":[114,114,131,43,55,55,82,92,92,92,110,110,121,156,156,235,235,254,273,273,284,209,209,226,226,253,253,304,304,304,319,319,395,395,406,406,417,39,53,53,78,88,135,135,135,135,146,146,146,146],"floor_reached":51,"playtime":4514,"items_purged":["Spot Weakness+1"],"score":1353,"play_id":"67401a4e-52f8-4ef5-8b58-9d780d88acfb","local_time":"20190129180939","is_ascension_mode":true,"campfire_choices":[{"data":"Uppercut","floor":6,"key":"SMITH"},{"data":"Armaments","floor":10,"key":"SMITH"},{"floor":12,"key":"REST"},{"data":"Spot Weakness","floor":15,"key":"SMITH"},{"floor":23,"key":"REST"},{"data":"Demon Form","floor":25,"key":"SMITH"},{"data":"Metallicize","floor":27,"key":"SMITH"},{"data":"Dual Wield","floor":30,"key":"SMITH"},{"data":"Feel No Pain","floor":32,"key":"SMITH"},{"data":"Double Tap","floor":40,"key":"SMITH"},{"data":"Evolve","floor":44,"key":"SMITH"},{"data":"Burning Pact","floor":46,"key":"SMITH"},{"data":"Burning Pact","floor":49,"key":"SMITH"}],"neow_cost":"PERCENT_DAMAGE","seed_source_timestamp":615969017279308,"circlet_count":0,"master_deck":["AscendersBane","Bash+1","Armaments+1","Metallicize+1","Uppercut+1","Corruption","Shrug It Off","Reaper","Power Through","Immolate+1","Demon Form+1","Feel No Pain+1","Entrench","Burning Pact+1","Burning Pact+1","Body Slam+1","Dual Wield+1","Evolve+1","Double Tap+1","Barricade","Metallicize+1","Feel No Pain+1","Sword Boomerang"],"special_seed":0,"relics":["Burning Blood","Bottled Lightning","Nunchaku","Thread and Needle","Pandora\u0027s Box","Art of War","Dream Catcher","Snecko Eye","Happy Flower","Whetstone","PreservedInsect"],"potions_floor_usage":[14,16,31,33,41,41,50,50],"damage_taken":[{"damage":9.0,"enemies":"Small Slimes","floor":1.0,"turns":5.0},{"damage":2,"enemies":"Cultist","floor":3,"turns":4},{"damage":10,"enemies":"Jaw Worm","floor":5,"turns":5},{"damage":34,"enemies":"3 Sentries","floor":7,"turns":12},{"damage":5,"enemies":"2 Fungi Beasts","floor":8,"turns":6},{"damage":52,"enemies":"Exordium Thugs","floor":11,"turns":7},{"damage":7,"enemies":"Red Slaver","floor":13,"turns":5},{"damage":22,"enemies":"Gremlin Nob","floor":14,"turns":6},{"damage":0,"enemies":"The Guardian","floor":16,"turns":15},{"damage":28,"enemies":"Spheric Guardian","floor":18,"turns":9},{"damage":36,"enemies":"Chosen","floor":19,"turns":9},{"damage":38,"enemies":"Centurion and Healer","floor":21,"turns":11},{"damage":30,"enemies":"Snake Plant","floor":24,"turns":11},{"damage":13,"enemies":"Snecko","floor":31,"turns":6},{"damage":112,"enemies":"Collector","floor":33,"turns":11},{"damage":52,"enemies":"3 Darklings","floor":35,"turns":5},{"damage":0,"enemies":"3 Shapes","floor":37,"turns":1},{"damage":24,"enemies":"Writhing Mass","floor":39,"turns":7},{"damage":75,"enemies":"Reptomancer","floor":41,"turns":6},{"damage":20,"enemies":"Maw","floor":42,"turns":12},{"damage":8,"enemies":"Spire Growth","floor":47,"turns":8},{"damage":31,"enemies":"Awakened One","floor":50,"turns":6}],"seed_played":"-1413909463536561198","potions_obtained":[{"floor":1.0,"key":"Ancient Potion"},{"floor":11,"key":"Block Potion"},{"floor":18,"key":"LiquidBronze"},{"floor":24,"key":"SkillPotion"},{"floor":35,"key":"FairyPotion"},{"floor":42,"key":"Poison Potion"},{"floor":47,"key":"Ancient Potion"}],"is_trial":false,"path_per_floor":["M","?","M","$","M","R","E","M","T","R","M","R","M","E","R","B",null,"M","M","?","M","?","R","M","R","T","R","T","?","R","M","R","B",null,"M","?","M","$","M","R","E","M","T","R","?","R","M","?","R","B",null],"character_chosen":"IRONCLAD","items_purchased":["Uppercut","Happy Flower","Swift Potion","EssenceOfSteel"],"campfire_rested":2,"item_purchase_floors":[4,38,38,38],"current_hp_per_floor":[47,85,85,85,81,81,53,54,54,54,18,43,47,35,35,60,79,57,45,45,13,13,38,50,50,50,50,50,50,50,81,81,62,79,85,85,85,85,85,85,67,85,85,85,81,81,81,81,81,81],"gold":146,"neow_bonus":"TRANSFORM_TWO_CARDS","is_prod":false,"is_daily":false,"chose_seed":false,"campfire_upgraded":11,"win_rate":0,"timestamp":1548781779,"path_taken":["M","?","?","?","M","R","E","M","T","R","M","R","M","E","R","BOSS","M","M","?","M","?","R","M","R","T","R","?","?","R","?","R","BOSS","M","?","M","$","M","R","E","?","T","R","?","R","M","?","R","BOSS"],"build_version":"2019-01-23","purchased_purges":1,"victory":true,"max_hp_per_floor":[75,85,85,85,85,85,85,85,85,85,85,85,85,85,85,85,85,85,85,85,85,85,85,85,85,85,85,85,85,85,85,85,85,85,85,85,85,85,85,85,85,85,85,85,81,81,81,81,81,81],"card_choices":[{"not_picked":["Fire Breathing","Rupture"],"picked":"Metallicize","floor":1.0},{"not_picked":["Flex","Heavy Blade"],"picked":"Spot Weakness","floor":3},{"not_picked":["Clothesline","Pommel Strike"],"picked":"Corruption","floor":5},{"not_picked":["Thunderclap","Body Slam"],"picked":"Shrug It Off","floor":7},{"not_picked":["Twin Strike","Clash"],"picked":"Reaper","floor":8},{"not_picked":["Body Slam","Pommel Strike"],"picked":"Power Through","floor":11},{"not_picked":["Heavy Blade","Pommel Strike","Wild Strike"],"picked":"SKIP","floor":13},{"not_picked":["Flex","Wild Strike"],"picked":"Immolate","floor":14},{"not_picked":["Exhume","Brutality"],"picked":"Demon Form","floor":16},{"not_picked":["Whirlwind+1","True Grit"],"picked":"Body Slam+1","floor":18},{"not_picked":["Blood for Blood","Wild Strike"],"picked":"Dual Wield","floor":19},{"not_picked":["Thunderclap","Warcry","Heavy Blade"],"picked":"SKIP","floor":21},{"not_picked":["Twin Strike+1","Sword Boomerang"],"picked":"Evolve","floor":24},{"not_picked":["Whirlwind","Body Slam","Second Wind"],"picked":"SKIP","floor":31},{"not_picked":["Feed","Double Tap"],"picked":"Barricade","floor":33},{"not_picked":["Twin Strike+1","Havoc"],"picked":"Metallicize+1","floor":35},{"not_picked":["Flex+1","Clash","Carnage+1"],"picked":"SKIP","floor":37},{"not_picked":["Searing Blow","Clothesline","Iron Wave"],"picked":"SKIP","floor":39},{"not_picked":["Intimidate","Bloodletting","Uppercut+1"],"picked":"SKIP","floor":41},{"not_picked":["Offering","Pommel Strike"],"picked":"Sword Boomerang","floor":42},{"not_picked":["Warcry+1","Body Slam+1","Havoc+1"],"picked":"SKIP","floor":47}],"player_experience":1062620,"relics_obtained":[{"floor":7,"key":"Bottled Lightning"},{"floor":9,"key":"Nunchaku"},{"floor":14,"key":"Thread and Needle"},{"floor":26,"key":"Art of War"},{"floor":28,"key":"Dream Catcher"},{"floor":41,"key":"Whetstone"},{"floor":43,"key":"PreservedInsect"}],"event_choices":[{"cards_removed":["Berserk"],"damage_healed":28.0,"max_hp_gain":10.0,"max_hp_loss":0.0,"gold_gain":0.0,"event_name":"Bonfire Elementals","player_choice":"Offered Rare","floor":2.0,"gold_loss":0.0,"damage_taken":0.0},{"cards_removed":["Uppercut"],"damage_healed":0,"gold_gain":0,"player_choice":"Elegance","damage_taken":0,"max_hp_gain":0,"max_hp_loss":0,"event_name":"Back to Basics","floor":20,"gold_loss":0},{"cards_removed":["Infernal Blade"],"damage_healed":0,"gold_gain":0,"player_choice":"Gave Gold","damage_taken":0,"max_hp_gain":0,"max_hp_loss":0,"event_name":"Beggar","floor":22,"gold_loss":75},{"damage_healed":0,"gold_gain":0,"player_choice":"1 cards matched","damage_taken":0,"max_hp_gain":0,"max_hp_loss":0,"event_name":"Match and Keep!","floor":29,"gold_loss":0,"cards_obtained":["Double Tap"]},{"damage_healed":0,"gold_gain":0,"player_choice":"Copied","damage_taken":0,"max_hp_gain":0,"max_hp_loss":0,"event_name":"Duplicator","floor":36,"gold_loss":0,"cards_obtained":["Feel No Pain"]},{"damage_healed":0,"gold_gain":0,"player_choice":"Max HP","damage_taken":0,"max_hp_gain":0,"max_hp_loss":4,"event_name":"Winding Halls","floor":45,"gold_loss":0},{"cards_removed":["Havoc"],"damage_healed":0,"gold_gain":0,"player_choice":"Removed Skill","damage_taken":0,"max_hp_gain":0,"max_hp_loss":0,"event_name":"Falling","floor":48,"gold_loss":0}],"is_beta":false,"boss_relics":[{"not_picked":["White Beast Statue","Black Star"],"picked":"Pandora\u0027s Box"},{"not_picked":["Philosopher\u0027s Stone","Fusion Hammer"],"picked":"Snecko Eye"}],"items_purged_floors":[38],"is_endless":false,"potions_floor_spawned":[1,11,18,24,35,42,47],"ascension_level":18}