{"gold_per_floor":[109,127,142,161,179,179,195,195,195,225,225,559,399,425,425,502,502,521,532,30,30,47,60,60,60,60,93,63,91,110,140,140,212,212,230,246,246,266,90,90,116,129,199,199,199,119,119,138,138,138],"floor_reached":51,"playtime":5777,"items_purged":["Strike_G","Strike_G","Decay"],"score":1337,"play_id":"48bab8e3-bcea-4432-b233-06228d898942","local_time":"20190131175928","is_ascension_mode":true,"campfire_choices":[{"data":"Skewer","floor":6.0,"key":"SMITH"},{"data":"Neutralize","floor":8.0,"key":"SMITH"},{"floor":11.0,"key":"REST"},{"data":"Crippling Poison","floor":15.0,"key":"SMITH"},{"floor":25.0,"key":"REST"},{"floor":32.0,"key":"REST"},{"data":"Envenom","floor":40.0,"key":"SMITH"},{"floor":45,"key":"REST"},{"floor":47,"key":"REST"},{"data":"Footwork","floor":49,"key":"SMITH"}],"neow_cost":"NONE","seed_source_timestamp":0,"circlet_count":0,"master_deck":["AscendersBane","Defend_G","Defend_G","Defend_G","Defend_G","Defend_G","Strike_G","Strike_G","Strike_G","Survivor","Neutralize+1","Dagger Throw","Dagger Spray","Skewer+1","Poisoned Stab","Backflip","Crippling Poison+1","Envenom+1","Backflip","Footwork+1","Blur","Master of Strategy","PiercingWail","PiercingWail","Backflip","Adrenaline","Escape Plan","PiercingWail","Malaise","PiercingWail","Parasite","Backflip","Acrobatics+1","Footwork+1","Prepared+1"],"special_seed":0,"relics":["Ring of the Snake","Orichalcum","StoneCalendar","Meat on the Bone","Old Coin","Prayer Wheel","Philosopher\u0027s Stone","PreservedInsect","Mummified Hand","Incense Burner","Pen Nib","Ice Cream","Black Star","Shuriken","Molten Egg 2","Paper Crane"],"potions_floor_usage":[41,42,48,50,50],"damage_taken":[{"damage":0.0,"enemies":"Cultist","floor":1.0,"turns":4.0},{"damage":7.0,"enemies":"Jaw Worm","floor":2.0,"turns":5.0},{"damage":0.0,"enemies":"2 Louse","floor":3.0,"turns":2.0},{"damage":23.0,"enemies":"Red Slaver","floor":4.0,"turns":5.0},{"damage":5.0,"enemies":"3 Louse","floor":5.0,"turns":2.0},{"damage":2.0,"enemies":"Looter","floor":7.0,"turns":3.0},{"damage":18.0,"enemies":"Lagavulin","floor":10.0,"turns":5.0},{"damage":6.0,"enemies":"Gremlin Nob","floor":12.0,"turns":3.0},{"damage":5.0,"enemies":"3 Sentries","floor":14.0,"turns":6.0},{"damage":35.0,"enemies":"The Guardian","floor":16.0,"turns":14.0},{"damage":14.0,"enemies":"Shell Parasite","floor":18.0,"turns":6.0},{"damage":18.0,"enemies":"Spheric Guardian","floor":19.0,"turns":4.0},{"damage":6.0,"enemies":"Centurion and Healer","floor":22.0,"turns":7.0},{"damage":14.0,"enemies":"Chosen and Byrds","floor":23.0,"turns":7.0},{"damage":6.0,"enemies":"Book of Stabbing","floor":27.0,"turns":7.0},{"damage":11.0,"enemies":"Slavers","floor":29.0,"turns":4.0},{"damage":0.0,"enemies":"Snake Plant","floor":30.0,"turns":4.0},{"damage":8.0,"enemies":"Book of Stabbing","floor":31.0,"turns":5.0},{"damage":40.0,"enemies":"Collector","floor":33.0,"turns":9.0},{"damage":0.0,"enemies":"Orb Walker","floor":35.0,"turns":4.0},{"damage":0.0,"enemies":"3 Darklings","floor":36.0,"turns":7.0},{"damage":4.0,"enemies":"Writhing Mass","floor":38.0,"turns":7.0},{"damage":47,"enemies":"Giant Head","floor":41,"turns":11},{"damage":18,"enemies":"Transient","floor":42,"turns":5},{"damage":0,"enemies":"3 Darklings","floor":48,"turns":7},{"damage":5,"enemies":"Awakened One","floor":50,"turns":23}],"seed_played":"-1342152792550931873","potions_obtained":[{"floor":3.0,"key":"Dexterity Potion"},{"floor":7.0,"key":"Regen Potion"},{"floor":10.0,"key":"Poison Potion"},{"floor":16.0,"key":"Ancient Potion"},{"floor":18.0,"key":"Explosive Potion"},{"floor":23.0,"key":"EssenceOfSteel"},{"floor":28.0,"key":"GhostInAJar"},{"floor":30.0,"key":"Strength Potion"},{"floor":33.0,"key":"GhostInAJar"},{"floor":35.0,"key":"Ancient Potion"},{"floor":41,"key":"PowerPotion"},{"floor":42,"key":"SkillPotion"},{"floor":48,"key":"Fire Potion"}],"is_trial":false,"path_per_floor":["M","M","M","M","M","R","M","R","T","E","R","E","$","E","R","B",null,"M","M","$","?","M","M","?","R","T","E","?","E","M","E","R","B",null,"M","M","?","M","$","R","E","M","T","?","R","$","R","M","R","B",null],"character_chosen":"THE_SILENT","items_purchased":["Crippling Poison","Fire Potion","Blur","Master of Strategy","PreservedInsect","Block Potion","Footwork"],"campfire_rested":5,"item_purchase_floors":[13,13,20,20,20,39,46],"current_hp_per_floor":[59,52,52,29,24,24,22,22,22,18,37,43,43,38,38,15,53,39,33,33,33,39,37,37,56,56,50,50,39,39,43,62,34,58,58,58,58,54,54,54,19,13,13,13,31,31,49,49,49,44],"gold":138,"neow_bonus":"RANDOM_COMMON_RELIC","is_prod":false,"is_daily":false,"chose_seed":false,"campfire_upgraded":5,"win_rate":0,"timestamp":1548953968,"path_taken":["M","M","M","M","?","R","M","R","T","E","R","E","$","E","R","BOSS","M","M","$","?","M","M","?","R","T","E","?","E","M","E","R","BOSS","M","M","?","M","$","R","E","M","T","?","R","$","R","M","R","BOSS"],"build_version":"2019-01-23","purchased_purges":3,"victory":true,"max_hp_per_floor":[66,66,66,66,66,66,66,66,66,66,66,66,66,66,66,66,66,66,66,66,66,66,66,66,66,66,66,66,66,66,66,66,66,66,66,66,66,66,66,66,66,66,66,63,63,63,63,63,63,63],"card_choices":[{"not_picked":["Reflex","Heel Hook"],"picked":"Dagger Throw","floor":1.0},{"not_picked":["Leg Sweep","Finisher"],"picked":"Dagger Spray","floor":2.0},{"not_picked":["Underhanded Strike","Distraction","Acrobatics"],"picked":"SKIP","floor":3.0},{"not_picked":["Leg Sweep","Underhanded Strike"],"picked":"Skewer","floor":4.0},{"not_picked":["Infinite Blades","Deflect"],"picked":"Backstab","floor":5.0},{"not_picked":["Storm of Steel","Finisher"],"picked":"Poisoned Stab","floor":7.0},{"not_picked":["Dodge and Roll","Storm of Steel","Flying Knee"],"picked":"SKIP","floor":10.0},{"not_picked":["Dagger Throw","Cloak And Dagger"],"picked":"Backflip","floor":12.0},{"not_picked":["Outmaneuver","Heel Hook","Dagger Throw"],"picked":"SKIP","floor":14.0},{"not_picked":["Unload","Doppelganger"],"picked":"Envenom","floor":16.0},{"not_picked":["Deadly Poison","Acrobatics"],"picked":"Backflip","floor":18.0},{"not_picked":["Outmaneuver","Sucker Punch","Eviscerate"],"picked":"SKIP","floor":18.0},{"not_picked":["Backflip","Accuracy"],"picked":"Footwork+1","floor":19.0},{"not_picked":["Dagger Throw","Sucker Punch+1","Bane"],"picked":"SKIP","floor":19.0},{"not_picked":["Acrobatics","Backflip"],"picked":"PiercingWail","floor":22.0},{"not_picked":["Acrobatics","Outmaneuver","Underhanded Strike"],"picked":"SKIP","floor":22.0},{"not_picked":["Leg Sweep","Flechettes"],"picked":"PiercingWail","floor":23.0},{"not_picked":["Grand Finale","Prepared","Slice+1"],"picked":"SKIP","floor":23.0},{"not_picked":["Accuracy","Slice"],"picked":"Backflip","floor":27.0},{"not_picked":["Infinite Blades","Terror","Poisoned Stab"],"picked":"SKIP","floor":29.0},{"not_picked":["Prepared","Bane"],"picked":"Adrenaline","floor":30.0},{"not_picked":["Deflect","Infinite Blades"],"picked":"Escape Plan","floor":30.0},{"not_picked":["Slice","Prepared"],"picked":"PiercingWail","floor":31.0},{"not_picked":["Night Terror","Die Die Die"],"picked":"Malaise","floor":33.0},{"not_picked":["Acrobatics","Poisoned Stab"],"picked":"PiercingWail","floor":35.0},{"not_picked":["Deadly Poison","Concentrate","Choke+1"],"picked":"SKIP","floor":35.0},{"not_picked":["PiercingWail","Cloak And Dagger","Prepared"],"picked":"SKIP","floor":36.0},{"not_picked":["Underhanded Strike","Skewer","Expertise+1"],"picked":"SKIP","floor":36.0},{"not_picked":["Flying Knee","Prepared"],"picked":"Backflip","floor":38.0},{"not_picked":["Riddle With Holes","Masterful Stab","Quick Slash+1"],"picked":"SKIP","floor":38.0},{"not_picked":["Sucker Punch","Distraction"],"picked":"Acrobatics+1","floor":41},{"not_picked":["Bullet Time","Setup","Prepared"],"picked":"SKIP","floor":42},{"not_picked":["Outmaneuver","Flying Knee+1","Underhanded Strike+1"],"picked":"SKIP","floor":42},{"not_picked":["Unload+1","Slice+1"],"picked":"Prepared+1","floor":48},{"not_picked":["Underhanded Strike+1","Quick Slash+1","Flying Knee+1"],"picked":"SKIP","floor":48}],"player_experience":1125607,"relics_obtained":[{"floor":9.0,"key":"StoneCalendar"},{"floor":10.0,"key":"Meat on the Bone"},{"floor":12.0,"key":"Old Coin"},{"floor":14.0,"key":"Prayer Wheel"},{"floor":26.0,"key":"Mummified Hand"},{"floor":27.0,"key":"Incense Burner"},{"floor":29.0,"key":"Pen Nib"},{"floor":31.0,"key":"Ice Cream"},{"floor":41,"key":"Shuriken"},{"floor":41,"key":"Molten Egg 2"},{"floor":43,"key":"Paper Crane"}],"event_choices":[{"damage_healed":0.0,"max_hp_gain":0.0,"max_hp_loss":0.0,"gold_gain":0.0,"event_name":"Forgotten Altar","player_choice":"Smashed Altar","floor":21.0,"gold_loss":0.0,"damage_taken":0.0,"cards_obtained":["Decay"]},{"damage_healed":0.0,"max_hp_gain":0.0,"max_hp_loss":0.0,"gold_gain":0.0,"event_name":"The Woman in Blue","player_choice":"Bought 2 Potions","floor":28.0,"gold_loss":0.0,"damage_taken":0.0},{"cards_removed":["Backstab"],"damage_healed":0.0,"max_hp_gain":0.0,"max_hp_loss":0.0,"gold_gain":0.0,"event_name":"Falling","player_choice":"Removed Attack","floor":37.0,"gold_loss":0.0,"damage_taken":0.0},{"damage_healed":0,"gold_gain":0,"player_choice":"Max HP","damage_taken":0,"max_hp_gain":0,"max_hp_loss":3,"event_name":"Winding Halls","floor":44,"gold_loss":0}],"is_beta":false,"boss_relics":[{"not_picked":["Tiny House","Eternal Feather"],"picked":"Philosopher\u0027s Stone"},{"not_picked":["Ring of the Serpent","Sozu"],"picked":"Black Star"}],"items_purged_floors":[13,20,39],"is_endless":false,"potions_floor_spawned":[3,7,10,14,16,18,23,30,33,35,41,42,48],"ascension_level":15}