{"path_per_floor":["M","M","M","M","M","E","M","M","T","R","M","$","M","?","R","B",null,"M","M","M","M","M","R","$","R","T","E","M","T","M","M","R","B",null,"M","M","?","M","M","E","$","M","T","R","M","M","R","M","R","B"],"character_chosen":"IRONCLAD","items_purchased":["Orichalcum","Armaments","Panache","Dream Catcher","Intimidate","Ornamental Fan","Body Slam","Lantern"],"gold_per_floor":[114,129,144,159,174,204,219,234,234,234,249,54,69,319,319,419,419,434,449,464,479,494,494,111,111,161,191,206,206,221,236,236,336,336,351,366,366,381,396,456,64,79,79,79,94,109,109,124,124,124],"floor_reached":51,"campfire_rested":1,"playtime":3057,"current_hp_per_floor":[75,80,80,69,61,42,43,35,35,59,65,65,69,69,69,77,80,80,80,70,78,87,87,87,87,87,69,74,74,75,84,84,58,87,87,87,87,87,87,87,87,87,87,87,87,87,87,87,87,87],"items_purged":[],"gold":124,"score":790,"play_id":"238b4de6-1b64-41ab-af1f-37235e9c936c","local_time":"20180323145220","daily_mods":["Time Dilation","Binary","Vintage"],"is_prod":false,"is_daily":true,"is_ascension_mode":false,"campfire_upgraded":5,"timestamp":1521816740,"path_taken":["M","M","M","M","M","E","M","M","T","R","M","$","M","?","R","BOSS","M","M","M","M","M","R","$","R","T","E","M","?","M","M","R","BOSS","M","M","?","M","M","E","$","M","T","R","M","M","R","M","R","BOSS"],"build_version":"2018-03-22","purchased_purges":1,"victory":true,"master_deck":["Strike_R","Strike_R+1","Strike_R","Strike_R","Defend_R+1","Defend_R","Defend_R+1","Defend_R","Bash+1","Flex+1","Armaments+1","Regret","Barricade+1","Panache+1","Intimidate+1","Thunderclap+1","Limit Break+1","Body Slam+1","Body Slam+1","Injury"],"max_hp_per_floor":[80,80,80,80,80,80,80,80,80,80,80,80,80,80,80,80,80,80,80,87,87,87,87,87,87,87,87,87,87,87,87,87,87,87,87,87,87,87,87,87,87,87,87,87,87,87,87,87,87,87],"relics":["Black Blood","Toxic Egg 2","Happy Flower","Gambling Chip","Ginger","Mercury Hourglass","Blue Candle","Du-Vu Doll","Pantograph","Bottled Flame","Orichalcum","War Paint","Shuriken","Toolbox","Ice Cream","Strawberry","Meat on the Bone","Letter Opener","Dream Catcher","Art of War","Bronze Scales","Gremlin Horn","Anchor","Whetstone","Girya","The Courier","Cursed Key","Bottled Lightning","Bag of Preparation","Self Forming Clay","Bag of Marbles","Tiny Chest","Ornamental Fan","Lantern","Frozen Egg 2","Bird Faced Urn","Juzu Bracelet","Matryoshka","Prayer Wheel"],"card_choices":[{"not_picked":["Carnage"],"picked":"Flex","floor":6},{"not_picked":["Juggernaut"],"picked":"Barricade","floor":16},{"not_picked":["Havoc"],"picked":"Thunderclap","floor":27},{"not_picked":["Fiend Fire"],"picked":"Limit Break","floor":33},{"not_picked":["Armaments"],"picked":"Body Slam","floor":40}],"player_experience":185563,"potions_floor_usage":[4,16,18,27,27,30,30,35,50,50,50],"damage_taken":[{"damage":11,"enemies":"Jaw Worm","floor":1,"turns":4},{"damage":1,"enemies":"Cultist","floor":2,"turns":3},{"damage":0,"enemies":"2 Louse","floor":3,"turns":3},{"damage":17,"enemies":"Large Slime","floor":4,"turns":8},{"damage":14,"enemies":"Red Slaver","floor":5,"turns":5},{"damage":25,"enemies":"3 Sentries","floor":6,"turns":6},{"damage":5,"enemies":"Looter","floor":7,"turns":3},{"damage":14,"enemies":"Exordium Thugs","floor":8,"turns":3},{"damage":0,"enemies":"3 Louse","floor":11,"turns":2},{"damage":2,"enemies":"Blue Slaver","floor":13,"turns":3},{"damage":9,"enemies":"Slime Boss","floor":16,"turns":9},{"damage":8,"enemies":"Shell Parasite","floor":18,"turns":5},{"damage":1,"enemies":"Chosen","floor":19,"turns":5},{"damage":27,"enemies":"Slaver and Parasite","floor":20,"turns":4},{"damage":2,"enemies":"Cultist and Chosen","floor":21,"turns":8},{"damage":1,"enemies":"Centurion and Healer","floor":22,"turns":7},{"damage":28,"enemies":"Gremlin Leader","floor":27,"turns":6},{"damage":5,"enemies":"Snecko","floor":28,"turns":5},{"damage":15,"enemies":"Cultist and Chosen","floor":30,"turns":5},{"damage":1,"enemies":"Chosen and Byrds","floor":31,"turns":4},{"damage":51,"enemies":"Automaton","floor":33,"turns":10},{"damage":1,"enemies":"3 Darklings","floor":35,"turns":3},{"damage":0,"enemies":"Orb Walker","floor":36,"turns":2},{"damage":1,"enemies":"Sphere and 2 Shapes","floor":38,"turns":3},{"damage":1,"enemies":"Maw","floor":39,"turns":6},{"damage":1,"enemies":"Giant Head","floor":40,"turns":6},{"damage":0,"enemies":"3 Darklings","floor":42,"turns":1},{"damage":0,"enemies":"4 Shapes","floor":45,"turns":1},{"damage":0,"enemies":"Sphere and 2 Shapes","floor":46,"turns":2},{"damage":0,"enemies":"Maw","floor":48,"turns":3},{"damage":9,"enemies":"Time Eater","floor":50,"turns":4}],"event_choices":[{"event_name":"Golden Shrine","player_choice":"Desecrate","floor":14,"damage_taken":0}],"boss_relics":[{"not_picked":["Question Card","Philosopher\u0027s Stone"],"picked":"Black Blood"},{"not_picked":["Runic Pyramid","Snecko Eye"],"picked":"Cursed Key"}],"potions_floor_spawned":[1,3,8,13,21,22,28,31,33,36,39,45,48],"seed_played":"3670860265742688607","ascension_level":0,"is_trial":false}