{"gold_per_floor":[119,134,134,134,152,163,176,176,176,176,195,230,240,252,252,326,376,389,145,195,195,208,208,240,240],"floor_reached":25,"playtime":1103,"items_purged":["Strike_R"],"score":428,"play_id":"cd19ab0f-cda2-4d58-ae42-9761068f2282","local_time":"20190128193307","is_ascension_mode":true,"campfire_choices":[{"data":"Combust","floor":8,"key":"SMITH"},{"floor":10,"key":"REST"},{"data":"Spot Weakness","floor":15,"key":"SMITH"},{"data":"Immolate","floor":23,"key":"SMITH"}],"neow_cost":"NONE","seed_source_timestamp":538019970083498,"circlet_count":0,"master_deck":["AscendersBane","Strike_R","Strike_R","Defend_R+1","Defend_R","Defend_R","Defend_R","Bash+1","Twin Strike","Spot Weakness+1","Combust+1","Shrug It Off","Anger+1","Immolate+1","Metallicize+1","Warcry+1"],"relics":["Burning Blood","Gremlin Horn","Self Forming Clay","Tiny House","Blood Vial","Pear"],"potions_floor_usage":[16,18,22,25,25],"damage_taken":[{"damage":4,"enemies":"Small Slimes","floor":1,"turns":4},{"damage":1,"enemies":"2 Louse","floor":2,"turns":2},{"damage":1,"enemies":"Cultist","floor":5,"turns":4},{"damage":42,"enemies":"Gremlin Gang","floor":6,"turns":3},{"damage":5,"enemies":"Looter","floor":7,"turns":4},{"damage":5,"enemies":"Red Slaver","floor":11,"turns":3},{"damage":18,"enemies":"Lagavulin","floor":12,"turns":6},{"damage":3,"enemies":"3 Louse","floor":13,"turns":3},{"damage":6,"enemies":"Looter","floor":14,"turns":3},{"damage":16,"enemies":"Hexaghost","floor":16,"turns":9},{"damage":7,"enemies":"3 Byrds","floor":18,"turns":3},{"damage":5,"enemies":"Spheric Guardian","floor":22,"turns":5},{"damage":63,"enemies":"Gremlin Leader","floor":24,"turns":6},{"damage":44,"enemies":"Snecko","floor":25,"turns":5}],"seed_played":"4933687523257168273","potions_obtained":[{"floor":11,"key":"GamblersBrew"},{"floor":12,"key":"Dexterity Potion"},{"floor":13,"key":"Poison Potion"},{"floor":16,"key":"Block Potion"},{"floor":21,"key":"GamblersBrew"},{"floor":24,"key":"LiquidBronze"}],"is_trial":false,"path_per_floor":["M","M","?","?","M","M","M","R","T","R","M","E","M","M","R","B",null,"M","$","?","?","M","R","E","M"],"character_chosen":"IRONCLAD","items_purchased":["Blood Vial"],"campfire_rested":1,"item_purchase_floors":[19],"current_hp_per_floor":[70,75,52,52,57,21,22,22,22,44,45,33,36,36,36,26,68,67,67,67,67,70,70,25,0],"gold":240,"neow_bonus":"REMOVE_CARD","is_prod":false,"is_daily":false,"chose_seed":false,"campfire_upgraded":3,"win_rate":0,"timestamp":1548700387,"path_taken":["M","M","?","?","M","M","M","R","T","R","?","E","M","?","R","BOSS","M","$","?","?","M","R","E","M"],"build_version":"2019-01-23","purchased_purges":1,"victory":false,"max_hp_per_floor":[75,75,75,75,75,75,75,75,75,75,75,75,75,75,75,75,80,80,80,80,80,80,80,90,90],"card_choices":[{"not_picked":["Thunderclap","Armaments"],"picked":"Twin Strike","floor":1},{"not_picked":["Pummel","Dropkick"],"picked":"Spot Weakness","floor":2},{"not_picked":["Warcry","Iron Wave"],"picked":"Combust","floor":5},{"not_picked":["Flex","Thunderclap"],"picked":"Shrug It Off","floor":6},{"not_picked":["Perfected Strike","Havoc"],"picked":"Anger","floor":7},{"not_picked":["Havoc","Clash","Dual Wield"],"picked":"SKIP","floor":11},{"not_picked":["Dropkick","Twin Strike","Havoc"],"picked":"SKIP","floor":12},{"not_picked":["Clothesline","Pommel Strike"],"picked":"Immolate","floor":13},{"not_picked":["Heavy Blade","Ghostly Armor","Second Wind"],"picked":"SKIP","floor":14},{"not_picked":["Entrench","Clash"],"picked":"Metallicize+1","floor":18},{"not_picked":["Anger","Perfected Strike","Headbutt"],"picked":"SKIP","floor":22},{"not_picked":["Heavy Blade","Dark Embrace"],"picked":"Warcry+1","floor":24}],"player_experience":1045333,"relics_obtained":[{"floor":9,"key":"Gremlin Horn"},{"floor":12,"key":"Self Forming Clay"},{"floor":24,"key":"Pear"}],"event_choices":[{"damage_healed":0,"gold_gain":0,"player_choice":"Entered Light","damage_taken":23,"max_hp_gain":0,"max_hp_loss":0,"event_name":"Shining Light","floor":3,"gold_loss":0,"cards_upgraded":["Bash","Defend_R"]},{"cards_removed":["Strike_R"],"damage_healed":0,"gold_gain":0,"player_choice":"Offered Basic","damage_taken":0,"max_hp_gain":0,"max_hp_loss":0,"event_name":"Bonfire Elementals","floor":4,"gold_loss":0},{"damage_healed":0,"gold_gain":50,"player_choice":"Stole From Cult","damage_taken":0,"max_hp_gain":0,"max_hp_loss":0,"event_name":"Nest","floor":20,"gold_loss":0},{"damage_healed":0,"gold_gain":0,"player_choice":"Got Potions","damage_taken":0,"max_hp_gain":0,"max_hp_loss":0,"event_name":"Lab","floor":21,"gold_loss":0}],"is_beta":false,"boss_relics":[{"not_picked":["Orrery","Eternal Feather"],"picked":"Tiny House"}],"items_purged_floors":[19],"is_endless":false,"potions_floor_spawned":[11,12,13,14,16,24],"killed_by":"Snecko","ascension_level":18}