{"gold_per_floor":[115,115,115,190,204,238,188,188,188,220,232,248,308,340,352,465,477,504,616,479,216,228,228],"floor_reached":23,"playtime":1318,"items_purged":["Strike_R","Strike_R"],"score":358,"play_id":"fadbf3a3-ec8e-4c34-b654-4eb0d19398a6","local_time":"20181209233529","is_ascension_mode":true,"campfire_choices":[{"data":"Armaments","floor":8.0,"key":"SMITH"},{"data":"Body Slam","floor":15.0,"key":"SMITH"}],"neow_cost":"NONE","seed_source_timestamp":0,"circlet_count":0,"master_deck":["AscendersBane","Strike_R","Strike_R+1","Defend_R","Defend_R","Defend_R","Defend_R+1","Bash","Flex","Armaments+1","Fire Breathing","Shockwave","Cleave","Cleave","Barricade","Body Slam+1","Offering","Entrench","Infernal Blade","Shockwave","Flex","Spot Weakness","Corruption","Feed"],"special_seed":0,"relics":["Burning Blood","NeowsBlessing","Turnip","Du-Vu Doll","Ancient Tea Set","Letter Opener","MawBank","Orrery"],"potions_floor_usage":[],"damage_taken":[{"damage":0.0,"enemies":"Small Slimes","floor":1.0,"turns":1.0},{"damage":0.0,"enemies":"2 Louse","floor":5.0,"turns":1.0},{"damage":0.0,"enemies":"Lagavulin","floor":6.0,"turns":1.0},{"damage":34.0,"enemies":"3 Sentries","floor":10.0,"turns":11.0},{"damage":0.0,"enemies":"Jaw Worm","floor":11.0,"turns":4.0},{"damage":0.0,"enemies":"Large Slime","floor":12.0,"turns":5.0},{"damage":35.0,"enemies":"Lagavulin Event","floor":13.0,"turns":7.0},{"damage":3.0,"enemies":"Looter","floor":14.0,"turns":4.0},{"damage":15.0,"enemies":"Slime Boss","floor":16.0,"turns":7.0},{"damage":38.0,"enemies":"Shell Parasite","floor":18.0,"turns":7.0},{"damage":13.0,"enemies":"Spheric Guardian","floor":22.0,"turns":4.0},{"damage":28,"enemies":"Book of Stabbing","floor":23,"turns":4}],"seed_played":"2911408944938339876","potions_obtained":[{"floor":1.0,"key":"Regen Potion"},{"floor":6.0,"key":"PowerPotion"},{"floor":12.0,"key":"Block Potion"},{"floor":13.0,"key":"Fire Potion"},{"floor":16.0,"key":"Explosive Potion"},{"floor":18.0,"key":"Fire Potion"}],"is_trial":false,"path_per_floor":["M","?","?","?","M","E","?","R","T","E","M","M","?","M","R","B",null,"M","?","$","$","M","M","E"],"character_chosen":"IRONCLAD","items_purchased":["Corruption","Feed"],"campfire_rested":0,"item_purchase_floors":[20,21],"current_hp_per_floor":[78,66,50,39,45,51,51,51,51,38,44,50,21,24,24,15,64,32,32,32,32,28,0],"gold":228,"neow_bonus":"THREE_ENEMY_KILL","is_prod":false,"is_daily":false,"chose_seed":false,"campfire_upgraded":2,"win_rate":0,"timestamp":1544394929,"path_taken":["M","?","?","?","M","E","?","R","T","E","?","M","?","M","R","BOSS","M","?","?","$","M","E"],"build_version":"2018-12-06","purchased_purges":2,"victory":false,"max_hp_per_floor":[80,80,80,80,80,80,80,80,80,80,80,80,80,80,80,80,80,80,80,80,80,83,83],"card_choices":[{"not_picked":["Dual Wield","Heavy Blade"],"picked":"Flex","floor":1.0},{"not_picked":["Warcry","Headbutt"],"picked":"Armaments","floor":5.0},{"not_picked":["Rupture","Blood for Blood"],"picked":"Fire Breathing","floor":6.0},{"not_picked":["Havoc","Searing Blow"],"picked":"Shockwave","floor":10.0},{"not_picked":["Thunderclap","Headbutt"],"picked":"Cleave","floor":11.0},{"not_picked":["Clothesline","Seeing Red"],"picked":"Cleave","floor":12.0},{"not_picked":["Evolve","Shockwave"],"picked":"Barricade","floor":13.0},{"not_picked":["Wild Strike","Thunderclap"],"picked":"Body Slam","floor":14.0},{"not_picked":["Brutality","Berserk"],"picked":"Offering","floor":16.0},{"not_picked":["Barricade","Flex"],"picked":"Entrench","floor":17.0},{"not_picked":["Cleave","Sword Boomerang"],"picked":"Infernal Blade","floor":17.0},{"not_picked":["Rage","Pommel Strike"],"picked":"Shockwave","floor":17.0},{"not_picked":["Iron Wave","Dropkick"],"picked":"Flex","floor":17.0},{"not_picked":["Hemokinesis","Disarm"],"picked":"Spot Weakness","floor":18.0},{"not_picked":["Hemokinesis","Body Slam","Rage"],"picked":"SKIP","floor":22}],"player_experience":527886,"relics_obtained":[{"floor":6.0,"key":"Du-Vu Doll"},{"floor":9.0,"key":"Ancient Tea Set"},{"floor":10.0,"key":"Letter Opener"},{"floor":13.0,"key":"MawBank"}],"event_choices":[{"damage_healed":0.0,"max_hp_gain":0.0,"max_hp_loss":0.0,"gold_gain":0.0,"event_name":"Scrap Ooze","player_choice":"Success","floor":2.0,"gold_loss":0.0,"damage_taken":12.0,"relics_obtained":["Turnip"]},{"damage_healed":0.0,"max_hp_gain":0.0,"max_hp_loss":0.0,"gold_gain":0.0,"event_name":"Shining Light","player_choice":"Entered Light","floor":3.0,"gold_loss":0.0,"damage_taken":16.0,"cards_upgraded":["Strike_R","Defend_R"]},{"damage_healed":0.0,"max_hp_gain":0.0,"max_hp_loss":0.0,"gold_gain":75.0,"event_name":"World of Goop","player_choice":"Gather Gold","floor":4.0,"gold_loss":0.0,"damage_taken":11.0},{"cards_removed":["Strike_R"],"damage_healed":0.0,"max_hp_gain":0.0,"max_hp_loss":0.0,"gold_gain":0.0,"event_name":"The Cleric","player_choice":"Card Removal","floor":7.0,"gold_loss":50.0,"damage_taken":0.0},{"damage_healed":0.0,"max_hp_gain":0.0,"max_hp_loss":0.0,"gold_gain":30.0,"event_name":"Dead Adventurer","player_choice":"Searched \u00272\u0027 times","floor":13.0,"gold_loss":0.0,"damage_taken":0.0},{"damage_healed":0.0,"max_hp_gain":0.0,"max_hp_loss":0.0,"gold_gain":100.0,"event_name":"Golden Shrine","player_choice":"Pray","floor":19.0,"gold_loss":0.0,"damage_taken":0.0}],"is_beta":false,"boss_relics":[{"not_picked":["Empty Cage","Black Blood"],"picked":"Orrery"}],"items_purged_floors":[20,21],"is_endless":false,"potions_floor_spawned":[1,6,12,13,16,18],"killed_by":"Book of Stabbing","ascension_level":12}