{"gold_per_floor":[114,125,0,10,27,57,57,83,83,102,102,102,102,136,136,215,215,232,232,232,246,246,246,309,309,334,349,369,404,439,439,439,516,516,534,552,570,570,570],"floor_reached":39,"playtime":2924,"items_purged":["Normality"],"score":872,"play_id":"d01d2f4d-1f37-42ad-8998-703d9b50a3f7","local_time":"20190128141048","is_ascension_mode":true,"campfire_choices":[{"data":"Zap","floor":7.0,"key":"SMITH"},{"floor":11.0,"key":"REST"},{"data":"Sunder","floor":13.0,"key":"SMITH"},{"floor":15.0,"key":"REST"},{"floor":23.0,"key":"REST"},{"floor":25.0,"key":"REST"},{"floor":32.0,"key":"REST"}],"neow_cost":"CURSE","seed_source_timestamp":516661077954791,"circlet_count":0,"master_deck":["AscendersBane","Strike_B","Defend_B","Defend_B","Defend_B","Defend_B","Zap+1","Dualcast","Sweeping Beam","Genetic Algorithm","Ball Lightning","Sunder+1","Conserve Battery","Darkness","Buffer","Coolheaded","Conserve Battery","Electrodynamics","Echo Form","Creative AI","Chill","Genetic Algorithm","Heatsinks","Hologram","Biased Cognition","Core Surge","Pain","Parasite","Shame","Loop+1"],"special_seed":0,"relics":["Cracked Core","Calipers","Vajra","Matryoshka","Regal Pillow","Blue Candle","Boot","Fusion Hammer","Tiny Chest","Bronze Scales","Orichalcum","WingedGreaves","Ancient Tea Set","FaceOfCleric","Calling Bell","PreservedInsect","Singing Bowl","Du-Vu Doll"],"potions_floor_usage":[],"damage_taken":[{"damage":1.0,"enemies":"Cultist","floor":1.0,"turns":3.0},{"damage":7.0,"enemies":"Small Slimes","floor":2.0,"turns":3.0},{"damage":3.0,"enemies":"Jaw Worm","floor":4.0,"turns":4.0},{"damage":6.0,"enemies":"3 Louse","floor":5.0,"turns":3.0},{"damage":8.0,"enemies":"Gremlin Nob","floor":6.0,"turns":3.0},{"damage":23.0,"enemies":"Lagavulin","floor":8.0,"turns":7.0},{"damage":16.0,"enemies":"Exordium Thugs","floor":10.0,"turns":5.0},{"damage":24.0,"enemies":"Gremlin Nob","floor":14.0,"turns":4.0},{"damage":28.0,"enemies":"The Guardian","floor":16.0,"turns":13.0},{"damage":19.0,"enemies":"2 Thieves","floor":18.0,"turns":3.0},{"damage":24.0,"enemies":"Colosseum Slavers","floor":20.0,"turns":5.0},{"damage":0.0,"enemies":"Spheric Guardian","floor":21.0,"turns":4.0},{"damage":28.0,"enemies":"Gremlin Leader","floor":24.0,"turns":7.0},{"damage":12.0,"enemies":"Shelled Parasite and Fungi","floor":27.0,"turns":6.0},{"damage":0.0,"enemies":"Snecko","floor":28.0,"turns":4.0},{"damage":32.0,"enemies":"Slavers","floor":29.0,"turns":6.0},{"damage":16.0,"enemies":"Book of Stabbing","floor":30.0,"turns":6.0},{"damage":32.0,"enemies":"Automaton","floor":33.0,"turns":9.0},{"damage":6.0,"enemies":"Orb Walker","floor":35.0,"turns":4.0},{"damage":30.0,"enemies":"3 Darklings","floor":36.0,"turns":3.0},{"damage":19.0,"enemies":"Sphere and 2 Shapes","floor":37.0,"turns":4.0},{"damage":17,"enemies":"Spire Growth","floor":39,"turns":2}],"seed_played":"-4207751941509922680","potions_obtained":[{"floor":1.0,"key":"Regen Potion"},{"floor":4.0,"key":"FocusPotion"},{"floor":29.0,"key":"AttackPotion"},{"floor":30.0,"key":"Poison Potion"},{"floor":33.0,"key":"Dexterity Potion"},{"floor":37.0,"key":"PowerPotion"}],"is_trial":false,"path_per_floor":["M","M","$","M","M","E","R","E","T","M","R","?","R","E","R","B",null,"M","?","?","M","?","R","E","R","T","M","M","E","E","?","R","B",null,"M","M","M","?","M"],"character_chosen":"DEFECT","items_purchased":["Ball Lightning"],"campfire_rested":5,"item_purchase_floors":[3],"current_hp_per_floor":[63,56,56,53,47,48,48,25,25,9,45,45,45,21,57,29,61,42,42,18,18,18,54,26,62,62,50,50,18,2,2,38,7,56,51,24,8,8,0],"gold":570,"neow_bonus":"ONE_RARE_RELIC","is_prod":false,"is_daily":false,"chose_seed":false,"campfire_upgraded":2,"win_rate":0,"timestamp":1548681048,"path_taken":["M","M","$","M","M","E","R","E","T","?","R","?","R","E","R","BOSS","M","?","?","?","?","R","E","R","T","M","M","E","E","?","R","BOSS","M","?","M","?","M"],"build_version":"2019-01-23","purchased_purges":1,"victory":false,"max_hp_per_floor":[71,71,71,71,71,71,71,71,71,71,71,71,71,71,71,71,71,71,71,71,71,71,71,71,71,71,71,71,71,71,71,71,72,72,73,76,79,79,79],"card_choices":[{"not_picked":["Beam Cell","Melter"],"picked":"Sweeping Beam","floor":1.0},{"not_picked":["Heatsinks","Chaos"],"picked":"Genetic Algorithm","floor":2.0},{"not_picked":["Double Energy","Recycle"],"picked":"Sunder","floor":4.0},{"not_picked":["Rebound","Ball Lightning"],"picked":"Conserve Battery","floor":5.0},{"not_picked":["Loop","Force Field"],"picked":"Darkness","floor":6.0},{"not_picked":["Gash","Barrage"],"picked":"Buffer","floor":8.0},{"not_picked":["Heatsinks","Doom and Gloom"],"picked":"Coolheaded","floor":10.0},{"not_picked":["Darkness","Buffer"],"picked":"Conserve Battery","floor":14.0},{"not_picked":["Reboot","Fission"],"picked":"Electrodynamics","floor":16.0},{"not_picked":["Force Field+1","Barrage","Stack"],"picked":"SKIP","floor":18.0},{"not_picked":["Cold Snap","Stack"],"picked":"Chill","floor":21.0},{"not_picked":["Machine Learning","Beam Cell"],"picked":"Genetic Algorithm","floor":24.0},{"not_picked":["Cold Snap","Conserve Battery"],"picked":"Heatsinks","floor":27.0},{"not_picked":["Doom and Gloom","Turbo"],"picked":"Hologram","floor":28.0},{"not_picked":["Fusion","Cold Snap","Double Energy"],"picked":"SKIP","floor":29.0},{"not_picked":["Fusion","Chill"],"picked":"Biased Cognition","floor":30.0},{"not_picked":["Fission","Creative AI"],"picked":"Core Surge","floor":33.0},{"not_picked":["Doom and Gloom","Static Discharge"],"picked":"Loop+1","floor":35.0},{"not_picked":["Hello World","Stack","Chill"],"picked":"Singing Bowl","floor":36.0},{"not_picked":["Force Field","Steam Power","Redo"],"picked":"Singing Bowl","floor":37.0}],"player_experience":1028478,"relics_obtained":[{"floor":6.0,"key":"Vajra"},{"floor":8.0,"key":"Matryoshka"},{"floor":9.0,"key":"Regal Pillow"},{"floor":9.0,"key":"Blue Candle"},{"floor":14.0,"key":"Boot"},{"floor":24.0,"key":"Tiny Chest"},{"floor":26.0,"key":"Bronze Scales"},{"floor":26.0,"key":"Orichalcum"},{"floor":29.0,"key":"WingedGreaves"},{"floor":30.0,"key":"Ancient Tea Set"},{"floor":34.0,"key":"PreservedInsect"},{"floor":34.0,"key":"Singing Bowl"},{"floor":34.0,"key":"Du-Vu Doll"}],"event_choices":[{"cards_removed":["Strike_B"],"damage_healed":0.0,"max_hp_gain":0.0,"max_hp_loss":0.0,"gold_gain":0.0,"event_name":"Living Wall","player_choice":"Forget","floor":12.0,"gold_loss":0.0,"damage_taken":0.0},{"damage_healed":0.0,"max_hp_gain":0.0,"max_hp_loss":0.0,"gold_gain":0.0,"cards_transformed":["Strike_B","Strike_B"],"event_name":"Drug Dealer","player_choice":"Became Test Subject","floor":19.0,"gold_loss":0.0,"damage_taken":0.0,"cards_obtained":["Echo Form","Creative AI"]},{"damage_healed":0.0,"max_hp_gain":0.0,"max_hp_loss":0.0,"gold_gain":0.0,"event_name":"Colosseum","player_choice":"Fight","floor":20.0,"gold_loss":0.0,"damage_taken":0.0},{"damage_healed":0.0,"max_hp_gain":0.0,"max_hp_loss":0.0,"gold_gain":0.0,"event_name":"Colosseum","player_choice":"Fled From Nobs","floor":20.0,"gold_loss":0.0,"damage_taken":0.0},{"damage_healed":0.0,"max_hp_gain":0.0,"max_hp_loss":0.0,"gold_gain":0.0,"event_name":"Vampires","player_choice":"Ignored","floor":22.0,"gold_loss":0.0,"damage_taken":0.0},{"damage_healed":0.0,"max_hp_gain":0.0,"max_hp_loss":0.0,"gold_gain":0.0,"event_name":"FaceTrader","player_choice":"Trade","floor":31.0,"gold_loss":0.0,"damage_taken":0.0,"relics_obtained":["FaceOfCleric"]},{"damage_healed":0.0,"max_hp_gain":0.0,"max_hp_loss":0.0,"gold_gain":0.0,"event_name":"Tomb of Lord Red Mask","player_choice":"Ignored","floor":38.0,"gold_loss":0.0,"damage_taken":0.0}],"is_beta":false,"boss_relics":[{"not_picked":["White Beast Statue","Lizard Tail"],"picked":"Fusion Hammer"},{"not_picked":["Empty Cage","Eternal Feather"],"picked":"Calling Bell"}],"items_purged_floors":[3],"is_endless":false,"potions_floor_spawned":[1,4,5,20,29,30,33,35,37],"killed_by":"Spire Growth","ascension_level":18}