{"gold_per_floor":[116,136,211,231,182,182,195,222,222,222,240,240,252,265,265,339,339,349,362,362,376,376,376,402,402,402,430,430],"floor_reached":28,"playtime":2401,"items_purged":[],"score":485,"play_id":"10222b6c-6da5-4879-bb28-a7230e9db341","local_time":"20190106113313","is_ascension_mode":true,"campfire_choices":[{"data":"A Thousand Cuts","floor":6.0,"key":"SMITH"},{"floor":10.0,"key":"REST"},{"floor":15.0,"key":"REST"},{"floor":23.0,"key":"REST"}],"neow_cost":"TEN_PERCENT_HP_LOSS","seed_source_timestamp":36558176636900,"circlet_count":0,"master_deck":["AscendersBane","Defend_G+1","Defend_G+1","Defend_G+1","Defend_G+1","Defend_G+1","Strike_G+1","Strike_G+1","Strike_G+1","Survivor","Neutralize","A Thousand Cuts+1","Backstab","Cloak And Dagger","PiercingWail","Crippling Poison","Cloak And Dagger","Noxious Fumes","Blade Dance","Night Terror","Cloak And Dagger","Bane","Malaise","Noxious Fumes","Writhe","PiercingWail","Decay","After Image+1"],"special_seed":0,"relics":["Ring of the Snake","Pen Nib","Pantograph","Cursed Key","Peace Pipe","Ornamental Fan","Frozen Egg 2","Incense Burner"],"potions_floor_usage":[28],"damage_taken":[{"damage":14.0,"enemies":"Jaw Worm","floor":1.0,"turns":6.0},{"damage":1.0,"enemies":"2 Louse","floor":2.0,"turns":4.0},{"damage":3.0,"enemies":"Small Slimes","floor":4.0,"turns":3.0},{"damage":21.0,"enemies":"Exordium Thugs","floor":5.0,"turns":5.0},{"damage":11.0,"enemies":"Exordium Wildlife","floor":7.0,"turns":5.0},{"damage":10.0,"enemies":"3 Sentries","floor":8.0,"turns":6.0},{"damage":3.0,"enemies":"Lots of Slimes","floor":11.0,"turns":4.0},{"damage":5.0,"enemies":"Red Slaver","floor":13.0,"turns":3.0},{"damage":0.0,"enemies":"Looter","floor":14.0,"turns":3.0},{"damage":51.0,"enemies":"Hexaghost","floor":16.0,"turns":13.0},{"damage":17.0,"enemies":"3 Byrds","floor":18.0,"turns":3.0},{"damage":16.0,"enemies":"2 Thieves","floor":19.0,"turns":3.0},{"damage":14.0,"enemies":"Centurion and Healer","floor":21.0,"turns":7.0},{"damage":24.0,"enemies":"Book of Stabbing","floor":24.0,"turns":7.0},{"damage":5.0,"enemies":"Slavers","floor":27.0,"turns":6.0},{"damage":2,"enemies":"Snake Plant","floor":28,"turns":2}],"seed_played":"-2852322171764414006","potions_obtained":[{"floor":1.0,"key":"Regen Potion"},{"floor":5.0,"key":"LiquidBronze"},{"floor":8.0,"key":"LiquidBronze"},{"floor":11.0,"key":"Explosive Potion"},{"floor":13.0,"key":"Regen Potion"},{"floor":16.0,"key":"Poison Potion"},{"floor":19.0,"key":"Block Potion"},{"floor":21.0,"key":"GamblersBrew"}],"is_trial":false,"path_per_floor":["M","M","?","M","M","R","M","E","T","R","M","?","M","M","R","B",null,"M","M","?","M","?","R","E","?","T","E","M"],"character_chosen":"THE_SILENT","items_purchased":[],"campfire_rested":3,"item_purchase_floors":[],"current_hp_per_floor":[45,44,33,30,24,24,13,3,3,21,18,38,33,33,51,9,47,30,26,26,12,12,30,6,6,6,1,0],"gold":430,"neow_bonus":"THREE_RARE_CARDS","is_prod":false,"is_daily":false,"chose_seed":false,"campfire_upgraded":1,"win_rate":0,"timestamp":1546770793,"path_taken":["M","M","?","M","M","R","M","E","T","R","M","?","M","M","R","BOSS","M","M","?","M","?","R","E","?","T","E","?"],"build_version":"2019-01-03v4","purchased_purges":0,"victory":false,"max_hp_per_floor":[60,60,60,60,60,60,60,60,60,60,60,60,60,60,60,60,60,60,60,60,60,60,60,60,60,60,60,60],"card_choices":[{"not_picked":["Burst","Night Terror"],"picked":"A Thousand Cuts","floor":0.0},{"not_picked":["Predator","PiercingWail"],"picked":"Backstab","floor":1.0},{"not_picked":["Tactician","PiercingWail"],"picked":"Cloak And Dagger","floor":2.0},{"not_picked":["Dodge and Roll","Catalyst"],"picked":"PiercingWail","floor":4.0},{"not_picked":["Bane","Dodge and Roll"],"picked":"Crippling Poison","floor":5.0},{"not_picked":["Backflip","Reflex"],"picked":"Cloak And Dagger","floor":7.0},{"not_picked":["Blade Dance","Flying Knee"],"picked":"Noxious Fumes","floor":8.0},{"not_picked":["Grand Finale","Quick Slash"],"picked":"Blade Dance","floor":11.0},{"not_picked":["Sucker Punch","Poisoned Stab","Setup"],"picked":"SKIP","floor":13.0},{"not_picked":["Slice","Skewer","Blade Dance"],"picked":"SKIP","floor":14.0},{"not_picked":["Doppelganger","Unload"],"picked":"Night Terror","floor":16.0},{"not_picked":["Sucker Punch","Dagger Throw+1","Skewer"],"picked":"SKIP","floor":18.0},{"not_picked":["Finisher+1","Sucker Punch"],"picked":"Cloak And Dagger","floor":19.0},{"not_picked":["Heel Hook","Blade Dance"],"picked":"Noxious Fumes","floor":21.0},{"not_picked":["Blur","Prepared+1"],"picked":"PiercingWail","floor":24.0},{"not_picked":["Masterful Stab","Accuracy+1"],"picked":"After Image+1","floor":27.0}],"player_experience":742623,"relics_obtained":[{"floor":8.0,"key":"Pen Nib"},{"floor":9.0,"key":"Pantograph"},{"floor":24.0,"key":"Ornamental Fan"},{"floor":26.0,"key":"Frozen Egg 2"},{"floor":27.0,"key":"Incense Burner"}],"event_choices":[{"damage_healed":0.0,"max_hp_gain":0.0,"max_hp_loss":0.0,"gold_gain":75.0,"event_name":"World of Goop","player_choice":"Gather Gold","floor":3.0,"gold_loss":0.0,"damage_taken":11.0},{"damage_healed":20.0,"max_hp_gain":0.0,"max_hp_loss":0.0,"gold_gain":0.0,"event_name":"Big Fish","player_choice":"Banana","floor":12.0,"gold_loss":0.0,"damage_taken":0.0},{"damage_healed":0.0,"max_hp_gain":0.0,"max_hp_loss":0.0,"gold_gain":0.0,"cards_transformed":["Strike_G","Strike_G"],"event_name":"Drug Dealer","player_choice":"Became Test Subject","floor":20.0,"gold_loss":0.0,"damage_taken":0.0,"cards_obtained":["Bane","Malaise"]},{"damage_healed":0.0,"max_hp_gain":0.0,"max_hp_loss":0.0,"gold_gain":0.0,"event_name":"The Mausoleum","player_choice":"Opened","floor":22.0,"gold_loss":0.0,"damage_taken":0.0,"relics_obtained":["Peace Pipe"],"cards_obtained":["Writhe"]},{"damage_healed":0.0,"max_hp_gain":0.0,"max_hp_loss":0.0,"gold_gain":0.0,"event_name":"Back to Basics","player_choice":"Simplicity","floor":25.0,"gold_loss":0.0,"damage_taken":0.0,"cards_upgraded":["Defend_G","Defend_G","Defend_G","Defend_G","Defend_G","Strike_G","Strike_G","Strike_G"]}],"is_beta":false,"boss_relics":[{"not_picked":["Velvet Choker","Runic Pyramid"],"picked":"Cursed Key"}],"items_purged_floors":[],"is_endless":false,"potions_floor_spawned":[1,5,8,11,13,16,19,21],"killed_by":"Snake Plant","ascension_level":17}