{"path_per_floor":["M","M","?","$","M","R","M","R","T","M","M","?","R","M","R","B",null,"M","M","?","$","M","E","R","M","T","R","M","M","?","M","R","B",null,"M","$","M","M","M","R","?"],"character_chosen":"THE_SILENT","items_purchased":["Sadistic Nature","Block Potion","Block Potion"],"gold_per_floor":[117,136,211,3,20,20,38,38,38,52,65,87,87,97,97,198,198,217,204,204,81,96,130,130,140,190,190,204,222,137,147,147,243,243,259,110,125,138,151,151,205],"floor_reached":42,"campfire_rested":5,"playtime":4613,"current_hp_per_floor":[70,70,59,59,59,59,59,59,69,63,63,55,55,50,74,53,80,69,57,42,42,36,9,34,29,29,54,52,25,25,13,38,16,85,46,46,46,43,19,52,7],"items_purged":["Strike_G","Strike_G"],"gold":205,"score":416,"play_id":"00be3050-52a2-4b6c-8c75-48046d51aa9c","is_prod":false,"is_daily":false,"is_ascension_mode":false,"campfire_upgraded":3,"path_taken":["M","?","?","$","M","R","M","R","T","M","M","?","R","M","R","BOSS","M","M","?","$","M","E","R","M","T","R","?","?","?","M","R","BOSS","M","$","M","M","M","R","?","?"],"build_version":"2018-02-12-PROD1","purchased_purges":2,"victory":false,"master_deck":["Defend_G","Defend_G","Defend_G","Defend_G","Defend_G","Strike_G","Strike_G","Strike_G","Survivor","Neutralize","Poisoned Stab","Deadly Poison","Sadistic Nature+1","Noxious Fumes+1","Noxious Fumes+1","Blur","Adrenaline","Blur+1","Bouncing Flask","PiercingWail","PiercingWail+1","Corpse Explosion+1"],"max_hp_per_floor":[70,70,70,70,70,70,70,70,80,80,80,80,80,80,80,80,80,80,80,85,85,85,85,85,85,85,85,85,85,85,85,85,85,85,85,85,85,85,85,85,85],"relics":["Ring of the Snake","Pear","Odd Mushroom","Velvet Choker","Molten Egg 2","Pen Nib","Sundial","Eternal Feather","Tingsha"],"card_choices":[{"not_picked":["Dodge and Roll","Distraction"],"picked":"Poisoned Stab"},{"not_picked":["Dagger Throw","Deflect"],"picked":"Deadly Poison"},{"not_picked":["Dodge and Roll","Bane"],"picked":"Noxious Fumes"},{"not_picked":["Dagger Throw","Deflect"],"picked":"Noxious Fumes"},{"not_picked":["Dash","Dodge and Roll"],"picked":"Blur"},{"not_picked":["Night Terror","Tools of the Trade"],"picked":"Adrenaline"},{"not_picked":["Flechettes","Acrobatics"],"picked":"Blur"},{"not_picked":["Deadly Poison","Slice"],"picked":"Bouncing Flask"},{"not_picked":["Acrobatics","Bane"],"picked":"PiercingWail"},{"not_picked":["Backflip","Poisoned Stab"],"picked":"PiercingWail"},{"not_picked":["Die Die Die","Unload"],"picked":"Corpse Explosion"}],"player_experience":55129,"potions_floor_usage":[37,41,42],"damage_taken":[{"damage":0.0,"enemies":"Blue Slaver","floor":1.0,"turns":6.0},{"damage":0.0,"enemies":"2 Louse","floor":2.0,"turns":3.0},{"damage":0.0,"enemies":"Cultist","floor":5.0,"turns":3.0},{"damage":0.0,"enemies":"3 Louse","floor":7.0,"turns":4.0},{"damage":6.0,"enemies":"Large Slime","floor":10.0,"turns":5.0},{"damage":0.0,"enemies":"Exordium Wildlife","floor":11.0,"turns":4.0},{"damage":8.0,"enemies":"The Mushroom Lair","floor":12.0,"turns":5.0},{"damage":5.0,"enemies":"Exordium Thugs","floor":14.0,"turns":4.0},{"damage":21.0,"enemies":"Hexaghost","floor":16.0,"turns":8.0},{"damage":11.0,"enemies":"Chosen","floor":18.0,"turns":5.0},{"damage":12.0,"enemies":"2 Thieves","floor":19.0,"turns":4.0},{"damage":6.0,"enemies":"Slaver and Parasite","floor":22.0,"turns":7.0},{"damage":27.0,"enemies":"Book of Stabbing","floor":23.0,"turns":6.0},{"damage":5.0,"enemies":"Snecko","floor":25.0,"turns":6.0},{"damage":2.0,"enemies":"Centurion and Healer","floor":28.0,"turns":5.0},{"damage":27.0,"enemies":"Chosen and Byrds","floor":29.0,"turns":7.0},{"damage":12.0,"enemies":"Snake Plant","floor":31.0,"turns":4.0},{"damage":22.0,"enemies":"Champ","floor":33.0,"turns":10.0},{"damage":39,"enemies":"3 Darklings","floor":35,"turns":6},{"damage":0,"enemies":"3 Shapes","floor":37,"turns":3},{"damage":3,"enemies":"3 Darklings","floor":38,"turns":5},{"damage":24,"enemies":"Maw","floor":39,"turns":7},{"damage":45,"enemies":"Mysterious Sphere","floor":41,"turns":5}],"event_choices":[{"event_name":"World of Goop","player_choice":"Gather Gold","floor":3.0,"damage_taken":0.0},{"event_name":"Mushrooms","player_choice":"Fought Mushrooms","floor":12.0,"damage_taken":0.0},{"event_name":"Forgotten Altar","player_choice":"Shed Blood","floor":20.0,"damage_taken":0.0},{"event_name":"Addict","player_choice":"Obtained Relic","floor":30.0,"damage_taken":0.0},{"event_name":"Mysterious Sphere","player_choice":"Fight","floor":41,"damage_taken":0}],"boss_relics":[{"not_picked":["Question Card","Lizard Tail"],"picked":"Eternal Feather"}],"potions_floor_spawned":[2,7,11,12,18,25,29,31,39,41],"seed_played":"6220964560769820924","killed_by":"4 Shapes","ascension_level":0,"is_trial":false}