{"gold_per_floor":[111,122,122,122,133,133,150,150,177,177,210,224,237,267,267,372,372,383,399,314,314,58,92,92,124,124,124,144,144,158,174,174,272,272,290,290,290,639,656,687,687,687],"floor_reached":42,"playtime":2960,"items_purged":[],"score":656,"play_id":"91465b03-894e-4dd8-8ad5-7f7d494cbcd3","local_time":"20181219154533","is_ascension_mode":true,"campfire_choices":[{"data":"Sever Soul","floor":6,"key":"SMITH"},{"data":"Iron Wave","floor":8,"key":"SMITH"},{"data":"Anger","floor":10,"key":"SMITH"},{"data":"Spot Weakness","floor":15,"key":"SMITH"},{"data":"Demon Form","floor":24,"key":"SMITH"},{"floor":27,"key":"REST"},{"data":"J.A.X.","floor":32,"key":"SMITH"},{"data":"True Grit","floor":41,"key":"SMITH"}],"neow_cost":"NONE","seed_source_timestamp":52296067167060,"circlet_count":0,"master_deck":["Strike_R","Strike_R","Strike_R","Strike_R","Defend_R","Defend_R","Defend_R","Defend_R","Bash+1","Sever Soul+1","Clash","Clash","Anger+1","Spot Weakness+1","Iron Wave","Demon Form+1","True Grit+1","J.A.X.+1","Feel No Pain","Clothesline","Ghostly","Ghostly","Ghostly","Ghostly","Ghostly","Cleave","Sword Boomerang+1","Exhume","Heavy Blade+1","Sword Boomerang+1","Thunderclap"],"relics":["Burning Blood","Anchor","Centennial Puzzle","StoneCalendar","Velvet Choker","Matryoshka","Paper Frog","Art of War","Self Forming Clay","Blood Vial","Bottled Tornado","Sozu","Old Coin","Red Skull"],"potions_floor_usage":[23,23,38,42],"damage_taken":[{"damage":5,"enemies":"Small Slimes","floor":1,"turns":4},{"damage":2,"enemies":"Jaw Worm","floor":2,"turns":4},{"damage":2,"enemies":"2 Louse","floor":5,"turns":2},{"damage":1,"enemies":"Looter","floor":7,"turns":2},{"damage":23,"enemies":"Lagavulin","floor":11,"turns":5},{"damage":1,"enemies":"Exordium Thugs","floor":12,"turns":3},{"damage":0,"enemies":"Large Slime","floor":13,"turns":4},{"damage":5,"enemies":"3 Sentries","floor":14,"turns":5},{"damage":36,"enemies":"The Guardian","floor":16,"turns":7},{"damage":7,"enemies":"Shell Parasite","floor":18,"turns":3},{"damage":2,"enemies":"2 Thieves","floor":19,"turns":2},{"damage":34,"enemies":"Gremlin Leader","floor":23,"turns":6},{"damage":22,"enemies":"Book of Stabbing","floor":25,"turns":3},{"damage":18,"enemies":"Snake Plant","floor":28,"turns":3},{"damage":2,"enemies":"Cultist and Chosen","floor":30,"turns":5},{"damage":3,"enemies":"Centurion and Healer","floor":31,"turns":5},{"damage":17,"enemies":"Automaton","floor":33,"turns":7},{"damage":2,"enemies":"3 Shapes","floor":35,"turns":3},{"damage":25,"enemies":"2 Orb Walkers","floor":38,"turns":6},{"damage":0,"enemies":"Orb Walker","floor":39,"turns":3},{"damage":0,"enemies":"Giant Head","floor":40,"turns":6},{"damage":58,"enemies":"Reptomancer","floor":42,"turns":2}],"seed_played":"-3527787738797891790","potions_obtained":[{"floor":5,"key":"Strength Potion"},{"floor":11,"key":"Explosive Potion"},{"floor":12,"key":"SpeedPotion"},{"floor":16,"key":"EntropicBrew"}],"is_trial":false,"path_per_floor":["M","M","?","?","M","R","M","R","T","R","E","M","M","E","R","B",null,"M","M","?","?","$","E","R","E","T","R","M","?","M","M","R","B",null,"M","?","?","?","M","E","R","E"],"character_chosen":"IRONCLAD","items_purchased":["Paper Frog"],"campfire_rested":1,"item_purchase_floors":[22],"current_hp_per_floor":[80,80,80,80,80,80,80,80,80,80,63,68,74,75,75,45,80,79,80,80,80,80,52,52,36,36,60,50,40,40,40,40,29,40,40,38,38,19,27,35,35,0],"gold":687,"neow_bonus":"TRANSFORM_CARD","is_prod":false,"is_daily":false,"chose_seed":false,"campfire_upgraded":7,"win_rate":0,"timestamp":1545255933,"path_taken":["M","M","?","?","M","R","M","R","T","R","E","M","M","E","R","BOSS","M","M","?","?","$","E","R","E","T","R","M","?","M","M","R","BOSS","M","?","?","?","M","E","R","E"],"build_version":"2018-12-13","purchased_purges":0,"victory":false,"max_hp_per_floor":[80,80,80,80,80,80,80,80,80,80,80,80,80,80,80,80,80,80,80,80,80,80,80,80,80,80,80,80,40,40,40,40,40,40,40,38,38,38,38,38,38,38],"card_choices":[{"not_picked":["Wild Strike","Flame Barrier"],"picked":"Clash","floor":1},{"not_picked":["Flex","Evolve"],"picked":"Clash","floor":2},{"not_picked":["Clash","Shrug It Off"],"picked":"Iron Wave","floor":5},{"not_picked":["Havoc","Warcry"],"picked":"Anger","floor":7},{"not_picked":["Dual Wield","Sword Boomerang"],"picked":"Spot Weakness","floor":11},{"not_picked":["Dual Wield","Warcry"],"picked":"Iron Wave","floor":12},{"not_picked":["Iron Wave","Heavy Blade","Uppercut"],"picked":"SKIP","floor":13},{"not_picked":["Juggernaut","Intimidate","Rampage"],"picked":"SKIP","floor":14},{"not_picked":["Bludgeon","Barricade"],"picked":"Demon Form","floor":16},{"not_picked":["Clash","True Grit","Thunderclap+1"],"picked":"SKIP","floor":18},{"not_picked":["Clash","Battle Trance"],"picked":"True Grit","floor":19},{"not_picked":["Warcry","Clash"],"picked":"Feel No Pain","floor":23},{"not_picked":["Immolate","Sever Soul"],"picked":"Clothesline","floor":25},{"not_picked":["Headbutt","Sever Soul","Rage"],"picked":"SKIP","floor":28},{"not_picked":["Anger","Intimidate"],"picked":"Cleave","floor":30},{"not_picked":["Feel No Pain+1","Flame Barrier"],"picked":"Sword Boomerang+1","floor":31},{"not_picked":["Demon Form","Reaper"],"picked":"Exhume","floor":33},{"not_picked":["Combust","Shrug It Off"],"picked":"Heavy Blade+1","floor":35},{"not_picked":["Wild Strike","Dual Wield+1"],"picked":"Sword Boomerang+1","floor":38},{"not_picked":["Perfected Strike","Combust+1"],"picked":"Thunderclap","floor":39},{"not_picked":["Second Wind+1","Flex+1","Inflame+1"],"picked":"SKIP","floor":40}],"player_experience":263887,"relics_obtained":[{"floor":9,"key":"Anchor"},{"floor":11,"key":"Centennial Puzzle"},{"floor":14,"key":"StoneCalendar"},{"floor":23,"key":"Art of War"},{"floor":25,"key":"Self Forming Clay"},{"floor":26,"key":"Blood Vial"},{"floor":26,"key":"Bottled Tornado"},{"floor":38,"key":"Old Coin"},{"floor":40,"key":"Red Skull"}],"event_choices":[{"damage_healed":0,"gold_gain":0,"player_choice":"Ignored","damage_taken":0,"max_hp_gain":0,"max_hp_loss":0,"event_name":"Liars Game","floor":3,"gold_loss":0},{"damage_healed":0,"gold_gain":0,"player_choice":"Grow","damage_taken":0,"max_hp_gain":0,"max_hp_loss":0,"event_name":"Living Wall","floor":4,"gold_loss":0,"cards_upgraded":["Bash"]},{"damage_healed":0,"gold_gain":0,"player_choice":"Obtained Relic","damage_taken":0,"relics_obtained":["Matryoshka"],"max_hp_gain":0,"max_hp_loss":0,"event_name":"Addict","floor":20,"gold_loss":85},{"damage_healed":0,"gold_gain":0,"player_choice":"Obtain J.A.X.","damage_taken":0,"max_hp_gain":0,"max_hp_loss":0,"event_name":"Drug Dealer","floor":21,"gold_loss":0,"cards_obtained":["J.A.X."]},{"damage_healed":0,"gold_gain":0,"player_choice":"Became a Ghost","damage_taken":0,"max_hp_gain":0,"max_hp_loss":40,"event_name":"Ghosts","floor":29,"gold_loss":0,"cards_obtained":["Ghostly","Ghostly","Ghostly","Ghostly","Ghostly"]},{"damage_healed":0,"gold_gain":0,"player_choice":"Max HP","damage_taken":0,"max_hp_gain":0,"max_hp_loss":2,"event_name":"Winding Halls","floor":36,"gold_loss":0},{"cards_removed":["Iron Wave"],"damage_healed":0,"gold_gain":0,"player_choice":"Removed Attack","damage_taken":0,"max_hp_gain":0,"max_hp_loss":0,"event_name":"Falling","floor":37,"gold_loss":0},{"damage_healed":0,"gold_gain":0,"player_choice":"Fight","damage_taken":0,"max_hp_gain":0,"max_hp_loss":0,"event_name":"Mysterious Sphere","floor":38,"gold_loss":0}],"is_beta":false,"boss_relics":[{"not_picked":["Empty Cage","Runic Dome"],"picked":"Velvet Choker"},{"not_picked":["Snecko Eye","Eternal Feather"],"picked":"Sozu"}],"items_purged_floors":[],"is_endless":false,"potions_floor_spawned":[5,11,12,16,18,23,30,35,38],"killed_by":"Reptomancer","ascension_level":4}