{"gold_per_floor":[110,125,125,141,162,162,178,178,202,216,216,231,256,274,274,403,403,421,421,444,464,487,487,503,519,519,86,110,134,134,134,134,259,259,283,304,327,346,361,361,380,380,403,678,337,25,25,46,46,46],"floor_reached":51,"playtime":2514,"items_purged":["Strike_B","Regret","Shame"],"score":751,"play_id":"7927f40a-1a28-43e0-adb4-d9f83ccb0aeb","local_time":"20190201150732","is_ascension_mode":false,"campfire_choices":[{"data":"Hologram","floor":6.0,"key":"SMITH"},{"data":"Consume","floor":8.0,"key":"SMITH"},{"data":"Blizzard","floor":11.0,"key":"SMITH"},{"data":"Coolheaded","floor":15.0,"key":"SMITH"},{"data":"RitualDagger","floor":23.0,"key":"SMITH"},{"data":"Defragment","floor":30.0,"key":"SMITH"},{"floor":32.0,"key":"REST"},{"floor":40.0,"key":"REST"},{"floor":42.0,"key":"REST"},{"floor":47.0,"key":"REST"},{"data":"Discovery","floor":49,"key":"SMITH"}],"neow_cost":"NONE","seed_source_timestamp":12578315212804,"circlet_count":0,"master_deck":["Strike_B","Strike_B","Strike_B","Defend_B","Defend_B","Defend_B","Defend_B","Zap+1","Dualcast","Glacier","Hologram+1","BootSequence","Conserve Battery","Consume+1","Blizzard+1","Rip and Tear","Coolheaded+1","Cold Snap","Thunder Strike","Rip and Tear+1","RitualDagger+1","Ball Lightning+1","Conserve Battery","Chill","Blizzard+1","Defragment+1","Turbo","Conserve Battery","Echo Form","Genetic Algorithm+1","Steam Power+1","Skim","Auto Shields","Parasite","Writhe","Reboot","Discovery+1","Consume","Reinforced Body+1","Recycle+1"],"special_seed":0,"relics":["Cracked Core","Golden Idol","Smiling Mask","Odd Mushroom","Inserter","Bag of Preparation","Membership Card","Pantograph","Ancient Tea Set","Cursed Key","Lantern","Toy Ornithopter","Dream Catcher","Pocketwatch","Oddly Smooth Stone"],"potions_floor_usage":[50,50,50],"damage_taken":[{"damage":0.0,"enemies":"2 Louse","floor":1.0,"turns":1.0},{"damage":0.0,"enemies":"Small Slimes","floor":2.0,"turns":2.0},{"damage":2.0,"enemies":"Jaw Worm","floor":4.0,"turns":4.0},{"damage":2.0,"enemies":"Large Slime","floor":5.0,"turns":7.0},{"damage":5.0,"enemies":"2 Fungi Beasts","floor":7.0,"turns":4.0},{"damage":1.0,"enemies":"Exordium Thugs","floor":10.0,"turns":6.0},{"damage":0.0,"enemies":"Large Slime","floor":12.0,"turns":8.0},{"damage":0.0,"enemies":"The Mushroom Lair","floor":13.0,"turns":4.0},{"damage":0.0,"enemies":"Blue Slaver","floor":14.0,"turns":3.0},{"damage":2.0,"enemies":"Slime Boss","floor":16.0,"turns":8.0},{"damage":0.0,"enemies":"Chosen","floor":18.0,"turns":5.0},{"damage":0.0,"enemies":"Shell Parasite","floor":20.0,"turns":8.0},{"damage":15.0,"enemies":"Shelled Parasite and Fungi","floor":21.0,"turns":7.0},{"damage":12.0,"enemies":"Snake Plant","floor":22.0,"turns":6.0},{"damage":0.0,"enemies":"Chosen and Byrds","floor":24.0,"turns":8.0},{"damage":0.0,"enemies":"Sentry and Sphere","floor":25.0,"turns":5.0},{"damage":5.0,"enemies":"Centurion and Healer","floor":28.0,"turns":7.0},{"damage":7.0,"enemies":"Snake Plant","floor":29.0,"turns":7.0},{"damage":0.0,"enemies":"Automaton","floor":33.0,"turns":14.0},{"damage":15.0,"enemies":"3 Darklings","floor":35.0,"turns":8.0},{"damage":11.0,"enemies":"Orb Walker","floor":36.0,"turns":5.0},{"damage":5.0,"enemies":"Jaw Worm Horde","floor":37.0,"turns":5.0},{"damage":8.0,"enemies":"4 Shapes","floor":38.0,"turns":6.0},{"damage":25.0,"enemies":"Maw","floor":39.0,"turns":9.0},{"damage":14.0,"enemies":"Writhing Mass","floor":41.0,"turns":9.0},{"damage":12,"enemies":"3 Darklings","floor":48,"turns":7},{"damage":44,"enemies":"Awakened One","floor":50,"turns":18}],"seed_played":"8415316290696496025","potions_obtained":[{"floor":1.0,"key":"Swift Potion"},{"floor":2.0,"key":"FocusPotion"},{"floor":12.0,"key":"SkillPotion"},{"floor":16.0,"key":"Ancient Potion"},{"floor":18.0,"key":"Swift Potion"},{"floor":20.0,"key":"EssenceOfSteel"},{"floor":21.0,"key":"EssenceOfSteel"},{"floor":28.0,"key":"Energy Potion"},{"floor":29.0,"key":"SkillPotion"},{"floor":37.0,"key":"Swift Potion"},{"floor":39.0,"key":"PowerPotion"}],"is_trial":false,"path_per_floor":["M","M","?","M","M","R","M","R","T","M","R","M","?","M","R","B",null,"M","?","M","M","M","R","M","M","T","$","M","M","R","?","R","B",null,"M","M","M","M","M","R","M","R","T","?","$","$","R","M","R","B",null],"character_chosen":"DEFECT","items_purchased":["Membership Card","Pantograph","Defragment","Turbo","Toy Ornithopter","Reboot","Discovery","Dream Catcher","Pocketwatch","Oddly Smooth Stone","Consume"],"campfire_rested":4,"item_purchase_floors":[27,27,27,27,45,45,45,45,46,46,46],"current_hp_per_floor":[75,75,69,67,65,65,60,60,60,59,59,59,59,59,59,57,69,69,63,63,48,36,36,36,36,36,36,31,24,24,24,44,69,69,54,43,38,30,5,25,11,31,31,31,31,31,51,39,39,35],"gold":46,"neow_bonus":"UPGRADE_CARD","is_prod":false,"is_daily":false,"chose_seed":false,"campfire_upgraded":7,"win_rate":0,"timestamp":1549055252,"path_taken":["M","M","?","M","M","R","M","R","T","M","R","M","?","M","R","BOSS","M","?","M","M","M","R","M","M","T","$","M","M","R","?","R","BOSS","M","M","M","M","M","R","M","R","T","?","?","$","R","M","R","BOSS"],"build_version":"2019-01-23","purchased_purges":3,"victory":true,"max_hp_per_floor":[75,75,69,69,69,69,69,69,69,69,69,69,69,69,69,69,69,69,69,69,69,69,69,69,69,69,69,69,69,69,69,69,69,69,69,69,69,69,69,69,69,69,69,69,69,69,69,69,69,69],"card_choices":[{"not_picked":["Consume","Conserve Battery"],"picked":"Glacier","floor":1.0},{"not_picked":["Gash","Undo"],"picked":"Hologram","floor":2.0},{"not_picked":["Barrage","Storm"],"picked":"BootSequence","floor":4.0},{"not_picked":["Capacitor","Hologram"],"picked":"Conserve Battery","floor":5.0},{"not_picked":["BootSequence","Doom and Gloom"],"picked":"Consume","floor":7.0},{"not_picked":["Steam Power","Coolheaded"],"picked":"Blizzard","floor":10.0},{"not_picked":["Melter","Rip and Tear","Streamline"],"picked":"SKIP","floor":12.0},{"not_picked":["Melter","Streamline"],"picked":"Rip and Tear","floor":12.0},{"not_picked":["Steam Power","Hologram"],"picked":"Coolheaded","floor":13.0},{"not_picked":["Sweeping Beam","Steam"],"picked":"Cold Snap","floor":14.0},{"not_picked":["Buffer","Hyperbeam"],"picked":"Thunder Strike","floor":16.0},{"not_picked":["Streamline+1","Redo"],"picked":"Rip and Tear+1","floor":18.0},{"not_picked":["Rebound+1","Auto Shields"],"picked":"Ball Lightning+1","floor":20.0},{"not_picked":["Steam","Go for the Eyes"],"picked":"Conserve Battery","floor":21.0},{"not_picked":["Cold Snap","Go for the Eyes"],"picked":"Chill","floor":22.0},{"not_picked":["Conserve Battery","Gash"],"picked":"Blizzard+1","floor":24.0},{"not_picked":["Skim","Sunder","Redo"],"picked":"SKIP","floor":25.0},{"not_picked":["Skim","Sunder","Redo"],"picked":"SKIP","floor":25.0},{"not_picked":["Gash","Storm+1"],"picked":"Conserve Battery","floor":28.0},{"not_picked":["Rebound","Amplify","Streamline"],"picked":"SKIP","floor":29.0},{"not_picked":["Rainbow","Creative AI"],"picked":"Echo Form","floor":33.0},{"not_picked":["Sweeping Beam+1","Darkness+1"],"picked":"Genetic Algorithm+1","floor":35.0},{"not_picked":["Streamline","Scrape","Compile Driver+1"],"picked":"SKIP","floor":36.0},{"not_picked":["Force Field","Coolheaded"],"picked":"Steam Power+1","floor":37.0},{"not_picked":["Streamline","Rebound+1"],"picked":"Skim","floor":38.0},{"not_picked":["Chaos","Rebound+1"],"picked":"Auto Shields","floor":39.0},{"not_picked":["Doom and Gloom+1","Go for the Eyes","Gash"],"picked":"SKIP","floor":41.0},{"not_picked":["Heatsinks","Turbo"],"picked":"Reinforced Body+1","floor":47.0},{"not_picked":["Streamline","Sweeping Beam+1"],"picked":"Recycle+1","floor":48}],"player_experience":696110,"relics_obtained":[{"floor":9.0,"key":"Smiling Mask"},{"floor":13.0,"key":"Odd Mushroom"},{"floor":26.0,"key":"Bag of Preparation"},{"floor":43.0,"key":"Lantern"}],"event_choices":[{"damage_healed":0.0,"max_hp_gain":0.0,"max_hp_loss":6.0,"gold_gain":0.0,"event_name":"Golden Idol","player_choice":"Lose Max HP","floor":3.0,"gold_loss":0.0,"damage_taken":0.0,"relics_obtained":["Golden Idol"]},{"damage_healed":0.0,"max_hp_gain":0.0,"max_hp_loss":0.0,"gold_gain":0.0,"event_name":"Mushrooms","player_choice":"Fought Mushrooms","floor":13.0,"gold_loss":0.0,"damage_taken":0.0},{"damage_healed":0.0,"max_hp_gain":0.0,"max_hp_loss":0.0,"gold_gain":0.0,"event_name":"Nest","player_choice":"Joined the Cult","floor":19.0,"gold_loss":0.0,"damage_taken":6.0,"cards_obtained":["RitualDagger"]},{"damage_healed":0.0,"max_hp_gain":0.0,"max_hp_loss":0.0,"gold_gain":0.0,"event_name":"Addict","player_choice":"Stole Relic","floor":31.0,"gold_loss":0.0,"damage_taken":0.0,"relics_obtained":["Ancient Tea Set"],"cards_obtained":["Shame"]},{"damage_healed":0.0,"max_hp_gain":0.0,"max_hp_loss":0.0,"gold_gain":275.0,"event_name":"Golden Shrine","player_choice":"Desecrate","floor":44.0,"gold_loss":0.0,"damage_taken":0.0,"cards_obtained":["Regret"]}],"is_beta":false,"boss_relics":[{"not_picked":["Astrolabe","Velvet Choker"],"picked":"Inserter"},{"not_picked":["White Beast Statue","Runic Dome"],"picked":"Cursed Key"}],"items_purged_floors":[27,45,46],"is_endless":false,"potions_floor_spawned":[1,2,12,16,18,20,21,28,29,37,38,39,41],"ascension_level":0}