{"path_per_floor":["M","?","$","M","M","E","M","M","T","R","M","E","$","?","R","B",null,"M","M","$","M","$","E","M","R","T","M","M","E","?","M","R","B",null,"M","$","M","?","T","R","M","?","T","T","R","M","M","$","R","B"],"character_chosen":"IRONCLAD","items_purchased":["Fire Breathing","Bottled Tornado","Vajra","Champion Belt","Flex","Shrug It Off","Mummified Hand","Ice Cream","Dropkick","Toxic Egg 2","Apotheosis"],"gold_per_floor":[144,144,29,74,119,209,254,299,299,299,344,434,34,34,34,334,334,379,424,76,121,68,188,233,233,233,278,323,413,413,458,458,758,758,803,178,223,323,398,398,443,443,468,468,468,513,558,122,122,122],"floor_reached":51,"campfire_rested":7,"playtime":3208,"current_hp_per_floor":[77,61,61,61,66,65,61,63,63,75,75,43,43,61,70,50,70,70,70,70,68,68,70,63,65,65,65,56,36,36,32,60,29,65,39,39,45,45,45,60,49,49,49,49,55,55,55,55,50,46],"items_purged":["Strike_R"],"gold":122,"score":752,"play_id":"a84fd8fb-9404-4cf8-9ad8-0c918da52176","local_time":"20180315150435","daily_mods":["Time Dilation","Midas","Night Terrors"],"is_prod":false,"is_daily":true,"is_ascension_mode":false,"campfire_upgraded":0,"timestamp":1521126275,"path_taken":["M","?","$","M","M","E","M","M","T","R","M","E","$","?","R","BOSS","M","M","$","M","$","E","M","R","T","M","M","E","?","?","R","BOSS","M","$","M","?","?","R","M","?","T","?","R","M","M","$","R","BOSS"],"build_version":"2018-03-09","purchased_purges":1,"victory":true,"master_deck":["Strike_R+1","Strike_R+1","Defend_R+1","Defend_R+1","Defend_R+1","Bash","Seeing Red","Fire Breathing","Seeing Red","Offering","Dropkick","Burning Pact","Intimidate+1","Seeing Red+1","Anger","Demon Form","Whirlwind+1","Carnage+1","Sword Boomerang+1","Thunderclap","Flex+1","Flex","Anger","Shrug It Off","Seeing Red","Armaments+1","Anger+1","Reaper","Flex+1","Dropkick","Offering","Armaments+1","Apotheosis+1"],"max_hp_per_floor":[80,80,80,80,80,80,80,80,80,75,75,75,75,75,70,70,70,70,70,70,70,70,70,70,65,65,65,65,65,65,65,60,60,65,65,65,65,65,65,60,60,60,60,60,55,55,55,55,50,50],"relics":["Burning Blood","Anchor","Lantern","Omamori","Bottled Tornado","Vajra","Astrolabe","Champion Belt","Tiny Chest","Ancient Tea Set","Ornamental Fan","Tiny House","Mummified Hand","Ice Cream","Centennial Puzzle","War Paint","Magic Flower","Toxic Egg 2"],"card_choices":[{"not_picked":["Bloodletting","Iron Wave"],"picked":"Seeing Red"},{"not_picked":["Second Wind","Wild Strike"],"picked":"Seeing Red"},{"not_picked":["Ghostly Armor","Wild Strike"],"picked":"Offering"},{"not_picked":["Bloodletting","Armaments"],"picked":"Dropkick"},{"not_picked":["Rage","Fire Breathing"],"picked":"Burning Pact"},{"not_picked":["Wild Strike","Pommel Strike"],"picked":"Intimidate"},{"not_picked":["Cleave","Heavy Blade"],"picked":"Seeing Red"},{"not_picked":["Heavy Blade","Brutality"],"picked":"Anger"},{"not_picked":["Exhume","Double Tap"],"picked":"Demon Form"},{"not_picked":["Clothesline","Twin Strike"],"picked":"Thunderclap"},{"not_picked":["Pommel Strike","Thunderclap"],"picked":"Flex"},{"not_picked":["Clothesline","Heavy Blade"],"picked":"Anger"},{"not_picked":["Reckless Charge","Berserk"],"picked":"Seeing Red"},{"not_picked":["Rage","Havoc"],"picked":"Armaments"},{"not_picked":["Juggernaut","Rampage"],"picked":"Anger"},{"not_picked":["Feed","Brutality"],"picked":"Reaper"},{"not_picked":["True Grit","Cleave"],"picked":"Flex"},{"not_picked":["Warcry","Pommel Strike"],"picked":"Armaments"}],"player_experience":147854,"potions_floor_usage":[6,7,16,21,21,31,47,47,47,50],"damage_taken":[{"damage":9,"enemies":"Jaw Worm","floor":1,"turns":4},{"damage":6,"enemies":"Small Slimes","floor":4,"turns":4},{"damage":1,"enemies":"Cultist","floor":5,"turns":4},{"damage":7,"enemies":"Lagavulin","floor":6,"turns":6},{"damage":10,"enemies":"Large Slime","floor":7,"turns":5},{"damage":4,"enemies":"Exordium Thugs","floor":8,"turns":2},{"damage":4,"enemies":"3 Louse","floor":11,"turns":2},{"damage":38,"enemies":"3 Sentries","floor":12,"turns":9},{"damage":26,"enemies":"Hexaghost","floor":16,"turns":8},{"damage":4,"enemies":"Spheric Guardian","floor":18,"turns":2},{"damage":4,"enemies":"Shell Parasite","floor":19,"turns":3},{"damage":11,"enemies":"Chosen and Byrds","floor":21,"turns":4},{"damage":4,"enemies":"Gremlin Leader","floor":23,"turns":3},{"damage":13,"enemies":"Cultist and Chosen","floor":24,"turns":5},{"damage":5,"enemies":"Snake Plant","floor":27,"turns":2},{"damage":15,"enemies":"Snecko","floor":28,"turns":3},{"damage":26,"enemies":"Book of Stabbing","floor":29,"turns":4},{"damage":10,"enemies":"Centurion and Healer","floor":31,"turns":2},{"damage":37,"enemies":"Champ","floor":33,"turns":8},{"damage":32,"enemies":"3 Darklings","floor":35,"turns":5},{"damage":0,"enemies":"Orb Walker","floor":37,"turns":2},{"damage":17,"enemies":"Maw","floor":41,"turns":3},{"damage":0,"enemies":"3 Darklings","floor":46,"turns":1},{"damage":5,"enemies":"4 Shapes","floor":47,"turns":2},{"damage":13,"enemies":"Donu and Deca","floor":50,"turns":4}],"event_choices":[{"event_name":"Shining Light","player_choice":"Entered Light","floor":2,"damage_taken":0},{"event_name":"Mushrooms","player_choice":"Healed and dodged fight","floor":14,"damage_taken":0},{"event_name":"Back to Basics","player_choice":"Simplicity","floor":30,"damage_taken":0},{"event_name":"Golden Shrine","player_choice":"Pray","floor":38,"damage_taken":0},{"event_name":"Duplicator","player_choice":"One dupe","floor":42,"damage_taken":0}],"boss_relics":[{"not_picked":["Runic Pyramid","White Beast Statue"],"picked":"Astrolabe"},{"not_picked":["Question Card","Runic Dome"],"picked":"Tiny House"}],"potions_floor_spawned":[1,4,12,18,19,24,28,33,41,47],"seed_played":"-8839551872236863781","ascension_level":0,"is_trial":false}