{"gold_per_floor":[114,125,50,50,50,84,100,126,126,126,138,138,138,155,155,233,233,251,216,24,42,57,57,76,76,101,101,101,111,136,150,150,150],"floor_reached":33,"playtime":4563,"items_purged":["Strike_G"],"score":488,"play_id":"ff539c7f-38f2-4eed-8dcd-a51e45ed2587","local_time":"20181226211529","is_ascension_mode":true,"campfire_choices":[{"data":"Footwork","floor":10.0,"key":"SMITH"},{"data":"Malaise","floor":13.0,"key":"SMITH"},{"data":"Neutralize","floor":15.0,"key":"SMITH"},{"data":"Malaise","floor":23.0,"key":"SMITH"},{"data":"Deadly Poison","floor":25.0,"key":"SMITH"},{"data":"Dagger Spray","floor":28.0,"key":"SMITH"},{"floor":32.0,"key":"REST"}],"neow_cost":"NONE","seed_source_timestamp":267487414633885,"circlet_count":0,"master_deck":["AscendersBane","Defend_G","Defend_G","Defend_G","Defend_G","Defend_G","Strike_G","Strike_G","Survivor","Neutralize+1","Sucker Punch","Poisoned Stab","Footwork+1","Deadly Poison+1","Dodge and Roll","Malaise+1","Malaise+1","Dagger Spray+1","Acrobatics+1","PiercingWail","Backflip","Acrobatics","Cloak And Dagger+1","Bouncing Flask+1"],"special_seed":0,"relics":["Ring of the Snake","Vajra","Thread and Needle","Blue Candle","Meat on the Bone","Sozu","Medical Kit","Boot","Molten Egg 2"],"potions_floor_usage":[],"damage_taken":[{"damage":0.0,"enemies":"Small Slimes","floor":1.0,"turns":4.0},{"damage":1.0,"enemies":"Jaw Worm","floor":2.0,"turns":3.0},{"damage":5.0,"enemies":"Lagavulin","floor":6.0,"turns":10.0},{"damage":0.0,"enemies":"2 Louse","floor":7.0,"turns":3.0},{"damage":17.0,"enemies":"Gremlin Nob","floor":8.0,"turns":5.0},{"damage":18.0,"enemies":"Lots of Slimes","floor":11.0,"turns":7.0},{"damage":0.0,"enemies":"Blue Slaver","floor":14.0,"turns":6.0},{"damage":7.0,"enemies":"The Guardian","floor":16.0,"turns":14.0},{"damage":3.0,"enemies":"Spheric Guardian","floor":18.0,"turns":8.0},{"damage":2.0,"enemies":"2 Thieves","floor":19.0,"turns":5.0},{"damage":5.0,"enemies":"Snecko","floor":21.0,"turns":9.0},{"damage":10.0,"enemies":"Sentry and Sphere","floor":22.0,"turns":7.0},{"damage":19.0,"enemies":"3 Cultists","floor":24.0,"turns":9.0},{"damage":0.0,"enemies":"Shelled Parasite and Fungi","floor":29.0,"turns":8.0},{"damage":23.0,"enemies":"Slavers","floor":30.0,"turns":8.0},{"damage":3.0,"enemies":"Snake Plant","floor":31.0,"turns":7.0},{"damage":66,"enemies":"Collector","floor":33,"turns":11}],"seed_played":"-7741276520700860999","potions_obtained":[{"floor":6.0,"key":"FearPotion"},{"floor":8.0,"key":"Weak Potion"},{"floor":11.0,"key":"Swift Potion"}],"is_trial":false,"path_per_floor":["M","M","$","?","?","E","M","E","T","R","M","?","R","M","R","B",null,"M","M","$","M","M","R","M","R","T","?","R","M","E","M","R","B"],"character_chosen":"THE_SILENT","items_purchased":["Medical Kit"],"campfire_rested":1,"item_purchase_floors":[20],"current_hp_per_floor":[59,58,58,58,58,53,53,36,36,36,30,23,23,35,35,40,60,57,55,55,50,40,40,33,33,33,33,33,45,34,43,62,0],"gold":150,"neow_bonus":"RANDOM_COMMON_RELIC","is_prod":false,"is_daily":false,"chose_seed":false,"campfire_upgraded":6,"win_rate":0,"timestamp":1545855329,"path_taken":["M","M","$","?","?","E","M","E","T","R","M","?","R","M","R","BOSS","M","M","$","M","M","R","M","R","T","?","R","M","E","?","R","BOSS"],"build_version":"2018-12-20","purchased_purges":1,"victory":false,"max_hp_per_floor":[66,66,66,66,66,66,66,66,66,66,66,66,66,66,66,66,66,66,66,66,66,66,66,66,66,66,66,66,66,66,66,66,66],"card_choices":[{"not_picked":["Acrobatics","Slice"],"picked":"Sucker Punch","floor":1.0},{"not_picked":["Bullet Time","Quick Slash"],"picked":"Poisoned Stab","floor":2.0},{"not_picked":["Backflip","Bullet Time"],"picked":"Deadly Poison","floor":6.0},{"not_picked":["Quick Slash","Bouncing Flask"],"picked":"Dodge and Roll","floor":7.0},{"not_picked":["Acrobatics","Cloak And Dagger"],"picked":"Malaise","floor":8.0},{"not_picked":["Acrobatics","Sucker Punch","All Out Attack"],"picked":"SKIP","floor":11.0},{"not_picked":["Slice","Endless Agony","Prepared"],"picked":"SKIP","floor":14.0},{"not_picked":["Glass Knife","Adrenaline"],"picked":"Malaise","floor":16.0},{"not_picked":["Dagger Throw+1","Calculated Gamble"],"picked":"Dagger Spray","floor":18.0},{"not_picked":["Reflex","Terror","All Out Attack"],"picked":"SKIP","floor":19.0},{"not_picked":["Quick Slash","Outmaneuver"],"picked":"Acrobatics+1","floor":21.0},{"not_picked":["Flying Knee+1","Prepared"],"picked":"PiercingWail","floor":22.0},{"not_picked":["Deadly Poison","Deflect"],"picked":"Backflip","floor":24.0},{"not_picked":["Blade Dance","Calculated Gamble"],"picked":"Cloak And Dagger+1","floor":29.0},{"not_picked":["Quick Slash","Predator"],"picked":"Bouncing Flask+1","floor":30.0},{"not_picked":["Poisoned Stab+1","Heel Hook+1","Acrobatics"],"picked":"SKIP","floor":31.0}],"player_experience":684712,"relics_obtained":[{"floor":6.0,"key":"Thread and Needle"},{"floor":8.0,"key":"Blue Candle"},{"floor":9.0,"key":"Meat on the Bone"},{"floor":26.0,"key":"Boot"},{"floor":30.0,"key":"Molten Egg 2"}],"event_choices":[{"damage_healed":0.0,"max_hp_gain":0.0,"max_hp_loss":0.0,"gold_gain":0.0,"event_name":"The Cleric","player_choice":"Leave","floor":4.0,"gold_loss":0.0,"damage_taken":0.0},{"damage_healed":0.0,"max_hp_gain":0.0,"max_hp_loss":0.0,"gold_gain":0.0,"cards_transformed":["Strike_G"],"event_name":"Living Wall","player_choice":"Change","floor":5.0,"gold_loss":0.0,"damage_taken":0.0,"cards_obtained":["Footwork"]},{"cards_removed":["Strike_G"],"damage_healed":0.0,"max_hp_gain":0.0,"max_hp_loss":0.0,"gold_gain":0.0,"event_name":"Golden Wing","player_choice":"Card Removal","floor":12.0,"gold_loss":0.0,"damage_taken":7.0},{"damage_healed":0.0,"max_hp_gain":0.0,"max_hp_loss":0.0,"gold_gain":0.0,"event_name":"Match and Keep!","player_choice":"1 cards matched","floor":27.0,"gold_loss":0.0,"damage_taken":0.0,"cards_obtained":["Acrobatics"]}],"is_beta":false,"boss_relics":[{"not_picked":["Fusion Hammer","Tiny House"],"picked":"Sozu"}],"items_purged_floors":[3],"is_endless":false,"potions_floor_spawned":[6,8,11,18,19,31],"killed_by":"Collector","ascension_level":15}