{"gold_per_floor":[119,129,144,194,206,206,222,248,248,261,275,293,218,233,233,304,304,304,304,304,304,304,304,274,199,199,199,199,199,199,199,199,199,199,199,199,199,3,3,3,3,3,3,3,3,3,3,3,3,3],"floor_reached":51,"playtime":7792,"items_purged":[],"score":1639,"play_id":"ea0ac681-e680-434a-8309-e146cd3472e2","local_time":"20190201191412","is_ascension_mode":true,"campfire_choices":[{"data":"Skewer","floor":6.0,"key":"SMITH"},{"data":"Crippling Poison","floor":15.0,"key":"SMITH"},{"floor":28.0,"key":"REST"},{"data":"Skewer","floor":32.0,"key":"SMITH"},{"data":"Well Laid Plans","floor":40.0,"key":"SMITH"},{"data":"Choke","floor":44.0,"key":"SMITH"},{"data":"After Image","floor":47.0,"key":"SMITH"},{"floor":49,"key":"REST"}],"neow_cost":"NONE","seed_source_timestamp":0,"circlet_count":0,"master_deck":["AscendersBane","Defend_G+1","Defend_G+1","Defend_G+1","Defend_G+1","Defend_G+1","Strike_G+1","Survivor+1","Neutralize+1","Skewer+1","After Image+1","Dash+1","Well Laid Plans+1","PiercingWail+1","Crippling Poison+1","After Image+1","Backflip+1","Footwork+1","Necronomicurse","PiercingWail+1","Footwork+1","Skewer+1","Phantasmal Killer+1","Backflip+1","Panache+1","Flash of Steel+1","Secret Technique+1","Choke+1","Tools of the Trade+1"],"special_seed":0,"relics":["Ring of the Snake","Strawberry","Mango","Bronze Scales","Ectoplasm","Incense Burner","Pear","Necronomicon","Bag of Preparation","Mummified Hand","Empty Cage","Ornamental Fan","Potion Belt","Anchor","Mark of the Bloom"],"potions_floor_usage":[],"damage_taken":[{"damage":0.0,"enemies":"2 Louse","floor":1.0,"turns":4.0},{"damage":0.0,"enemies":"Cultist","floor":2.0,"turns":4.0},{"damage":3.0,"enemies":"Small Slimes","floor":3.0,"turns":5.0},{"damage":2.0,"enemies":"3 Louse","floor":5.0,"turns":5.0},{"damage":2.0,"enemies":"2 Fungi Beasts","floor":7.0,"turns":6.0},{"damage":21.0,"enemies":"Gremlin Nob","floor":8.0,"turns":5.0},{"damage":0.0,"enemies":"Large Slime","floor":10.0,"turns":8.0},{"damage":9.0,"enemies":"Lots of Slimes","floor":11.0,"turns":4.0},{"damage":0.0,"enemies":"3 Louse","floor":12.0,"turns":3.0},{"damage":0.0,"enemies":"Large Slime","floor":14.0,"turns":6.0},{"damage":3.0,"enemies":"Hexaghost","floor":16.0,"turns":13.0},{"damage":0.0,"enemies":"Shell Parasite","floor":18.0,"turns":6.0},{"damage":10.0,"enemies":"Colosseum Slavers","floor":19.0,"turns":4.0},{"damage":15.0,"enemies":"Colosseum Nobs","floor":19.0,"turns":6.0},{"damage":17.0,"enemies":"Gremlin Leader","floor":23.0,"turns":6.0},{"damage":3.0,"enemies":"2 Thieves","floor":24.0,"turns":3.0},{"damage":0.0,"enemies":"Chosen and Byrds","floor":27.0,"turns":5.0},{"damage":5.0,"enemies":"Snecko","floor":29.0,"turns":6.0},{"damage":0.0,"enemies":"Snake Plant","floor":30.0,"turns":3.0},{"damage":0.0,"enemies":"Cultist and Chosen","floor":31.0,"turns":4.0},{"damage":10.0,"enemies":"Collector","floor":33.0,"turns":10.0},{"damage":0.0,"enemies":"Orb Walker","floor":35.0,"turns":5.0},{"damage":0.0,"enemies":"3 Darklings","floor":39.0,"turns":6.0},{"damage":13.0,"enemies":"Jaw Worm Horde","floor":41.0,"turns":4.0},{"damage":0.0,"enemies":"Giant Head","floor":42.0,"turns":5.0},{"damage":16.0,"enemies":"Reptomancer","floor":45.0,"turns":6.0},{"damage":12.0,"enemies":"Maw","floor":46.0,"turns":6.0},{"damage":2,"enemies":"Donu and Deca","floor":50,"turns":9}],"seed_played":"4399558102606600150","potions_obtained":[{"floor":1.0,"key":"PowerPotion"},{"floor":7.0,"key":"Block Potion"},{"floor":10.0,"key":"EssenceOfSteel"},{"floor":12.0,"key":"Dexterity Potion"},{"floor":23.0,"key":"Block Potion"},{"floor":27.0,"key":"Regen Potion"},{"floor":29.0,"key":"Energy Potion"},{"floor":39.0,"key":"FearPotion"},{"floor":41.0,"key":"Strength Potion"},{"floor":45.0,"key":"Strength Potion"}],"is_trial":false,"path_per_floor":["M","M","M","?","M","R","M","E","T","M","M","M","?","M","R","B",null,"M","?","?","?","?","E","M","?","T","M","R","M","M","M","R","B",null,"M","?","?","$","M","R","M","E","T","R","E","M","R","?","R","B",null],"character_chosen":"THE_SILENT","items_purchased":["Secret Technique"],"campfire_rested":2,"item_purchase_floors":[38],"current_hp_per_floor":[66,66,63,63,61,61,59,52,52,52,43,43,43,43,43,40,75,75,60,60,39,39,22,19,19,19,19,48,58,58,58,58,48,85,85,75,75,75,75,75,62,62,62,62,46,34,34,34,34,32],"gold":3,"neow_bonus":"RANDOM_COMMON_RELIC","is_prod":false,"is_daily":false,"chose_seed":false,"campfire_upgraded":6,"win_rate":0,"timestamp":1549044852,"path_taken":["M","M","M","?","M","R","?","E","T","M","M","?","?","M","R","BOSS","BOSS","M","?","?","?","?","E","?","?","T","M","R","M","M","M","R","BOSS","M","?","?","?","M","R","M","E","T","R","E","?","R","?","R","BOSS"],"build_version":"2019-01-23","purchased_purges":0,"victory":true,"max_hp_per_floor":[73,73,73,73,73,73,73,87,87,87,87,87,87,87,87,87,87,87,97,97,97,97,97,97,97,97,97,97,97,97,97,97,97,97,97,97,92,92,92,92,92,92,92,92,92,92,92,92,92,92],"card_choices":[{"not_picked":["Bouncing Flask","Acrobatics"],"picked":"Skewer","floor":1.0},{"not_picked":["Blade Dance","Cloak And Dagger","Flying Knee"],"picked":"SKIP","floor":2.0},{"not_picked":["Blade Dance","Riddle With Holes","Deadly Poison"],"picked":"SKIP","floor":3.0},{"not_picked":["Noxious Fumes","Sucker Punch"],"picked":"After Image","floor":5.0},{"not_picked":["Dagger Throw","Expertise"],"picked":"Dash","floor":7.0},{"not_picked":["Endless Agony","Accuracy"],"picked":"Well Laid Plans","floor":8.0},{"not_picked":["Slice","Setup","Accuracy"],"picked":"SKIP","floor":10.0},{"not_picked":["Caltrops","Dagger Throw"],"picked":"PiercingWail","floor":11.0},{"not_picked":["Flying Knee","Sucker Punch","Quick Slash"],"picked":"SKIP","floor":12.0},{"not_picked":["Dagger Spray","Outmaneuver"],"picked":"Crippling Poison","floor":14.0},{"not_picked":["Glass Knife","A Thousand Cuts"],"picked":"After Image","floor":16.0},{"not_picked":["Dagger Throw","Quick Slash"],"picked":"Backflip","floor":18.0},{"not_picked":["Masterful Stab+1","Poisoned Stab","Prepared"],"picked":"SKIP","floor":23.0},{"not_picked":["Caltrops","Dagger Throw"],"picked":"PiercingWail","floor":24.0},{"not_picked":["Crippling Poison","Prepared"],"picked":"Footwork","floor":27.0},{"not_picked":["Cloak And Dagger","Caltrops","Bane"],"picked":"SKIP","floor":29.0},{"not_picked":["Leg Sweep","Sucker Punch+1"],"picked":"Skewer","floor":30.0},{"not_picked":["Bullet Time","Poisoned Stab","Dagger Spray"],"picked":"SKIP","floor":31.0},{"not_picked":["Night Terror","Unload"],"picked":"Phantasmal Killer","floor":33.0},{"not_picked":["Dagger Throw","Bane"],"picked":"Backflip","floor":35.0},{"not_picked":["The Bomb","Purity"],"picked":"Panache","floor":36.0},{"not_picked":["Blind","Discovery"],"picked":"Flash of Steel","floor":36.0},{"not_picked":["Dash","PiercingWail"],"picked":"Choke","floor":39.0},{"not_picked":["Sucker Punch+1","Eviscerate","Dagger Throw"],"picked":"SKIP","floor":41.0},{"not_picked":["Flying Knee","Slice","Finisher"],"picked":"SKIP","floor":42.0},{"not_picked":["Bane","Backflip"],"picked":"Tools of the Trade","floor":45.0},{"not_picked":["Acrobatics","Slice","Outmaneuver+1"],"picked":"SKIP","floor":46.0}],"player_experience":1140552,"relics_obtained":[{"floor":8.0,"key":"Mango"},{"floor":9.0,"key":"Bronze Scales"},{"floor":19.0,"key":"Incense Burner"},{"floor":19.0,"key":"Pear"},{"floor":21.0,"key":"Necronomicon"},{"floor":23.0,"key":"Bag of Preparation"},{"floor":26.0,"key":"Mummified Hand"},{"floor":42.0,"key":"Ornamental Fan"},{"floor":43.0,"key":"Potion Belt"},{"floor":45.0,"key":"Anchor"}],"event_choices":[{"damage_healed":0.0,"max_hp_gain":0.0,"max_hp_loss":0.0,"gold_gain":50.0,"event_name":"Golden Shrine","player_choice":"Pray","floor":4.0,"gold_loss":0.0,"damage_taken":0.0},{"cards_removed":["Strike_G"],"damage_healed":0.0,"max_hp_gain":0.0,"max_hp_loss":0.0,"gold_gain":0.0,"event_name":"The Cleric","player_choice":"Card Removal","floor":13.0,"gold_loss":75.0,"damage_taken":0.0},{"damage_healed":0.0,"max_hp_gain":0.0,"max_hp_loss":0.0,"gold_gain":0.0,"event_name":"Colosseum","player_choice":"Fight","floor":19.0,"gold_loss":0.0,"damage_taken":0.0},{"damage_healed":0.0,"max_hp_gain":0.0,"max_hp_loss":0.0,"gold_gain":0.0,"event_name":"Colosseum","player_choice":"Fought Nobs","floor":19.0,"gold_loss":0.0,"damage_taken":0.0},{"damage_healed":0.0,"max_hp_gain":0.0,"max_hp_loss":0.0,"gold_gain":0.0,"event_name":"The Library","player_choice":"Read","floor":20.0,"gold_loss":0.0,"damage_taken":0.0,"cards_obtained":["Footwork"]},{"damage_healed":0.0,"max_hp_gain":0.0,"max_hp_loss":0.0,"gold_gain":0.0,"event_name":"Cursed Tome","player_choice":"Obtained Book","floor":21.0,"gold_loss":0.0,"damage_taken":21.0},{"damage_healed":0.0,"max_hp_gain":0.0,"max_hp_loss":0.0,"gold_gain":50.0,"event_name":"Golden Shrine","player_choice":"Pray","floor":22.0,"gold_loss":0.0,"damage_taken":0.0},{"cards_removed":["Strike_G"],"damage_healed":0.0,"max_hp_gain":0.0,"max_hp_loss":0.0,"gold_gain":0.0,"event_name":"Beggar","player_choice":"Gave Gold","floor":25.0,"gold_loss":75.0,"damage_taken":0.0},{"damage_healed":0.0,"max_hp_gain":0.0,"max_hp_loss":0.0,"gold_gain":0.0,"event_name":"SensoryStone","player_choice":"Memory 3","floor":36.0,"gold_loss":0.0,"damage_taken":10.0},{"damage_healed":0.0,"max_hp_gain":0.0,"max_hp_loss":5.0,"gold_gain":0.0,"event_name":"Winding Halls","player_choice":"Max HP","floor":37.0,"gold_loss":0.0,"damage_taken":0.0},{"damage_healed":0,"gold_gain":0,"player_choice":"Upgrade","damage_taken":0,"relics_obtained":["Mark of the Bloom"],"max_hp_gain":0,"max_hp_loss":0,"event_name":"MindBloom","floor":48,"gold_loss":0,"cards_upgraded":["Defend_G","Defend_G","Defend_G","Defend_G","Defend_G","Strike_G","Survivor","Neutralize","After Image","Dash","PiercingWail","Backflip","Footwork","PiercingWail","Footwork","Phantasmal Killer","Backflip","Panache","Flash of Steel","Secret Technique","Tools of the Trade"]}],"is_beta":false,"boss_relics":[{"not_picked":["Busted Crown","Pandora\u0027s Box"],"picked":"Ectoplasm"},{"not_picked":["Runic Dome","Ring of the Serpent"],"picked":"Empty Cage"}],"items_purged_floors":[],"is_endless":false,"potions_floor_spawned":[1,7,10,12,19,23,27,29,39,41,45],"ascension_level":15}