{"gold_per_floor":[362,373,43,54,54,83,83,98,125,158,158,175,210,230,230,230],"floor_reached":16,"playtime":893,"items_purged":[],"score":134,"play_id":"14ab05af-1a9b-4957-a644-83bb39288312","local_time":"20181021160446","is_ascension_mode":true,"campfire_choices":[{"data":"Anger","floor":7,"key":"SMITH"},{"data":"Whirlwind","floor":11,"key":"SMITH"},{"data":"True Grit","floor":15,"key":"SMITH"}],"neow_cost":"TEN_PERCENT_HP_LOSS","seed_source_timestamp":684892632961833,"circlet_count":0,"master_deck":["Strike_R","Strike_R","Strike_R","Strike_R","Defend_R","Defend_R","Defend_R","Defend_R","Bash","Shrug It Off","Shrug It Off","Whirlwind+1","Anger+1","Feel No Pain","Rampage","True Grit+1"],"relics":["Burning Blood","Paper Frog","Bag of Marbles","Orichalcum","Boot","Letter Opener"],"potions_floor_usage":[],"damage_taken":[{"damage":8,"enemies":"Small Slimes","floor":1,"turns":3},{"damage":3,"enemies":"Cultist","floor":2,"turns":4},{"damage":3,"enemies":"Jaw Worm","floor":4,"turns":5},{"damage":29,"enemies":"Lagavulin","floor":6,"turns":8},{"damage":3,"enemies":"2 Fungi Beasts","floor":8,"turns":4},{"damage":10,"enemies":"3 Sentries","floor":10,"turns":10},{"damage":10,"enemies":"Large Slime","floor":12,"turns":4},{"damage":27,"enemies":"Lagavulin","floor":13,"turns":6},{"damage":6,"enemies":"Exordium Thugs","floor":14,"turns":5},{"damage":25,"enemies":"Hexaghost","floor":16,"turns":9}],"seed_played":"1225392817820925718","potions_obtained":[{"floor":2,"key":"EssenceOfSteel"},{"floor":12,"key":"Explosive Potion"},{"floor":14,"key":"LiquidBronze"}],"is_trial":false,"path_per_floor":["M","M","$","M","?","E","R","M","T","E","R","M","E","M","R"],"character_chosen":"IRONCLAD","items_purchased":["Paper Frog","Whirlwind"],"campfire_rested":0,"item_purchase_floors":[3,3],"current_hp_per_floor":[70,72,72,72,72,49,49,52,52,48,48,44,23,23,23,0],"gold":230,"neow_bonus":"TWO_FIFTY_GOLD","is_prod":false,"is_daily":false,"chose_seed":false,"campfire_upgraded":3,"win_rate":0,"timestamp":1540130686,"path_taken":["M","M","$","M","?","E","R","M","T","E","R","?","E","M","R","BOSS"],"build_version":"2018-10-18","purchased_purges":0,"victory":false,"max_hp_per_floor":[72,72,72,72,72,72,72,72,72,72,72,72,72,72,72,72],"card_choices":[{"not_picked":["Body Slam","True Grit"],"picked":"Shrug It Off","floor":1},{"not_picked":["Clothesline","Burning Pact"],"picked":"Shrug It Off","floor":2},{"not_picked":["Seeing Red","Twin Strike"],"picked":"Anger","floor":4},{"not_picked":["Disarm","Cleave"],"picked":"Feel No Pain","floor":6},{"not_picked":["Power Through","Clash","Infernal Blade"],"picked":"SKIP","floor":8},{"not_picked":["Reckless Charge","Flex","Thunderclap"],"picked":"SKIP","floor":10},{"not_picked":["Second Wind","Dual Wield"],"picked":"Rampage","floor":12},{"not_picked":["Wild Strike","Seeing Red"],"picked":"True Grit","floor":13},{"not_picked":["Entrench","Flex","Perfected Strike"],"picked":"SKIP","floor":14}],"player_experience":198644,"relics_obtained":[{"floor":6,"key":"Bag of Marbles"},{"floor":9,"key":"Orichalcum"},{"floor":10,"key":"Boot"},{"floor":13,"key":"Letter Opener"}],"event_choices":[{"cards_removed":["Strike_R"],"damage_healed":0,"gold_gain":0,"player_choice":"Forget","damage_taken":0,"max_hp_gain":0,"max_hp_loss":0,"event_name":"Living Wall","floor":5,"gold_loss":0}],"is_beta":false,"boss_relics":[],"items_purged_floors":[],"is_endless":false,"potions_floor_spawned":[2,12,14],"killed_by":"Hexaghost","ascension_level":2}