{"gold_per_floor":[110,129,204,217,228,228,261,261,288,288,300,300,314,335,335,434,434,448,468,6,20,32,62,62,87,87,87,38,38],"floor_reached":29,"playtime":3244,"items_purged":[],"score":305,"play_id":"c19a9d29-0dc9-4e00-a637-72be25c74577","local_time":"20190116010020","is_ascension_mode":true,"campfire_choices":[{"data":"Cloak And Dagger","floor":6,"key":"SMITH"},{"floor":8,"key":"REST"},{"data":"Neutralize","floor":15,"key":"SMITH"},{"floor":24,"key":"REST"}],"neow_cost":"NONE","seed_source_timestamp":110876656188279,"circlet_count":0,"master_deck":["Defend_G","Defend_G","Defend_G","Defend_G","Defend_G+1","Strike_G","Strike_G","Strike_G","Strike_G+1","Strike_G","Survivor","Neutralize+1","Backstab","Cloak And Dagger+1","Acrobatics","Leg Sweep+1","Masterful Stab","Flying Knee+1","Flying Knee","PiercingWail","Malaise","Caltrops","Dodge and Roll","Heel Hook","Blade Dance","Dramatic Entrance","Dodge and Roll+1","Backflip","Dodge and Roll+1","Venomology"],"relics":["Ring of the Snake","Pen Nib","Vajra","Odd Mushroom","Black Star","Dead Branch","Juzu Bracelet","StoneCalendar","Potion Belt","Bird Faced Urn","Whetstone"],"potions_floor_usage":[19,23,29],"damage_taken":[{"damage":3,"enemies":"Jaw Worm","floor":1,"turns":5},{"damage":1,"enemies":"2 Louse","floor":2,"turns":2},{"damage":0,"enemies":"Small Slimes","floor":4,"turns":3},{"damage":1,"enemies":"3 Louse","floor":5,"turns":5},{"damage":56,"enemies":"Gremlin Nob","floor":7,"turns":7},{"damage":0,"enemies":"Gremlin Gang","floor":11,"turns":3},{"damage":0,"enemies":"Looter","floor":13,"turns":2},{"damage":6,"enemies":"The Mushroom Lair","floor":14,"turns":4},{"damage":5,"enemies":"Hexaghost","floor":16,"turns":12},{"damage":16,"enemies":"Spheric Guardian","floor":18,"turns":9},{"damage":18,"enemies":"Chosen","floor":19,"turns":4},{"damage":4,"enemies":"Centurion and Healer","floor":21,"turns":6},{"damage":9,"enemies":"3 Cultists","floor":22,"turns":5},{"damage":23,"enemies":"Gremlin Leader","floor":23,"turns":7},{"damage":26,"enemies":"Slavers","floor":25,"turns":5},{"damage":4,"enemies":"Snake Plant","floor":29,"turns":1}],"seed_played":"-9179151182654618375","potions_obtained":[{"floor":2,"key":"PowerPotion"},{"floor":5,"key":"Swift Potion"},{"floor":7,"key":"SneckoOil"},{"floor":16,"key":"LiquidBronze"},{"floor":22,"key":"Explosive Potion"},{"floor":23,"key":"Swift Potion"}],"is_trial":false,"path_per_floor":["M","M","?","M","M","R","E","R","T","?","M","?","M","?","R","B",null,"M","M","$","M","M","E","R","E","T","?","$","M"],"character_chosen":"THE_SILENT","items_purchased":["Heel Hook","Dead Branch","Blade Dance","Dramatic Entrance","Fire Potion"],"campfire_rested":2,"item_purchase_floors":[20,20,20,20,28],"current_hp_per_floor":[74,73,62,62,61,61,5,28,28,13,13,38,38,32,32,27,77,61,43,43,39,30,7,30,4,4,4,4,0],"gold":38,"neow_bonus":"TEN_PERCENT_HP_BONUS","is_prod":false,"is_daily":false,"chose_seed":false,"campfire_upgraded":2,"win_rate":0,"timestamp":1547622020,"path_taken":["M","M","?","M","M","R","E","R","T","?","M","?","M","?","R","BOSS","M","M","$","M","M","E","R","E","T","?","$","M"],"build_version":"2019-01-10","purchased_purges":0,"victory":false,"max_hp_per_floor":[77,77,77,77,77,77,77,77,77,77,77,77,77,77,77,77,77,77,77,77,77,77,77,77,77,77,77,77,77],"card_choices":[{"not_picked":["PiercingWail","Dagger Throw"],"picked":"Backstab","floor":1},{"not_picked":["Dagger Throw","Bane"],"picked":"Cloak And Dagger","floor":2},{"not_picked":["Finisher","Flying Knee"],"picked":"Acrobatics","floor":4},{"not_picked":["Sucker Punch","Backflip"],"picked":"Leg Sweep","floor":5},{"not_picked":["Cloak And Dagger","Bullet Time"],"picked":"Masterful Stab","floor":7},{"not_picked":["Deflect","Dagger Spray"],"picked":"Flying Knee","floor":11},{"not_picked":["Outmaneuver","Choke"],"picked":"Flying Knee","floor":13},{"not_picked":["Concentrate","Caltrops"],"picked":"PiercingWail","floor":14},{"not_picked":["Phantasmal Killer","Tools of the Trade"],"picked":"Malaise","floor":16},{"not_picked":["Outmaneuver","Blur"],"picked":"Caltrops","floor":18},{"not_picked":["Deadly Poison+1","Accuracy"],"picked":"Dodge and Roll","floor":19},{"not_picked":["Flying Knee+1","Heel Hook"],"picked":"Dodge and Roll+1","floor":21},{"not_picked":["Outmaneuver+1","Endless Agony"],"picked":"Backflip","floor":22},{"not_picked":["Bane","Expertise"],"picked":"Dodge and Roll+1","floor":23},{"not_picked":["Bane","Tools of the Trade","Prepared"],"picked":"SKIP","floor":25}],"player_experience":361234,"relics_obtained":[{"floor":7,"key":"Pen Nib"},{"floor":9,"key":"Vajra"},{"floor":14,"key":"Odd Mushroom"},{"floor":23,"key":"Juzu Bracelet"},{"floor":23,"key":"StoneCalendar"},{"floor":25,"key":"Potion Belt"},{"floor":25,"key":"Bird Faced Urn"},{"floor":26,"key":"Whetstone"}],"event_choices":[{"damage_healed":0,"gold_gain":75,"player_choice":"Gather Gold","damage_taken":11,"max_hp_gain":0,"max_hp_loss":0,"event_name":"World of Goop","floor":3,"gold_loss":0},{"damage_healed":0,"gold_gain":0,"player_choice":"Entered Light","damage_taken":15,"max_hp_gain":0,"max_hp_loss":0,"event_name":"Shining Light","floor":10,"gold_loss":0,"cards_upgraded":["Defend_G","Leg Sweep"]},{"damage_healed":25,"gold_gain":0,"player_choice":"Banana","damage_taken":0,"max_hp_gain":0,"max_hp_loss":0,"event_name":"Big Fish","floor":12,"gold_loss":0},{"damage_healed":0,"gold_gain":0,"player_choice":"Fought Mushrooms","damage_taken":0,"max_hp_gain":0,"max_hp_loss":0,"event_name":"Mushrooms","floor":14,"gold_loss":0},{"damage_healed":0,"gold_gain":0,"player_choice":"1 cards matched","damage_taken":0,"max_hp_gain":0,"max_hp_loss":0,"event_name":"Match and Keep!","floor":27,"gold_loss":0,"cards_obtained":["Venomology"]}],"is_beta":false,"boss_relics":[{"not_picked":["Runic Pyramid","Ring of the Serpent"],"picked":"Black Star"}],"items_purged_floors":[],"is_endless":false,"potions_floor_spawned":[2,5,7,16,18,22,23],"killed_by":"Snake Plant","ascension_level":3}