{"gold_per_floor":[112,129,140,140,140,140,184,198,198,73,73,73,106,119,119,217,217,240,260,260,535,119,152,152,177,177,177,52,88,88,101,101,199,199,214,214,235,9,9,9,30,30,30,65,65,65,99,111,123,135],"floor_reached":51,"playtime":2906,"items_purged":["Underhanded Strike","Regret","Strike_G","Strike_G"],"score":1380,"play_id":"e1777829-426d-43a5-819f-0b65c1602ed6","local_time":"20190130221425","is_ascension_mode":true,"campfire_choices":[{"floor":6.0,"key":"REST"},{"floor":12.0,"key":"REST"},{"data":"Deadly Poison","floor":15.0,"key":"SMITH"},{"floor":24.0,"key":"REST"},{"floor":27.0,"key":"REST"},{"data":"Noxious Fumes","floor":30.0,"key":"SMITH"},{"floor":32.0,"key":"REST"},{"data":"Footwork","floor":40,"key":"SMITH"},{"data":"Malaise","floor":42,"key":"SMITH"},{"data":"Catalyst","floor":45,"key":"SMITH"},{"data":"Bouncing Flask","floor":49,"key":"SMITH"}],"neow_cost":"TEN_PERCENT_HP_LOSS","seed_source_timestamp":718195738565839,"circlet_count":0,"master_deck":["AscendersBane","Defend_G","Defend_G","Defend_G","Defend_G","Defend_G","Survivor","Neutralize+1","Catalyst+1","Deadly Poison+1","Catalyst+1","Malaise+1","Corpse Explosion","Deadly Poison+1","Noxious Fumes+1","PiercingWail","Bouncing Flask+1","PiercingWail","Backflip","Leg Sweep+1","PiercingWail","Footwork+1","Concentrate+1","Madness","Madness"],"special_seed":0,"relics":["Ring of the Snake","Golden Idol","Shuriken","Blue Candle","Philosopher\u0027s Stone","PreservedInsect","Centennial Puzzle","Bag of Preparation","Happy Flower","Runic Pyramid","Pantograph","Juzu Bracelet","MawBank"],"potions_floor_usage":[50,50],"damage_taken":[{"damage":4.0,"enemies":"Small Slimes","floor":1.0,"turns":4.0},{"damage":3.0,"enemies":"2 Louse","floor":2.0,"turns":3.0},{"damage":0.0,"enemies":"Cultist","floor":3.0,"turns":4.0},{"damage":16.0,"enemies":"Lagavulin","floor":7.0,"turns":8.0},{"damage":13.0,"enemies":"Lots of Slimes","floor":8.0,"turns":7.0},{"damage":0.0,"enemies":"Gremlin Nob","floor":13.0,"turns":2.0},{"damage":0.0,"enemies":"3 Louse","floor":14.0,"turns":6.0},{"damage":3.0,"enemies":"Hexaghost","floor":16.0,"turns":8.0},{"damage":16.0,"enemies":"3 Byrds","floor":18.0,"turns":3.0},{"damage":13.0,"enemies":"2 Thieves","floor":19.0,"turns":2.0},{"damage":10.0,"enemies":"Gremlin Leader","floor":23.0,"turns":5.0},{"damage":8.0,"enemies":"Chosen and Byrds","floor":25.0,"turns":5.0},{"damage":2.0,"enemies":"Slavers","floor":29.0,"turns":2.0},{"damage":5.0,"enemies":"Snake Plant","floor":31.0,"turns":4.0},{"damage":30,"enemies":"Champ","floor":33,"turns":7},{"damage":0,"enemies":"3 Shapes","floor":35,"turns":3},{"damage":0,"enemies":"Orb Walker","floor":37,"turns":2},{"damage":0,"enemies":"4 Shapes","floor":41,"turns":3},{"damage":2,"enemies":"Giant Head","floor":44,"turns":6},{"damage":0,"enemies":"Nemesis","floor":47,"turns":5},{"damage":4,"enemies":"Donu and Deca","floor":50,"turns":4}],"seed_played":"7433272861839138176","potions_obtained":[{"floor":8.0,"key":"EssenceOfSteel"},{"floor":13.0,"key":"Regen Potion"},{"floor":14.0,"key":"PowerPotion"},{"floor":23.0,"key":"Strength Potion"},{"floor":31.0,"key":"SteroidPotion"},{"floor":37,"key":"Energy Potion"},{"floor":44,"key":"SpeedPotion"}],"is_trial":false,"path_per_floor":["M","M","M","?","?","R","E","M","T","$","?","R","E","M","R","B",null,"M","M","?","?","$","E","R","M","T","R","$","E","R","M","R","B",null,"M","?","M","$","?","R","M","R","T","E","R","?","E","?","R","B",null],"character_chosen":"THE_SILENT","items_purchased":["PowerPotion","PreservedInsect","Noxious Fumes","PiercingWail","Bouncing Flask","Footwork"],"campfire_rested":5,"item_purchase_floors":[10,22,22,22,22,38],"current_hp_per_floor":[55,52,52,52,36,52,36,23,23,23,16,32,32,47,47,44,52,36,23,23,23,23,13,29,21,21,37,37,35,35,30,46,16,45,45,45,45,45,45,45,45,45,45,43,43,43,43,33,33,50],"gold":147,"neow_bonus":"TRANSFORM_TWO_CARDS","is_prod":false,"is_daily":false,"chose_seed":false,"campfire_upgraded":6,"win_rate":0,"timestamp":1548882865,"path_taken":["M","M","M","?","?","R","E","M","T","$","?","R","E","M","R","BOSS","M","M","?","?","$","E","R","?","T","R","?","E","R","M","R","BOSS","M","?","M","$","?","R","M","R","T","E","R","?","E","?","R","BOSS"],"build_version":"2019-01-23","purchased_purges":4,"victory":true,"max_hp_per_floor":[60,60,60,54,54,54,54,54,54,54,54,54,54,54,54,54,54,54,54,54,54,54,54,54,54,54,54,54,54,54,54,54,54,54,54,54,54,54,54,54,54,54,54,54,54,54,54,54,54,54],"card_choices":[{"not_picked":["Underhanded Strike","Deflect"],"picked":"Deadly Poison","floor":1.0},{"not_picked":["Caltrops","Outmaneuver","Quick Slash"],"picked":"SKIP","floor":2.0},{"not_picked":["Deadly Poison","Underhanded Strike"],"picked":"Catalyst","floor":3.0},{"not_picked":["Masterful Stab","PiercingWail"],"picked":"Glass Knife","floor":7.0},{"not_picked":["Sucker Punch","Masterful Stab"],"picked":"Poisoned Stab","floor":8.0},{"not_picked":["Calculated Gamble","Backflip"],"picked":"Malaise","floor":13.0},{"not_picked":["Acrobatics","Escape Plan","Quick Slash"],"picked":"SKIP","floor":14.0},{"not_picked":["Glass Knife","Die Die Die"],"picked":"Corpse Explosion","floor":16.0},{"not_picked":["Acrobatics","Calculated Gamble"],"picked":"Deadly Poison+1","floor":18.0},{"not_picked":["Dagger Throw+1","Blade Dance","Poisoned Stab"],"picked":"SKIP","floor":19.0},{"not_picked":["Tactician","Infinite Blades"],"picked":"PiercingWail","floor":23.0},{"not_picked":["Quick Slash+1","Blur"],"picked":"Backflip","floor":25.0},{"not_picked":["Sucker Punch","Deflect","Prepared"],"picked":"SKIP","floor":29.0},{"not_picked":["Slice","Catalyst","Dagger Spray"],"picked":"SKIP","floor":31.0},{"not_picked":["Prepared","Eviscerate"],"picked":"Leg Sweep+1","floor":35},{"not_picked":["Catalyst","Tactician"],"picked":"PiercingWail","floor":37},{"not_picked":["All Out Attack","Sucker Punch+1"],"picked":"Concentrate+1","floor":41},{"not_picked":["Leg Sweep","Riddle With Holes+1","Well Laid Plans"],"picked":"SKIP","floor":44},{"not_picked":["Outmaneuver+1","Dagger Spray","Blade Dance"],"picked":"SKIP","floor":47}],"player_experience":1103946,"relics_obtained":[{"floor":7.0,"key":"Shuriken"},{"floor":13.0,"key":"Blue Candle"},{"floor":23.0,"key":"Centennial Puzzle"},{"floor":26.0,"key":"Bag of Preparation"},{"floor":29.0,"key":"Happy Flower"},{"floor":43,"key":"Pantograph"},{"floor":44,"key":"Juzu Bracelet"},{"floor":47,"key":"MawBank"}],"event_choices":[{"damage_healed":0.0,"max_hp_gain":0.0,"max_hp_loss":6.0,"gold_gain":0.0,"event_name":"Golden Idol","player_choice":"Lose Max HP","floor":4.0,"gold_loss":0.0,"damage_taken":0.0,"relics_obtained":["Golden Idol"]},{"damage_healed":0.0,"max_hp_gain":0.0,"max_hp_loss":0.0,"gold_gain":0.0,"event_name":"Shining Light","player_choice":"Entered Light","floor":5.0,"gold_loss":0.0,"damage_taken":16.0,"cards_upgraded":["Neutralize","Catalyst"]},{"cards_removed":["Strike_G"],"damage_healed":0.0,"max_hp_gain":0.0,"max_hp_loss":0.0,"gold_gain":0.0,"event_name":"Golden Wing","player_choice":"Card Removal","floor":11.0,"gold_loss":0.0,"damage_taken":7.0},{"damage_healed":0.0,"max_hp_gain":0.0,"max_hp_loss":0.0,"gold_gain":0.0,"event_name":"The Mausoleum","player_choice":"Ignored","floor":20.0,"gold_loss":0.0,"damage_taken":0.0},{"damage_healed":0.0,"max_hp_gain":0.0,"max_hp_loss":0.0,"gold_gain":275.0,"event_name":"Golden Shrine","player_choice":"Desecrate","floor":21.0,"gold_loss":0.0,"damage_taken":0.0,"cards_obtained":["Regret"]},{"damage_healed":0,"gold_gain":0,"player_choice":"Ignored","damage_taken":0,"max_hp_gain":0,"max_hp_loss":0,"event_name":"Tomb of Lord Red Mask","floor":36,"gold_loss":0},{"cards_removed":["Glass Knife"],"damage_healed":0,"gold_gain":0,"player_choice":"Removed Attack","damage_taken":0,"max_hp_gain":0,"max_hp_loss":0,"event_name":"Falling","floor":39,"gold_loss":0},{"cards_removed":["Poisoned Stab"],"damage_healed":0,"gold_gain":0,"player_choice":"Purged","damage_taken":0,"max_hp_gain":0,"max_hp_loss":0,"event_name":"Purifier","floor":46,"gold_loss":0},{"damage_healed":0,"gold_gain":0,"player_choice":"Embrace Madness","damage_taken":10,"max_hp_gain":0,"max_hp_loss":0,"event_name":"Winding Halls","floor":48,"gold_loss":0,"cards_obtained":["Madness","Madness"]}],"is_beta":false,"boss_relics":[{"not_picked":["Tiny House","Coffee Dripper"],"picked":"Philosopher\u0027s Stone"},{"not_picked":["Eternal Feather","WristBlade"],"picked":"Runic Pyramid"}],"items_purged_floors":[10,22,28,38],"is_endless":false,"potions_floor_spawned":[8,13,14,23,31,37,44,47],"ascension_level":15}