{"gold_per_floor":[114,114,127,127,141,141,141,141,167,219,246,283,295,347,359,465,477,477,402,402,402,402,402,402],"floor_reached":24,"playtime":2194,"items_purged":[],"score":391,"play_id":"bb33079a-375a-4500-9b25-33b4482216de","local_time":"20190120184338","is_ascension_mode":true,"campfire_choices":[{"data":"Poisoned Stab","floor":6,"key":"SMITH"},{"data":"Neutralize","floor":8,"key":"SMITH"},{"floor":13,"key":"REST"},{"floor":15,"key":"REST"},{"data":"A Thousand Cuts","floor":23,"key":"SMITH"}],"neow_cost":"NONE","seed_source_timestamp":340873184422167,"circlet_count":0,"master_deck":["AscendersBane","Defend_G","Defend_G","Defend_G","Defend_G","Defend_G","Strike_G","Strike_G","Strike_G","Survivor","Neutralize+1","Poisoned Stab+1","Finisher","A Thousand Cuts+1","Crippling Poison","Dagger Spray+1","Burst","Doppelganger","Leg Sweep","Dodge and Roll"],"relics":["Ring of the Snake","Vajra","Golden Idol","Molten Egg 2","Centennial Puzzle","Ectoplasm","Nloth\u0027s Gift"],"potions_floor_usage":[10,14,16,18,21,24],"damage_taken":[{"damage":0,"enemies":"2 Louse","floor":1,"turns":3},{"damage":8,"enemies":"Small Slimes","floor":3,"turns":7},{"damage":0,"enemies":"Jaw Worm","floor":5,"turns":4},{"damage":6,"enemies":"Gremlin Nob","floor":10,"turns":3},{"damage":21,"enemies":"Large Slime","floor":11,"turns":6},{"damage":6,"enemies":"Lots of Slimes","floor":12,"turns":3},{"damage":19,"enemies":"Lagavulin","floor":14,"turns":7},{"damage":22,"enemies":"The Guardian","floor":16,"turns":12},{"damage":0,"enemies":"3 Byrds","floor":18,"turns":2},{"damage":8,"enemies":"Shell Parasite","floor":21,"turns":7},{"damage":21,"enemies":"Cultist and Chosen","floor":22,"turns":8},{"damage":21,"enemies":"Slavers","floor":24,"turns":3}],"seed_played":"-5438679001884217739","potions_obtained":[{"floor":3,"key":"GamblersBrew"},{"floor":10,"key":"LiquidBronze"},{"floor":12,"key":"Strength Potion"},{"floor":14,"key":"Energy Potion"},{"floor":16,"key":"LiquidBronze"},{"floor":21,"key":"SteroidPotion"},{"floor":22,"key":"GhostInAJar"}],"is_trial":false,"path_per_floor":["M","?","M","?","M","R","?","R","T","E","M","M","R","E","R","B",null,"M","?","?","M","M","R","E"],"character_chosen":"THE_SILENT","items_purchased":[],"campfire_rested":2,"item_purchase_floors":[],"current_hp_per_floor":[59,59,51,51,51,51,51,51,51,45,24,18,36,17,35,13,48,48,48,48,40,19,19,0],"gold":402,"neow_bonus":"RANDOM_COMMON_RELIC","is_prod":false,"is_daily":false,"chose_seed":false,"campfire_upgraded":3,"win_rate":0,"timestamp":1548006218,"path_taken":["M","?","M","?","M","R","?","R","T","E","M","?","R","E","R","BOSS","M","?","?","M","?","R","E"],"build_version":"2019-01-17v2","purchased_purges":0,"victory":false,"max_hp_per_floor":[66,66,66,66,66,66,60,60,60,60,60,60,60,60,60,60,60,60,60,60,60,60,60,60],"card_choices":[{"not_picked":["PiercingWail","Deadly Poison","Acrobatics"],"picked":"SKIP","floor":1},{"not_picked":["Heel Hook","Cloak And Dagger"],"picked":"Poisoned Stab","floor":3},{"not_picked":["Tactician","Deflect","Dodge and Roll"],"picked":"SKIP","floor":5},{"not_picked":["Reflex","Prepared"],"picked":"A Thousand Cuts","floor":10},{"not_picked":["Cloak And Dagger","Accuracy"],"picked":"Crippling Poison","floor":11},{"not_picked":["Poisoned Stab+1","Choke+1"],"picked":"Dagger Spray+1","floor":12},{"not_picked":["Deflect","Reflex"],"picked":"Burst","floor":14},{"not_picked":["Phantasmal Killer","Storm of Steel"],"picked":"Doppelganger","floor":16},{"not_picked":["Underhanded Strike+1","Flying Knee+1"],"picked":"Leg Sweep","floor":18},{"not_picked":["Slice+1","Leg Sweep","Underhanded Strike+1"],"picked":"SKIP","floor":21},{"not_picked":["Sucker Punch+1","Caltrops"],"picked":"Dodge and Roll","floor":22}],"player_experience":968513,"relics_obtained":[{"floor":9,"key":"MawBank"},{"floor":10,"key":"Molten Egg 2"},{"floor":14,"key":"Centennial Puzzle"}],"event_choices":[{"damage_healed":0,"gold_gain":0,"player_choice":"Ignored","damage_taken":0,"max_hp_gain":0,"max_hp_loss":0,"event_name":"Liars Game","floor":2,"gold_loss":0},{"damage_healed":0,"gold_gain":0,"cards_transformed":["Strike_G"],"player_choice":"Change","damage_taken":0,"max_hp_gain":0,"max_hp_loss":0,"event_name":"Living Wall","floor":4,"gold_loss":0,"cards_obtained":["Finisher"]},{"damage_healed":0,"gold_gain":0,"player_choice":"Lose Max HP","damage_taken":0,"relics_obtained":["Golden Idol"],"max_hp_gain":0,"max_hp_loss":6,"event_name":"Golden Idol","floor":7,"gold_loss":0},{"cards_removed":["Strike_G"],"damage_healed":0,"gold_gain":0,"player_choice":"Gave Gold","damage_taken":0,"max_hp_gain":0,"max_hp_loss":0,"event_name":"Beggar","floor":19,"gold_loss":75},{"damage_healed":0,"gold_gain":0,"player_choice":"Traded Relic","damage_taken":0,"relics_obtained":["Nloth\u0027s Gift"],"max_hp_gain":0,"max_hp_loss":0,"event_name":"N\u0027loth","floor":20,"relics_lost":["MawBank"],"gold_loss":0}],"is_beta":false,"boss_relics":[{"not_picked":["Velvet Choker","Orrery"],"picked":"Ectoplasm"}],"items_purged_floors":[],"is_endless":false,"potions_floor_spawned":[3,10,12,14,16,21,22],"killed_by":"Slavers","ascension_level":18}