{"gold_per_floor":[368,368,117,117,128,128,147,172,197,228,238,238,248,259,259,330,330,330,330,230,230,105,105,105,105,105,105,105,105,105,105,105,105,105,105,105,105,83,83,83,83,83],"floor_reached":42,"playtime":5722,"items_purged":["Strike_G","Strike_G","Strike_G"],"score":788,"play_id":"753575da-303d-4cb0-bc44-ffda3b5ff439","local_time":"20190114133047","is_ascension_mode":true,"campfire_choices":[{"data":"Neutralize","floor":6.0,"key":"SMITH"},{"floor":12.0,"key":"REST"},{"data":"Footwork","floor":15.0,"key":"SMITH"},{"data":"Skewer","floor":23.0,"key":"SMITH"},{"data":"Infinite Blades","floor":27.0,"key":"SMITH"},{"floor":32.0,"key":"REST"},{"floor":40,"key":"REST"}],"neow_cost":"PERCENT_DAMAGE","seed_source_timestamp":323291759703132,"circlet_count":0,"master_deck":["AscendersBane","Defend_G","Defend_G","Defend_G","Defend_G","Defend_G","Strike_G+1","Survivor","Neutralize+1","Footwork+1","Flechettes+1","Skewer+1","Dodge and Roll","Adrenaline+1","Backstab","Leg Sweep","Glass Knife","Noxious Fumes+1","Infinite Blades+1","Catalyst","Blur","Blade Dance","Envenom","A Thousand Cuts","PiercingWail","Cloak And Dagger","Backflip","Cloak And Dagger","Dodge and Roll"],"special_seed":0,"relics":["Ring of the Snake","Whetstone","Bag of Preparation","Kunai","Ectoplasm","Juzu Bracelet","Ninja Scroll","Orichalcum","Black Star","Girya"],"potions_floor_usage":[33,36,39],"damage_taken":[{"damage":1.0,"enemies":"Small Slimes","floor":1.0,"turns":3.0},{"damage":1.0,"enemies":"Jaw Worm","floor":5.0,"turns":7.0},{"damage":0.0,"enemies":"Cultist","floor":7.0,"turns":4.0},{"damage":18.0,"enemies":"3 Sentries","floor":8.0,"turns":15.0},{"damage":18.0,"enemies":"Gremlin Nob","floor":10.0,"turns":6.0},{"damage":0.0,"enemies":"3 Louse","floor":11.0,"turns":2.0},{"damage":1.0,"enemies":"Exordium Thugs","floor":13.0,"turns":4.0},{"damage":0.0,"enemies":"Looter","floor":14.0,"turns":3.0},{"damage":4.0,"enemies":"The Guardian","floor":16.0,"turns":18.0},{"damage":0.0,"enemies":"Spheric Guardian","floor":18.0,"turns":4.0},{"damage":0.0,"enemies":"Chosen","floor":21.0,"turns":4.0},{"damage":1.0,"enemies":"Book of Stabbing","floor":24.0,"turns":9.0},{"damage":0.0,"enemies":"Shelled Parasite and Fungi","floor":25.0,"turns":6.0},{"damage":3.0,"enemies":"Chosen and Byrds","floor":28.0,"turns":6.0},{"damage":40.0,"enemies":"Gremlin Leader","floor":29.0,"turns":11.0},{"damage":0.0,"enemies":"Colosseum Slavers","floor":30.0,"turns":3.0},{"damage":8.0,"enemies":"Snake Plant","floor":31.0,"turns":4.0},{"damage":5,"enemies":"Automaton","floor":33,"turns":11},{"damage":12,"enemies":"Orb Walker","floor":35,"turns":5},{"damage":36,"enemies":"2 Orb Walkers","floor":36,"turns":4},{"damage":0,"enemies":"3 Shapes","floor":37,"turns":7},{"damage":3,"enemies":"Sphere and 2 Shapes","floor":39,"turns":6},{"damage":0,"enemies":"4 Shapes","floor":41,"turns":7},{"damage":22,"enemies":"Nemesis","floor":42,"turns":2}],"seed_played":"3077489809044386299","potions_obtained":[{"floor":5.0,"key":"Regen Potion"},{"floor":13.0,"key":"SkillPotion"},{"floor":14.0,"key":"SneckoOil"},{"floor":16.0,"key":"Fire Potion"},{"floor":31.0,"key":"LiquidBronze"},{"floor":36,"key":"SteroidPotion"},{"floor":37,"key":"Weak Potion"}],"is_trial":false,"path_per_floor":["M","?","$","?","M","R","M","E","T","E","M","R","M","M","R","B",null,"M","?","$","M","$","R","E","M","T","R","M","E","?","M","R","B",null,"M","?","M","$","M","R","M","E"],"character_chosen":"THE_SILENT","items_purchased":["Footwork","PowerPotion","Swift Potion","Cloak And Dagger"],"campfire_rested":3,"item_purchase_floors":[3,3,3,38],"current_hp_per_floor":[43,36,36,27,26,26,26,23,23,5,5,24,23,23,23,19,54,54,54,54,54,54,54,53,53,53,53,50,10,10,2,21,16,54,42,6,6,6,3,22,22,0],"gold":83,"neow_bonus":"TWO_FIFTY_GOLD","is_prod":false,"is_daily":false,"chose_seed":false,"campfire_upgraded":4,"win_rate":0,"timestamp":1547469047,"path_taken":["M","?","?","?","M","R","M","E","T","E","?","R","M","M","R","BOSS","M","?","?","M","$","R","E","M","T","R","M","E","?","M","R","BOSS","M","?","M","?","M","R","M","E"],"build_version":"2019-01-10","purchased_purges":3,"victory":false,"max_hp_per_floor":[66,66,66,66,66,66,66,66,66,66,66,66,66,66,66,66,66,66,66,66,66,66,66,66,66,66,66,66,66,66,66,66,66,66,66,66,66,66,66,66,66,66],"card_choices":[{"not_picked":["Cloak And Dagger","Prepared","Infinite Blades"],"picked":"SKIP","floor":1.0},{"not_picked":["Bouncing Flask","Blade Dance"],"picked":"Flechettes","floor":5.0},{"not_picked":["Deflect","Flying Knee"],"picked":"Skewer","floor":7.0},{"not_picked":["Bane","Slice","Underhanded Strike"],"picked":"SKIP","floor":8.0},{"not_picked":["Deflect","Dagger Throw"],"picked":"Dodge and Roll","floor":10.0},{"not_picked":["PiercingWail","Riddle With Holes"],"picked":"Adrenaline","floor":11.0},{"not_picked":["Dagger Spray","Flying Knee"],"picked":"Backstab","floor":13.0},{"not_picked":["Dodge and Roll","Dash"],"picked":"Leg Sweep","floor":14.0},{"not_picked":["Grand Finale","Phantasmal Killer"],"picked":"Glass Knife","floor":16.0},{"not_picked":["Sucker Punch","Distraction","Deadly Poison"],"picked":"SKIP","floor":18.0},{"not_picked":["Bouncing Flask","Eviscerate+1"],"picked":"Noxious Fumes+1","floor":21.0},{"not_picked":["Predator","Terror"],"picked":"Infinite Blades","floor":24.0},{"not_picked":["Sucker Punch","Underhanded Strike+1"],"picked":"Catalyst","floor":25.0},{"not_picked":["Outmaneuver","Deflect"],"picked":"Blur","floor":28.0},{"not_picked":["Deadly Poison","Outmaneuver"],"picked":"Blade Dance","floor":29.0},{"not_picked":["Sucker Punch","Choke"],"picked":"Envenom","floor":31.0},{"not_picked":["Corpse Explosion","Venomology"],"picked":"A Thousand Cuts","floor":33},{"not_picked":["Bane","Dodge and Roll"],"picked":"PiercingWail","floor":35},{"not_picked":["Deadly Poison","Setup"],"picked":"Cloak And Dagger","floor":36},{"not_picked":["Dash+1","Distraction"],"picked":"Backflip","floor":37},{"not_picked":["Deadly Poison","Endless Agony"],"picked":"Dodge and Roll","floor":39},{"not_picked":["Outmaneuver","Underhanded Strike","Poisoned Stab+1"],"picked":"SKIP","floor":41}],"player_experience":854260,"relics_obtained":[{"floor":8.0,"key":"Whetstone"},{"floor":9.0,"key":"Bag of Preparation"},{"floor":10.0,"key":"Kunai"},{"floor":24.0,"key":"Juzu Bracelet"},{"floor":26.0,"key":"Ninja Scroll"},{"floor":29.0,"key":"Orichalcum"},{"floor":36,"key":"Girya"}],"event_choices":[{"cards_removed":["Strike_G"],"damage_healed":0.0,"max_hp_gain":0.0,"max_hp_loss":0.0,"gold_gain":0.0,"event_name":"Golden Wing","player_choice":"Card Removal","floor":2.0,"gold_loss":0.0,"damage_taken":7.0},{"damage_healed":0.0,"max_hp_gain":0.0,"max_hp_loss":0.0,"gold_gain":0.0,"event_name":"Wheel of Change","player_choice":"Damaged","floor":4.0,"gold_loss":0.0,"damage_taken":9.0},{"damage_healed":0.0,"max_hp_gain":0.0,"max_hp_loss":0.0,"gold_gain":0.0,"event_name":"Upgrade Shrine","player_choice":"Upgraded","floor":19.0,"gold_loss":0.0,"damage_taken":0.0,"cards_upgraded":["Adrenaline"]},{"damage_healed":0.0,"max_hp_gain":0.0,"max_hp_loss":0.0,"gold_gain":0.0,"event_name":"Colosseum","player_choice":"Fight","floor":30.0,"gold_loss":0.0,"damage_taken":0.0},{"damage_healed":0.0,"max_hp_gain":0.0,"max_hp_loss":0.0,"gold_gain":0.0,"event_name":"Colosseum","player_choice":"Fled From Nobs","floor":30.0,"gold_loss":0.0,"damage_taken":0.0},{"damage_healed":0,"gold_gain":0,"player_choice":"Fight","damage_taken":0,"max_hp_gain":0,"max_hp_loss":0,"event_name":"Mysterious Sphere","floor":36,"gold_loss":0}],"is_beta":false,"boss_relics":[{"not_picked":["Runic Dome","Fusion Hammer"],"picked":"Ectoplasm"},{"not_picked":["Coffee Dripper","Calling Bell"],"picked":"Black Star"}],"items_purged_floors":[3,20,22],"is_endless":false,"potions_floor_spawned":[5,13,14,16,24,28,30,31,36,37],"killed_by":"Nemesis","ascension_level":15}