{"gold_per_floor":[117,133,150,170,345,345,345,345,372,383,235,251,284,294,294,398,398,417,168,182,195,205,205,225,225,248,248,347,382,102,120,120,216,216,226,226,241,241,252,252],"floor_reached":40,"playtime":2057,"items_purged":["Doubt","Eviscerate+1","Strike_G"],"score":437,"play_id":"94c2d3e8-49d8-40b0-8471-f5fdff29313f","local_time":"20190202001213","is_ascension_mode":false,"campfire_choices":[{"data":"Neutralize","floor":6,"key":"SMITH"},{"data":"Catalyst","floor":8,"key":"SMITH"},{"floor":15,"key":"REST"},{"floor":23,"key":"REST"},{"data":"Catalyst","floor":25,"key":"SMITH"},{"floor":27,"key":"REST"},{"floor":32,"key":"REST"}],"neow_cost":"NONE","seed_source_timestamp":423199515981419,"circlet_count":0,"master_deck":["Defend_G","Defend_G","Defend_G","Defend_G","Strike_G","Survivor","Neutralize+1","Catalyst+1","Poisoned Stab","Well Laid Plans","Catalyst+1","Dagger Spray","Leg Sweep","Footwork","Bane","Bullet Time","Footwork+1","Deadly Poison+1","Deadly Poison","Noxious Fumes","Dash","Backflip","Blur+1","Dagger Spray+1","After Image","Noxious Fumes","Catalyst+1","Footwork+1","Adrenaline","Dagger Spray+1","Dodge and Roll","Bane+1"],"relics":["Ring of the Snake","NeowsBlessing","PreservedInsect","Smiling Mask","Astrolabe","Boot","Centennial Puzzle","DollysMirror","Runic Pyramid"],"potions_floor_usage":[14,16,16,20,33,33,33],"damage_taken":[{"damage":0,"enemies":"2 Louse","floor":1,"turns":1},{"damage":0,"enemies":"Small Slimes","floor":2,"turns":1},{"damage":0,"enemies":"Jaw Worm","floor":3,"turns":1},{"damage":9,"enemies":"Blue Slaver","floor":4,"turns":4},{"damage":5,"enemies":"Large Slime","floor":10,"turns":8},{"damage":4,"enemies":"3 Louse","floor":12,"turns":4},{"damage":10,"enemies":"3 Sentries","floor":13,"turns":7},{"damage":0,"enemies":"2 Fungi Beasts","floor":14,"turns":2},{"damage":44,"enemies":"The Guardian","floor":16,"turns":9},{"damage":0,"enemies":"Spheric Guardian","floor":18,"turns":6},{"damage":0,"enemies":"Chosen","floor":20,"turns":5},{"damage":32,"enemies":"Shelled Parasite and Fungi","floor":21,"turns":5},{"damage":22,"enemies":"Snake Plant","floor":22,"turns":5},{"damage":4,"enemies":"Centurion and Healer","floor":24,"turns":6},{"damage":16,"enemies":"Book of Stabbing","floor":29,"turns":4},{"damage":18,"enemies":"Sentry and Sphere","floor":31,"turns":5},{"damage":29,"enemies":"Collector","floor":33,"turns":6},{"damage":17,"enemies":"3 Shapes","floor":35,"turns":4},{"damage":0,"enemies":"Orb Walker","floor":37,"turns":4},{"damage":41,"enemies":"Sphere and 2 Shapes","floor":39,"turns":5},{"damage":12,"enemies":"Nemesis","floor":40,"turns":3}],"seed_played":"-3036164299064820562","potions_obtained":[{"floor":1,"key":"Explosive Potion"},{"floor":2,"key":"Block Potion"},{"floor":4,"key":"AttackPotion"},{"floor":20,"key":"Explosive Potion"},{"floor":22,"key":"Strength Potion"},{"floor":29,"key":"SpeedPotion"},{"floor":31,"key":"LiquidBronze"},{"floor":33,"key":"Strength Potion"},{"floor":39,"key":"SmokeBomb"}],"is_trial":false,"path_per_floor":["M","M","M","M","?","R","?","R","T","M","$","M","E","M","R","B",null,"M","$","M","M","M","R","M","R","T","R","?","E","$","M","R","B",null,"M","?","M","?","M","E"],"character_chosen":"THE_SILENT","items_purchased":["Leg Sweep","Noxious Fumes","Dash","Energy Potion","Noxious Fumes","DollysMirror"],"campfire_rested":4,"item_purchase_floors":[11,19,19,19,30,30],"current_hp_per_floor":[70,70,70,61,61,61,54,54,54,49,49,45,35,35,56,12,70,70,70,70,38,16,37,33,33,33,54,54,38,38,20,41,12,70,53,53,53,53,12,0],"gold":252,"neow_bonus":"THREE_ENEMY_KILL","is_prod":false,"is_daily":false,"chose_seed":false,"campfire_upgraded":3,"win_rate":0,"timestamp":1549084333,"path_taken":["M","M","M","M","?","R","?","R","T","M","$","?","E","M","R","BOSS","M","$","M","M","M","R","M","R","T","R","?","E","$","M","R","BOSS","M","?","M","?","M","E"],"build_version":"2019-01-23","purchased_purges":3,"victory":false,"max_hp_per_floor":[70,70,70,70,70,70,70,70,70,70,70,70,70,70,70,70,70,70,70,70,70,70,70,70,70,70,70,70,70,70,70,70,70,70,70,70,70,66,66,66],"card_choices":[{"not_picked":["Bouncing Flask","Tactician"],"picked":"Catalyst","floor":1},{"not_picked":["Bane","Choke"],"picked":"Poisoned Stab","floor":2},{"not_picked":["Deadly Poison","Dagger Throw"],"picked":"Well Laid Plans","floor":3},{"not_picked":["Underhanded Strike","Caltrops"],"picked":"Catalyst","floor":4},{"not_picked":["Heel Hook","Riddle With Holes"],"picked":"Dagger Spray","floor":10},{"not_picked":["Calculated Gamble","Dagger Throw"],"picked":"Footwork","floor":12},{"not_picked":["Heel Hook","Outmaneuver","Tools of the Trade"],"picked":"SKIP","floor":13},{"not_picked":["Quick Slash","All Out Attack"],"picked":"Bane","floor":14},{"not_picked":["Night Terror","Venomology"],"picked":"Bullet Time","floor":16},{"not_picked":["PiercingWail","Eviscerate"],"picked":"Deadly Poison","floor":18},{"not_picked":["Blade Dance","Masterful Stab","Dagger Throw+1"],"picked":"SKIP","floor":20},{"not_picked":["Underhanded Strike+1","Blade Dance"],"picked":"Backflip","floor":21},{"not_picked":["Heel Hook+1","Backstab"],"picked":"Blur+1","floor":22},{"not_picked":["Cloak And Dagger","Slice"],"picked":"Dagger Spray+1","floor":24},{"not_picked":["Skewer","PiercingWail"],"picked":"After Image","floor":29},{"not_picked":["Blade Dance","Poisoned Stab"],"picked":"Footwork+1","floor":31},{"not_picked":["Malaise","Corpse Explosion"],"picked":"Adrenaline","floor":33},{"not_picked":["Quick Slash","Caltrops+1"],"picked":"Dagger Spray+1","floor":35},{"not_picked":["Flechettes","Flying Knee"],"picked":"Dodge and Roll","floor":37},{"not_picked":["Blade Dance","PiercingWail+1"],"picked":"Bane+1","floor":39}],"player_experience":31311,"relics_obtained":[{"floor":9,"key":"PreservedInsect"},{"floor":13,"key":"Smiling Mask"},{"floor":26,"key":"Boot"},{"floor":29,"key":"Centennial Puzzle"}],"event_choices":[{"damage_healed":0,"gold_gain":175,"player_choice":"AGREE","damage_taken":0,"max_hp_gain":0,"max_hp_loss":0,"event_name":"Liars Game","floor":5,"gold_loss":0,"cards_obtained":["Doubt"]},{"cards_removed":["Strike_G"],"damage_healed":0,"gold_gain":0,"player_choice":"Card Removal","damage_taken":7,"max_hp_gain":0,"max_hp_loss":0,"event_name":"Golden Wing","floor":7,"gold_loss":0},{"damage_healed":0,"gold_gain":99,"player_choice":"Stole From Cult","damage_taken":0,"max_hp_gain":0,"max_hp_loss":0,"event_name":"Nest","floor":28,"gold_loss":0},{"damage_healed":0,"gold_gain":0,"player_choice":"Ignored","damage_taken":0,"max_hp_gain":0,"max_hp_loss":0,"event_name":"Tomb of Lord Red Mask","floor":36,"gold_loss":0},{"damage_healed":0,"gold_gain":0,"player_choice":"Max HP","damage_taken":0,"max_hp_gain":0,"max_hp_loss":4,"event_name":"Winding Halls","floor":38,"gold_loss":0}],"is_beta":false,"boss_relics":[{"not_picked":["Philosopher\u0027s Stone","HoveringKite"],"picked":"Astrolabe"},{"not_picked":["Orrery","Runic Dome"],"picked":"Runic Pyramid"}],"items_purged_floors":[11,19,30],"is_endless":false,"potions_floor_spawned":[1,2,4,12,13,20,22,29,31,33,39],"killed_by":"Nemesis","ascension_level":0}