{"gold_per_floor":[109,109,122,47,65,65,79,79,148,174,139,174,189,169,169,272,272,282,297,82,92,92,127,127,138,138,156,175,206,226,226,226,326,326,339,44,44,64,74,74,87,106,106,120,150,150,160,23,23,23],"floor_reached":51,"playtime":4372,"items_purged":["Regret","Decay"],"score":708,"play_id":"4568716f-0965-4263-8663-8f1ba0637b04","local_time":"20190119081931","is_ascension_mode":false,"campfire_choices":[{"data":"Hologram","floor":6.0,"key":"SMITH"},{"data":"Self Repair","floor":8.0,"key":"SMITH"},{"floor":15.0,"key":"REST"},{"data":"White Noise","floor":24.0,"key":"SMITH"},{"floor":32.0,"key":"REST"},{"data":"Echo Form","floor":40.0,"key":"SMITH"},{"floor":49,"key":"REST"}],"neow_cost":"CURSE","seed_source_timestamp":0,"circlet_count":0,"master_deck":["Strike_B","Strike_B","Strike_B","Defend_B","Defend_B","Defend_B","Zap","Dualcast","Capacitor","Hologram+1","Self Repair+1","Leap","Ball Lightning","Coolheaded","Core Surge","Static Discharge","Storm","Echo Form+1","Reinforced Body","White Noise+1","Apotheosis","Ball Lightning+1","Conserve Battery+1","Auto Shields","Rainbow","Stack+1","Doom and Gloom","Cold Snap+1","Redo+1","Parasite","Go for the Eyes+1","Sunder+1","Hello World"],"special_seed":0,"relics":["Cracked Core","Mercury Hourglass","Orichalcum","Ancient Tea Set","Busted Crown","Pear","Blue Candle","Nloth\u0027s Gift","Cursed Key","Symbiotic Virus","Shuriken","Gremlin Horn"],"potions_floor_usage":[50,50,50],"damage_taken":[{"damage":3.0,"enemies":"Cultist","floor":1.0,"turns":3.0},{"damage":16.0,"enemies":"Jaw Worm","floor":3.0,"turns":6.0},{"damage":0.0,"enemies":"2 Louse","floor":5.0,"turns":3.0},{"damage":17.0,"enemies":"Lots of Slimes","floor":7.0,"turns":4.0},{"damage":25.0,"enemies":"Gremlin Nob","floor":10.0,"turns":4.0},{"damage":8.0,"enemies":"Lagavulin","floor":12.0,"turns":8.0},{"damage":0.0,"enemies":"2 Fungi Beasts","floor":13.0,"turns":3.0},{"damage":11.0,"enemies":"The Guardian","floor":16.0,"turns":11.0},{"damage":7.0,"enemies":"Shell Parasite","floor":18.0,"turns":5.0},{"damage":19.0,"enemies":"3 Byrds","floor":19.0,"turns":3.0},{"damage":18.0,"enemies":"Snake Plant","floor":21.0,"turns":4.0},{"damage":0.0,"enemies":"Gremlin Leader","floor":23.0,"turns":7.0},{"damage":0.0,"enemies":"Snecko","floor":25.0,"turns":4.0},{"damage":11.0,"enemies":"Cultist and Chosen","floor":27.0,"turns":5.0},{"damage":18.0,"enemies":"3 Cultists","floor":28.0,"turns":4.0},{"damage":33.0,"enemies":"Slavers","floor":29.0,"turns":5.0},{"damage":0.0,"enemies":"Snecko","floor":30.0,"turns":5.0},{"damage":4.0,"enemies":"Champ","floor":33.0,"turns":12.0},{"damage":20.0,"enemies":"3 Darklings","floor":35.0,"turns":4.0},{"damage":0.0,"enemies":"3 Shapes","floor":38.0,"turns":5.0},{"damage":4.0,"enemies":"Spire Growth","floor":39.0,"turns":5.0},{"damage":5.0,"enemies":"3 Darklings","floor":41.0,"turns":5.0},{"damage":0,"enemies":"Transient","floor":42,"turns":5},{"damage":11,"enemies":"Writhing Mass","floor":44,"turns":6},{"damage":36,"enemies":"Nemesis","floor":45,"turns":7},{"damage":15,"enemies":"3 Darklings","floor":47,"turns":4},{"damage":68,"enemies":"Time Eater","floor":50,"turns":11}],"seed_played":"-3245945697906377412","potions_obtained":[{"floor":1.0,"key":"EssenceOfSteel"},{"floor":2.0,"key":"Strength Potion"},{"floor":2.0,"key":"FocusPotion"},{"floor":14.0,"key":"AttackPotion"},{"floor":16.0,"key":"SpeedPotion"},{"floor":25.0,"key":"AttackPotion"},{"floor":30.0,"key":"AttackPotion"},{"floor":33.0,"key":"FocusPotion"}],"is_trial":false,"path_per_floor":["M","?","M","$","M","R","M","R","T","E","$","E","M","?","R","B",null,"M","M","$","M","$","E","R","M","T","M","M","E","M","?","R","B",null,"M","$","$","M","M","R","M","M","T","M","E","?","M","$","R","B",null],"character_chosen":"DEFECT","items_purchased":["Static Discharge","White Noise","Apotheosis","Doom and Gloom","Symbiotic Virus","Hello World"],"campfire_rested":3,"item_purchase_floors":[11,20,20,36,36,48],"current_hp_per_floor":[72,72,63,63,70,70,60,60,60,45,45,47,57,57,75,74,75,75,56,56,38,38,68,68,68,68,57,49,26,26,26,51,57,85,65,65,65,65,71,71,76,85,85,85,69,69,54,54,79,11],"gold":23,"neow_bonus":"TRANSFORM_TWO_CARDS","is_prod":false,"is_daily":false,"chose_seed":false,"campfire_upgraded":4,"win_rate":0,"timestamp":1547907571,"path_taken":["M","?","M","$","?","R","M","R","T","E","$","E","M","?","R","BOSS","M","M","$","M","$","E","R","M","T","?","?","E","M","?","R","BOSS","M","?","$","M","M","R","M","M","T","M","E","?","M","$","R","BOSS"],"build_version":"2019-01-17v2","purchased_purges":2,"victory":true,"max_hp_per_floor":[75,75,75,75,75,75,75,75,75,75,75,75,75,75,75,75,75,75,75,75,75,75,85,85,85,85,85,85,85,85,85,85,85,85,85,85,85,85,85,85,85,85,85,85,85,85,85,85,85,85],"card_choices":[{"not_picked":["Cold Snap","Sweeping Beam"],"picked":"Self Repair","floor":1.0},{"not_picked":["Turbo","Compile Driver"],"picked":"Leap","floor":3.0},{"not_picked":["Steam Power","Doom and Gloom"],"picked":"Ball Lightning","floor":5.0},{"not_picked":["Barrage","Scrape"],"picked":"Coolheaded","floor":7.0},{"not_picked":["Ball Lightning","Leap"],"picked":"Core Surge","floor":10.0},{"not_picked":["Aggregate","Skim"],"picked":"Storm","floor":12.0},{"not_picked":["Compile Driver","Streamline","Storm"],"picked":"SKIP","floor":13.0},{"not_picked":["Amplify","Hyperbeam"],"picked":"Echo Form","floor":16.0},{"not_picked":[],"picked":"Reinforced Body","floor":18.0},{"not_picked":["Steam"],"picked":"SKIP","floor":19.0},{"not_picked":[],"picked":"Ball Lightning+1","floor":21.0},{"not_picked":[],"picked":"Conserve Battery+1","floor":23.0},{"not_picked":["Ball Lightning"],"picked":"SKIP","floor":25.0},{"not_picked":["Gash"],"picked":"SKIP","floor":27.0},{"not_picked":[],"picked":"Auto Shields","floor":28.0},{"not_picked":["Storm"],"picked":"SKIP","floor":29.0},{"not_picked":["Hologram"],"picked":"SKIP","floor":30.0},{"not_picked":[],"picked":"Rainbow","floor":33.0},{"not_picked":[],"picked":"Stack+1","floor":35.0},{"not_picked":[],"picked":"Cold Snap+1","floor":38.0},{"not_picked":[],"picked":"Redo+1","floor":39.0},{"not_picked":["Core Surge"],"picked":"SKIP","floor":41.0},{"not_picked":["Rebound"],"picked":"SKIP","floor":42},{"not_picked":["Sweeping Beam"],"picked":"SKIP","floor":44},{"not_picked":[],"picked":"Go for the Eyes+1","floor":45},{"not_picked":[],"picked":"Sunder+1","floor":47}],"player_experience":275364,"relics_obtained":[{"floor":9.0,"key":"Mercury Hourglass"},{"floor":10.0,"key":"Orichalcum"},{"floor":12.0,"key":"Ancient Tea Set"},{"floor":23.0,"key":"Pear"},{"floor":26.0,"key":"Peace Pipe"},{"floor":29.0,"key":"Blue Candle"},{"floor":43,"key":"Shuriken"},{"floor":45,"key":"Gremlin Horn"}],"event_choices":[{"damage_healed":0.0,"max_hp_gain":0.0,"max_hp_loss":0.0,"gold_gain":0.0,"event_name":"Lab","player_choice":"Got Potions","floor":2.0,"gold_loss":0.0,"damage_taken":0.0},{"damage_healed":0.0,"max_hp_gain":0.0,"max_hp_loss":0.0,"gold_gain":0.0,"event_name":"The Woman in Blue","player_choice":"Bought 1 Potion","floor":14.0,"gold_loss":0.0,"damage_taken":0.0},{"damage_healed":0.0,"max_hp_gain":0.0,"max_hp_loss":0.0,"gold_gain":0.0,"event_name":"N\u0027loth","player_choice":"Traded Relic","floor":31.0,"relics_lost":["Peace Pipe"],"gold_loss":0.0,"damage_taken":0.0,"relics_obtained":["Nloth\u0027s Gift"]},{"damage_healed":0,"gold_gain":0,"player_choice":"Leave","damage_taken":0,"max_hp_gain":0,"max_hp_loss":0,"event_name":"FaceTrader","floor":46,"gold_loss":0}],"is_beta":false,"boss_relics":[{"not_picked":["Fusion Hammer","Sozu"],"picked":"Busted Crown"},{"not_picked":["Coffee Dripper","Black Star"],"picked":"Cursed Key"}],"items_purged_floors":[4,48],"is_endless":false,"potions_floor_spawned":[1,5,16,18,25,30,33,41,47],"ascension_level":0}