{"path_per_floor":["M","$","?","M","?","E","R","M","T","M","R","?","$","M","R","B",null,"M","$","M","M","$","R","E","R","T","E"],"character_chosen":"THE_SILENT","items_purchased":["Accuracy"],"gold_per_floor":[113,34,34,54,129,164,164,174,174,193,193,193,118,131,131,234,264,275,175,192,203,78,78,106,106,106,134],"floor_reached":28,"campfire_rested":3,"playtime":1804,"current_hp_per_floor":[70,70,56,56,45,36,57,57,57,50,50,56,56,56,56,30,94,79,79,63,26,26,54,15,45,45,9],"items_purged":["Accuracy","Pain","Pain"],"gold":134,"score":319,"play_id":"46fe9a07-547b-49db-adfc-712e34a3b05b","local_time":"20180319214942","is_prod":false,"is_daily":false,"is_ascension_mode":true,"campfire_upgraded":2,"timestamp":1521496182,"path_taken":["M","$","?","M","?","E","R","M","T","M","R","?","?","M","R","BOSS","M","$","M","M","$","R","E","R","T","E","M"],"build_version":"2018-03-15v3","purchased_purges":3,"victory":false,"master_deck":["Defend_G","Defend_G","Defend_G","Defend_G+1","Defend_G","Strike_G","Strike_G","Strike_G","Strike_G","Strike_G","Survivor","Neutralize","Bouncing Flask+1","Blur+1","Catalyst","Poisoned Stab","Catalyst","Regret","Backflip+1","Envenom","Regret","Concentrate+1","Prepared+1","Crippling Poison+1","Deadly Poison"],"max_hp_per_floor":[70,70,70,70,70,70,70,70,70,70,70,76,76,76,76,76,94,94,94,94,94,94,94,101,101,101,101],"relics":["Ring of the Snake","Bronze Scales","Frozen Eye","Darkstone Periapt","Calling Bell","Prayer Wheel","Tiny Chest","Ginger","Strawberry","Calipers","Orichalcum"],"card_choices":[{"not_picked":["Quick Slash","Acrobatics"],"picked":"Bouncing Flask"},{"not_picked":["Well Laid Plans","Flying Knee"],"picked":"Blur"},{"not_picked":["Acrobatics","Heel Hook"],"picked":"Catalyst"},{"not_picked":["Dagger Throw","Bane"],"picked":"Poisoned Stab"},{"not_picked":["Calculated Gamble","Dash"],"picked":"Catalyst"},{"not_picked":["Backstab","Deflect"],"picked":"Backflip"},{"not_picked":["Unload","Grand Finale"],"picked":"Envenom"},{"not_picked":["Sucker Punch","Dodge and Roll"],"picked":"Concentrate"},{"not_picked":["Heel Hook","Dash"],"picked":"Prepared"},{"not_picked":["Storm of Steel","Leg Sweep"],"picked":"Crippling Poison"},{"not_picked":["Deflect","Dagger Throw"],"picked":"Deadly Poison"}],"player_experience":180076,"potions_floor_usage":[6,6,14,21,21,27],"damage_taken":[{"damage":0,"enemies":"Jaw Worm","floor":1,"turns":6},{"damage":0,"enemies":"2 Louse","floor":4,"turns":4},{"damage":9,"enemies":"Gremlin Nob","floor":6,"turns":5},{"damage":0,"enemies":"Small Slimes","floor":8,"turns":3},{"damage":7,"enemies":"3 Louse","floor":10,"turns":3},{"damage":0,"enemies":"2 Fungi Beasts","floor":14,"turns":3},{"damage":26,"enemies":"Hexaghost","floor":16,"turns":7},{"damage":15,"enemies":"Shell Parasite","floor":18,"turns":4},{"damage":16,"enemies":"Chosen","floor":20,"turns":3},{"damage":37,"enemies":"Centurion and Healer","floor":21,"turns":8},{"damage":46,"enemies":"Gremlin Leader","floor":24,"turns":6},{"damage":36,"enemies":"Book of Stabbing","floor":27,"turns":7},{"damage":14,"enemies":"3 Cultists","floor":28,"turns":3}],"event_choices":[{"event_name":"Shining Light","player_choice":"Entered Light","floor":3,"damage_taken":0},{"event_name":"World of Goop","player_choice":"Gather Gold","floor":5,"damage_taken":0},{"event_name":"Big Fish","player_choice":"Box","floor":12,"damage_taken":0}],"boss_relics":[{"not_picked":["Velvet Choker","Lizard Tail"],"picked":"Calling Bell"}],"potions_floor_spawned":[1,4,6,10,18,20,27],"seed_played":"-5462262405209017427","killed_by":"3 Cultists","ascension_level":1,"is_trial":false}