{"gold_per_floor":[112,112,132,147,159,184,194,194,194,194,220,507,75,94,94,198,198,217,36,136,235,235,235,254,254,305,305,323,349,349,360,360,464,464,478,488,508,508,523,523,398,398,421,447,154,185,10,23,23,23],"floor_reached":51,"playtime":6854,"items_purged":["Regret","Strike_G","Strike_G+1","Strike_G+1","Strike_G+1"],"score":810,"play_id":"6f0a3fef-f99d-4df9-9332-15cecc764899","local_time":"20190119000627","is_ascension_mode":false,"campfire_choices":[{"floor":8.0,"key":"REST"},{"data":"Skewer","floor":10.0,"key":"SMITH"},{"data":"Catalyst","floor":15.0,"key":"SMITH"},{"floor":23.0,"key":"REST"},{"data":"Crippling Poison","floor":25.0,"key":"SMITH"},{"data":"Cloak And Dagger","floor":30.0,"key":"SMITH"},{"floor":32.0,"key":"REST"},{"data":"1","floor":40,"key":"LIFT"},{"data":"2","floor":42,"key":"LIFT"},{"data":"3","floor":49,"key":"LIFT"}],"neow_cost":"NONE","seed_source_timestamp":278061649704931,"circlet_count":0,"master_deck":["Defend_G+1","Defend_G+1","Defend_G+1","Defend_G+1","Defend_G+1","Strike_G+1","Strike_G+1","Survivor+1","Neutralize+1","Skewer+1","Leg Sweep+1","Deadly Poison+1","A Thousand Cuts+1","Noxious Fumes+1","Catalyst+1","Crippling Poison+1","A Thousand Cuts+1","Well Laid Plans+1","Ghostly+1","Ghostly+1","Ghostly+1","Ghostly+1","Ghostly+1","Cloak And Dagger+1","Backflip+1","Wraith Form v2+1","Crippling Poison+1","Backflip+1","Bouncing Flask+1","Cloak And Dagger+1"],"special_seed":0,"relics":["Ring of the Serpent","Dodecahedron","Frozen Egg 2","MawBank","TwistedFunnel","The Specimen","Mercury Hourglass","Vajra","Girya","Sozu","Mark of the Bloom","Pen Nib","Omamori","Orichalcum","PreservedInsect"],"potions_floor_usage":[],"damage_taken":[{"damage":7.0,"enemies":"Jaw Worm","floor":1.0,"turns":6.0},{"damage":0.0,"enemies":"Cultist","floor":3.0,"turns":5.0},{"damage":0.0,"enemies":"Small Slimes","floor":4.0,"turns":3.0},{"damage":15.0,"enemies":"Exordium Thugs","floor":5.0,"turns":5.0},{"damage":37.0,"enemies":"3 Sentries","floor":6.0,"turns":15.0},{"damage":0.0,"enemies":"Blue Slaver","floor":7.0,"turns":5.0},{"damage":12.0,"enemies":"Lagavulin","floor":11.0,"turns":8.0},{"damage":0.0,"enemies":"3 Louse","floor":14.0,"turns":3.0},{"damage":9.0,"enemies":"Hexaghost","floor":16.0,"turns":7.0},{"damage":6.0,"enemies":"Spheric Guardian","floor":18.0,"turns":5.0},{"damage":39.0,"enemies":"Colosseum Slavers","floor":20.0,"turns":4.0},{"damage":18.0,"enemies":"Colosseum Nobs","floor":20.0,"turns":5.0},{"damage":2.0,"enemies":"Shell Parasite","floor":24.0,"turns":4.0},{"damage":5.0,"enemies":"Shelled Parasite and Fungi","floor":28.0,"turns":6.0},{"damage":3.0,"enemies":"Book of Stabbing","floor":29.0,"turns":5.0},{"damage":5.0,"enemies":"Cultist and Chosen","floor":31.0,"turns":4.0},{"damage":4.0,"enemies":"Automaton","floor":33.0,"turns":9.0},{"damage":3.0,"enemies":"3 Darklings","floor":35.0,"turns":3.0},{"damage":0.0,"enemies":"3 Shapes","floor":36.0,"turns":3.0},{"damage":1.0,"enemies":"Transient","floor":37.0,"turns":5.0},{"damage":0.0,"enemies":"Jaw Worm Horde","floor":39.0,"turns":4.0},{"damage":0,"enemies":"Giant Head","floor":44,"turns":9},{"damage":0,"enemies":"Reptomancer","floor":46,"turns":5},{"damage":0,"enemies":"Maw","floor":48,"turns":6},{"damage":25,"enemies":"Time Eater","floor":50,"turns":13}],"seed_played":"1972870705808234356","potions_obtained":[{"floor":1.0,"key":"FearPotion"},{"floor":6.0,"key":"Regen Potion"},{"floor":16.0,"key":"Dexterity Potion"},{"floor":24.0,"key":"PowerPotion"},{"floor":29.0,"key":"GhostInAJar"}],"is_trial":false,"path_per_floor":["M","?","M","M","M","E","M","R","T","R","E","?","$","M","R","B",null,"M","$","?","?","?","R","M","R","T","?","M","E","R","M","R","B",null,"M","M","M","?","M","R","$","R","T","E","$","E","$","M","R","B",null],"character_chosen":"THE_SILENT","items_purchased":["Noxious Fumes+1","TwistedFunnel","Catalyst","Swift Potion","Well Laid Plans+1","Orichalcum"],"campfire_rested":3,"item_purchase_floors":[13,13,13,13,19,45],"current_hp_per_floor":[63,63,63,63,48,11,11,32,32,32,35,35,35,35,35,26,70,64,64,7,7,7,28,26,26,26,26,21,18,18,13,23,19,35,32,32,31,31,31,31,31,31,31,31,31,31,31,31,31,6],"gold":23,"neow_bonus":"UPGRADE_CARD","is_prod":false,"is_daily":false,"chose_seed":false,"campfire_upgraded":4,"win_rate":0,"timestamp":1547852787,"path_taken":["M","?","M","M","?","E","M","R","T","R","E","?","$","?","R","BOSS","M","$","?","?","?","R","?","R","T","?","M","E","R","M","R","BOSS","M","M","M","?","M","R","$","R","T","E","$","E","$","M","R","BOSS"],"build_version":"2019-01-17v2","purchased_purges":5,"victory":true,"max_hp_per_floor":[70,70,70,70,70,70,70,70,70,70,70,70,70,70,70,70,70,70,70,70,70,70,70,70,70,70,35,35,35,35,35,35,35,35,35,35,35,35,35,35,35,35,35,35,35,35,35,35,35,35],"card_choices":[{"not_picked":["Dagger Throw","Acrobatics"],"picked":"Predator","floor":1.0},{"not_picked":["Reflex","Backflip","Eviscerate"],"picked":"SKIP","floor":3.0},{"not_picked":["Choke","Noxious Fumes"],"picked":"Skewer","floor":4.0},{"not_picked":["Endless Agony","Dagger Throw"],"picked":"Leg Sweep","floor":5.0},{"not_picked":["Quick Slash","Riddle With Holes","Finisher"],"picked":"SKIP","floor":6.0},{"not_picked":["Underhanded Strike","Slice"],"picked":"Deadly Poison","floor":7.0},{"not_picked":["Cloak And Dagger","Poisoned Stab"],"picked":"A Thousand Cuts+1","floor":11.0},{"not_picked":["Heel Hook","Acrobatics"],"picked":"Crippling Poison","floor":14.0},{"not_picked":["Tools of the Trade+1","Storm of Steel"],"picked":"A Thousand Cuts+1","floor":16.0},{"not_picked":["Choke","Sucker Punch","Reflex"],"picked":"SKIP","floor":18.0},{"not_picked":["Heel Hook+1","Dagger Spray","Cloak And Dagger"],"picked":"SKIP","floor":24.0},{"not_picked":["Envenom+1","Dagger Spray"],"picked":"Cloak And Dagger","floor":28.0},{"not_picked":["Caltrops+1","Choke","Concentrate"],"picked":"SKIP","floor":29.0},{"not_picked":["Skewer","Slice"],"picked":"Backflip+1","floor":31.0},{"not_picked":["Unload","Adrenaline"],"picked":"Wraith Form v2+1","floor":33.0},{"not_picked":["Slice+1","Outmaneuver+1"],"picked":"Crippling Poison+1","floor":35.0},{"not_picked":["Poisoned Stab+1","Slice","Acrobatics"],"picked":"SKIP","floor":36.0},{"not_picked":["Bane+1","PiercingWail","Blade Dance"],"picked":"SKIP","floor":37.0},{"not_picked":["Sucker Punch","PiercingWail+1"],"picked":"Backflip+1","floor":39.0},{"not_picked":["Choke","PiercingWail"],"picked":"Bouncing Flask+1","floor":44},{"not_picked":["Bane","PiercingWail"],"picked":"Cloak And Dagger+1","floor":46},{"not_picked":["Heel Hook","A Thousand Cuts+1","Deflect+1"],"picked":"SKIP","floor":48}],"player_experience":952711,"relics_obtained":[{"floor":6.0,"key":"Dodecahedron"},{"floor":9.0,"key":"Frozen Egg 2"},{"floor":11.0,"key":"MawBank"},{"floor":20.0,"key":"The Specimen"},{"floor":20.0,"key":"Mercury Hourglass"},{"floor":26.0,"key":"Vajra"},{"floor":29.0,"key":"Girya"},{"floor":43,"key":"Pen Nib"},{"floor":44,"key":"Omamori"},{"floor":46,"key":"PreservedInsect"}],"event_choices":[{"cards_removed":["Predator"],"damage_healed":0.0,"max_hp_gain":0.0,"max_hp_loss":0.0,"gold_gain":0.0,"event_name":"NoteForYourself","player_choice":"Took Card","floor":2.0,"gold_loss":0.0,"damage_taken":0.0,"cards_obtained":["Strike_G"]},{"damage_healed":0.0,"max_hp_gain":0.0,"max_hp_loss":0.0,"gold_gain":275.0,"event_name":"Golden Shrine","player_choice":"Desecrate","floor":12.0,"gold_loss":0.0,"damage_taken":0.0,"cards_obtained":["Regret"]},{"damage_healed":0.0,"max_hp_gain":0.0,"max_hp_loss":0.0,"gold_gain":0.0,"event_name":"Colosseum","player_choice":"Fight","floor":20.0,"gold_loss":0.0,"damage_taken":0.0},{"damage_healed":0.0,"max_hp_gain":0.0,"max_hp_loss":0.0,"gold_gain":0.0,"event_name":"Colosseum","player_choice":"Fought Nobs","floor":20.0,"gold_loss":0.0,"damage_taken":0.0},{"damage_healed":0.0,"max_hp_gain":0.0,"max_hp_loss":0.0,"gold_gain":99.0,"event_name":"Nest","player_choice":"Stole From Cult","floor":21.0,"gold_loss":0.0,"damage_taken":0.0},{"damage_healed":0.0,"max_hp_gain":0.0,"max_hp_loss":0.0,"gold_gain":0.0,"event_name":"Back to Basics","player_choice":"Simplicity","floor":22.0,"gold_loss":0.0,"damage_taken":0.0,"cards_upgraded":["Defend_G","Defend_G","Defend_G","Defend_G","Defend_G","Strike_G","Strike_G","Strike_G","Strike_G","Strike_G"]},{"damage_healed":0.0,"max_hp_gain":0.0,"max_hp_loss":35.0,"gold_gain":0.0,"event_name":"Ghosts","player_choice":"Became a Ghost","floor":27.0,"gold_loss":0.0,"damage_taken":0.0,"cards_obtained":["Ghostly","Ghostly","Ghostly","Ghostly","Ghostly"]},{"damage_healed":0.0,"max_hp_gain":0.0,"max_hp_loss":0.0,"gold_gain":0.0,"event_name":"MindBloom","player_choice":"Upgrade","floor":38.0,"gold_loss":0.0,"damage_taken":0.0,"cards_upgraded":["Survivor","Leg Sweep","Deadly Poison","Ghostly","Ghostly","Ghostly","Ghostly","Ghostly"],"relics_obtained":["Mark of the Bloom"]}],"is_beta":false,"boss_relics":[{"not_picked":["Lizard Tail","WristBlade"],"picked":"Ring of the Serpent"},{"not_picked":["White Beast Statue","Cursed Key"],"picked":"Sozu"}],"items_purged_floors":[13,19,41,45,47],"is_endless":false,"potions_floor_spawned":[1,6,16,24,29,35,44],"ascension_level":0}