{"gold_per_floor":[119,119,119,134,134,164,16,40,40,52,86,103,103,55,55,179,179,193,193,184,184],"floor_reached":21,"playtime":1696,"items_purged":[],"score":187,"play_id":"bf106fab-0c93-463b-b2cc-0aa45749ae65","local_time":"20190124165256","is_ascension_mode":false,"campfire_choices":[{"floor":15,"key":"REST"}],"neow_cost":"NONE","seed_source_timestamp":1294269119106051,"circlet_count":0,"master_deck":["Strike_B","Strike_B","Strike_B","Defend_B","Defend_B","Defend_B","Defend_B","Zap","Dualcast","Leap","Cold Snap","Sweeping Beam+1","Creative AI","Discovery","Leap","Compile Driver","Storm","Amplify","Ball Lightning","Biased Cognition","BootSequence","Cold Snap+1"],"relics":["Cracked Core","PreservedInsect","Odd Mushroom","Pantograph","Matryoshka","Golden Idol","Lizard Tail"],"potions_floor_usage":[11,16,16,16],"damage_taken":[{"damage":0,"enemies":"Jaw Worm","floor":1,"turns":5},{"damage":1,"enemies":"Small Slimes","floor":4,"turns":3},{"damage":16,"enemies":"Gremlin Nob","floor":6,"turns":5},{"damage":16,"enemies":"The Mushroom Lair","floor":8,"turns":3},{"damage":0,"enemies":"Cultist","floor":10,"turns":2},{"damage":20,"enemies":"3 Sentries","floor":11,"turns":4},{"damage":0,"enemies":"3 Louse","floor":12,"turns":3},{"damage":10,"enemies":"The Guardian","floor":16,"turns":7},{"damage":11,"enemies":"Chosen","floor":18,"turns":5},{"damage":17,"enemies":"2 Thieves","floor":20,"turns":5},{"damage":111,"enemies":"Centurion and Healer","floor":21,"turns":17}],"seed_played":"6818086895509353128","potions_obtained":[{"floor":1,"key":"Poison Potion"},{"floor":8,"key":"EssenceOfSteel"},{"floor":10,"key":"Weak Potion"},{"floor":12,"key":"SteroidPotion"},{"floor":20,"key":"SteroidPotion"}],"is_trial":false,"path_per_floor":["M","?","?","M","?","E","$","?","T","M","E","M","?","$","R","B",null,"M","?","M","M"],"character_chosen":"DEFECT","items_purchased":["Discovery","Leap","Poison Potion"],"campfire_rested":1,"item_purchase_floors":[7,7,14],"current_hp_per_floor":[75,75,75,74,74,58,58,42,42,42,22,22,4,4,26,41,75,64,64,47,0],"gold":184,"neow_bonus":"THREE_CARDS","is_prod":false,"is_daily":false,"chose_seed":false,"campfire_upgraded":0,"win_rate":0.0,"timestamp":1548355976,"path_taken":["M","?","?","?","?","E","$","?","T","M","E","M","?","$","R","BOSS","M","?","M","M"],"build_version":"2019-01-23","purchased_purges":0,"victory":false,"max_hp_per_floor":[75,75,75,75,75,75,75,75,75,75,75,75,75,75,75,75,75,75,75,75,75],"card_choices":[{"not_picked":["Stack","Reprogram"],"picked":"Leap","floor":0},{"not_picked":["Hello World","Hologram"],"picked":"Cold Snap","floor":1},{"not_picked":["Compile Driver","Go for the Eyes"],"picked":"Sweeping Beam","floor":4},{"not_picked":["Leap","Compile Driver"],"picked":"Creative AI","floor":6},{"not_picked":["Beam Cell","Chill"],"picked":"Compile Driver","floor":8},{"not_picked":["Steam","Go for the Eyes"],"picked":"Storm","floor":10},{"not_picked":["Sweeping Beam","Coolheaded"],"picked":"Amplify","floor":11},{"not_picked":["Hologram","Steam"],"picked":"Ball Lightning","floor":12},{"not_picked":["Thunder Strike","Creative AI"],"picked":"Biased Cognition","floor":16},{"not_picked":["Gash","Hello World"],"picked":"BootSequence","floor":18},{"not_picked":["FTL+1","Compile Driver"],"picked":"Cold Snap+1","floor":20}],"player_experience":15424,"relics_obtained":[{"floor":6,"key":"PreservedInsect"},{"floor":8,"key":"Odd Mushroom"},{"floor":9,"key":"Pantograph"},{"floor":11,"key":"Matryoshka"}],"event_choices":[{"damage_healed":0,"gold_gain":0,"player_choice":"Ignored","damage_taken":0,"max_hp_gain":0,"max_hp_loss":0,"event_name":"Golden Wing","floor":2,"gold_loss":0},{"cards_removed":["Strike_B"],"damage_healed":0,"gold_gain":0,"player_choice":"Purged","damage_taken":0,"max_hp_gain":0,"max_hp_loss":0,"event_name":"Purifier","floor":3,"gold_loss":0},{"damage_healed":0,"gold_gain":0,"player_choice":"Grow","damage_taken":0,"max_hp_gain":0,"max_hp_loss":0,"event_name":"Living Wall","floor":5,"gold_loss":0,"cards_upgraded":["Sweeping Beam"]},{"damage_healed":0,"gold_gain":0,"player_choice":"Fought Mushrooms","damage_taken":0,"max_hp_gain":0,"max_hp_loss":0,"event_name":"Mushrooms","floor":8,"gold_loss":0},{"damage_healed":0,"gold_gain":0,"player_choice":"Take Damage","damage_taken":18,"relics_obtained":["Golden Idol"],"max_hp_gain":0,"max_hp_loss":0,"event_name":"Golden Idol","floor":13,"gold_loss":0},{"damage_healed":0,"gold_gain":0,"player_choice":"Ignored","damage_taken":0,"max_hp_gain":0,"max_hp_loss":0,"event_name":"Beggar","floor":19,"gold_loss":0}],"is_beta":false,"boss_relics":[{"not_picked":["Orrery","White Beast Statue"],"picked":"Lizard Tail"}],"items_purged_floors":[],"is_endless":false,"potions_floor_spawned":[1,8,10,12,20],"killed_by":"Centurion and Healer","ascension_level":0}