{"path_per_floor":["?","?","?","?","?","?","?","?","?","?","?","?","?","?","?"],"character_chosen":"THE_SILENT","items_purchased":["Flying Knee"],"gold_per_floor":[114,139,10,25,40,70,70,85,110,125,155,155,170,185,185],"floor_reached":16,"campfire_rested":2,"playtime":1428,"current_hp_per_floor":[84,84,84,84,80,53,78,65,65,60,29,29,8,3,28],"items_purged":["Strike_G"],"gold":185,"score":114,"play_id":"75890629-3176-41fc-bafc-3a246120c42e","local_time":"20180306165633","daily_mods":[{"name":"Heirloom","description":"Start with 1 Rare relic.","modID":"Heirloom","img":{"data":{"file":{"file":{"path":"images\\ui\\run_mods\\heirloom.png"},"type":"Internal"},"width":64,"height":64,"format":"RGBA8888","useMipMaps":false,"isPrepared":false},"glTarget":3553,"glHandle":683,"minFilter":"Linear","magFilter":"Linear","uWrap":"ClampToEdge","vWrap":"ClampToEdge"},"positive":true},{"name":"Lethal Enemies","description":"All enemies start with +3 Strength.","modID":"Lethal Enemies","img":{"data":{"file":{"file":{"path":"images\\ui\\run_mods\\lethal_enemies.png"},"type":"Internal"},"width":64,"height":64,"format":"RGBA8888","useMipMaps":false,"isPrepared":false},"glTarget":3553,"glHandle":675,"minFilter":"Linear","magFilter":"Linear","uWrap":"ClampToEdge","vWrap":"ClampToEdge"},"positive":false},{"name":"Cursed Run","description":"Whenever you defeat a Boss, become Cursed.","modID":"Cursed Run","img":{"data":{"file":{"file":{"path":"images\\ui\\run_mods\\cursed_run.png"},"type":"Internal"},"width":64,"height":64,"format":"RGBA8888","useMipMaps":false,"isPrepared":false},"glTarget":3553,"glHandle":673,"minFilter":"Linear","magFilter":"Linear","uWrap":"ClampToEdge","vWrap":"ClampToEdge"},"positive":false},{"name":"Uncertain Future","description":"The map shows only ?.","modID":"Uncertain Future","img":{"data":{"file":{"file":{"path":"images\\ui\\run_mods\\uncertain_future.png"},"type":"Internal"},"width":64,"height":64,"format":"RGBA8888","useMipMaps":false,"isPrepared":false},"glTarget":3553,"glHandle":679,"minFilter":"Linear","magFilter":"Linear","uWrap":"ClampToEdge","vWrap":"ClampToEdge"},"positive":false}],"is_prod":false,"is_daily":true,"is_ascension_mode":false,"campfire_upgraded":0,"timestamp":1520355393,"path_taken":["?","?","?","?","?","?","?","?","?","?","?","?","?","?","?","BOSS"],"build_version":"2018-03-01-PROD1","purchased_purges":1,"victory":false,"master_deck":["Defend_G","Defend_G","Defend_G","Defend_G","Defend_G","Strike_G","Strike_G","Strike_G","Strike_G","Survivor","Neutralize","Poisoned Stab","Flying Knee","Adrenaline","Backflip","Quick Slash","Backflip","Flying Knee","Concentrate"],"max_hp_per_floor":[84,84,84,84,84,84,84,84,84,84,84,84,84,84,84],"relics":["Ring of the Snake","Mango","Pen Nib","Orichalcum","Ornamental Fan"],"card_choices":[{"not_picked":["Flechettes","Cloak And Dagger"],"picked":"Poisoned Stab"},{"not_picked":["Backflip","Dagger Throw"],"picked":"Adrenaline"},{"not_picked":["Outmaneuver","Quick Slash"],"picked":"Backflip"},{"not_picked":["Dodge and Roll","Slice"],"picked":"Quick Slash"},{"not_picked":["Dagger Spray","Underhanded Strike"],"picked":"Backflip"},{"not_picked":["Bane","Calculated Gamble"],"picked":"Flying Knee"},{"not_picked":["Flying Knee","Endless Agony"],"picked":"Concentrate"}],"player_experience":125552,"potions_floor_usage":[4,11,16,16],"damage_taken":[{"damage":0,"enemies":"Cultist","floor":1,"turns":4},{"damage":0,"enemies":"Small Slimes","floor":4,"turns":3},{"damage":4,"enemies":"2 Louse","floor":5,"turns":3},{"damage":27,"enemies":"Gremlin Nob","floor":6,"turns":5},{"damage":13,"enemies":"2 Fungi Beasts","floor":8,"turns":4},{"damage":5,"enemies":"Blue Slaver","floor":10,"turns":4},{"damage":31,"enemies":"3 Sentries","floor":11,"turns":7},{"damage":21,"enemies":"Exordium Thugs","floor":13,"turns":5},{"damage":5,"enemies":"2 Fungi Beasts","floor":14,"turns":3},{"damage":31,"enemies":"Hexaghost","floor":16,"turns":9}],"event_choices":[{"event_name":"Liars Game","player_choice":"disagreed","floor":12,"damage_taken":0}],"boss_relics":[],"potions_floor_spawned":[1,8,13,14],"seed_played":"-348954196553452531","killed_by":"Hexaghost","ascension_level":0,"is_trial":false}