{"gold_per_floor":[116,116,116,128,78,78,98,98,98,125,125,125,152,168,168,263,263,282,297,297,317,337,369,468,497,523,523,534,564,581,598,598,703,703,713,215,228,239,259,286,304,335,335,351,351,351,397,397,397,397],"floor_reached":51,"playtime":3650,"items_purged":[],"score":979,"play_id":"5c5929b8-7b59-45b4-8435-430a9078ef51","local_time":"20180715232002","daily_mods":["Draft","Heirloom","Hoarder"],"is_ascension_mode":false,"campfire_choices":[{"data":"Gash","floor":6,"key":"SMITH"},{"data":"Gash","floor":8,"key":"SMITH"},{"data":"Gash","floor":11,"key":"SMITH"},{"data":"Gash","floor":15,"key":"SMITH"},{"floor":27,"key":"REST"},{"floor":32,"key":"REST"},{"floor":46,"key":"REST"},{"floor":49,"key":"REST"}],"neow_cost":"","seed_source_timestamp":0,"circlet_count":0,"master_deck":["Gash+1","Gash+1","Gash+1","Reinforced Body","Reinforced Body","Reinforced Body+1","Chaos","Chaos","Rebound","Rebound","Rebound","Go for the Eyes","Go for the Eyes","Go for the Eyes","Hologram","Hologram","Hologram","Leap","Leap","Leap","Melter","Melter","Melter","Beam Cell","Beam Cell","Beam Cell","Turbo","Turbo","Turbo","Scrape","Scrape","Scrape","Leap","Leap","Leap","Gash","Gash","Gash","Gash","Gash+1","Gash","Conserve Battery","Conserve Battery+1","Conserve Battery","Scrape","Scrape","Scrape","Echo Form","Echo Form","Echo Form","White Noise+1","White Noise+1","White Noise+1","Gash","Gash","Gash","Creative AI","Creative AI","Creative AI","Gash","Gash","Gash+1","Gash+1","Gash+1","Gash+1"],"relics":["Cracked Core","Emotion Chip","GremlinMask","DataDisk","Orichalcum","Bag of Marbles","Fusion Hammer","Blood Vial","Bird Faced Urn","War Paint","Gambling Chip","Black Star","Singing Bowl","Oddly Smooth Stone","Meat on the Bone","Shuriken","Happy Flower","Boot","Darkstone Periapt","Omamori"],"potions_floor_usage":[22,22,22,29,38],"damage_taken":[{"damage":0,"enemies":"2 Louse","floor":1,"turns":3},{"damage":0,"enemies":"Cultist","floor":4,"turns":3},{"damage":0,"enemies":"Jaw Worm","floor":7,"turns":3},{"damage":3,"enemies":"Lagavulin","floor":10,"turns":6},{"damage":0,"enemies":"Gremlin Nob","floor":13,"turns":3},{"damage":0,"enemies":"3 Louse","floor":14,"turns":2},{"damage":0,"enemies":"Slime Boss","floor":16,"turns":7},{"damage":7,"enemies":"Shell Parasite","floor":18,"turns":5},{"damage":0,"enemies":"Spheric Guardian","floor":19,"turns":2},{"damage":3,"enemies":"Centurion and Healer","floor":21,"turns":5},{"damage":11,"enemies":"Slaver and Parasite","floor":22,"turns":3},{"damage":8,"enemies":"Gremlin Leader","floor":23,"turns":5},{"damage":17,"enemies":"Slavers","floor":25,"turns":6},{"damage":3,"enemies":"3 Cultists","floor":28,"turns":4},{"damage":21,"enemies":"Gremlin Leader","floor":29,"turns":6},{"damage":0,"enemies":"Sentry and Sphere","floor":30,"turns":3},{"damage":0,"enemies":"Cultist and Chosen","floor":31,"turns":4},{"damage":13,"enemies":"Champ","floor":33,"turns":6},{"damage":5,"enemies":"3 Shapes","floor":35,"turns":4},{"damage":5,"enemies":"Flame Bruiser 1 Orb","floor":37,"turns":6},{"damage":24,"enemies":"4 Shapes","floor":38,"turns":10},{"damage":0,"enemies":"Sphere and 2 Shapes","floor":39,"turns":3},{"damage":0,"enemies":"Nemesis","floor":40,"turns":5},{"damage":18,"enemies":"Maw","floor":41,"turns":6},{"damage":36,"enemies":"2 Orb Walkers","floor":42,"turns":5},{"damage":0,"enemies":"Transient","floor":44,"turns":5},{"damage":63,"enemies":"Time Eater","floor":50,"turns":11}],"seed_played":"41246267","potions_obtained":[{"floor":4,"key":"Ancient Potion"},{"floor":14,"key":"Weak Potion"},{"floor":16,"key":"PowerPotion"},{"floor":18,"key":"Regen Potion"},{"floor":25,"key":"Swift Potion"},{"floor":30,"key":"FearPotion"},{"floor":33,"key":"PowerPotion"},{"floor":41,"key":"Swift Potion"}],"is_trial":true,"path_per_floor":["M","?","?","M","?","R","M","R","T","E","R","$","E","M","R","B",null,"M","M","$","M","M","E","?","E","T","R","M","E","M","M","R","B",null,"M","$","M","M","M","E","M","E","T","M","?","R","T","?","R","B"],"character_chosen":"DEFECT","items_purchased":["Singing Bowl","Oddly Smooth Stone","Gash","AttackPotion"],"campfire_rested":4,"item_purchase_floors":[36,36,36,36],"current_hp_per_floor":[75,75,75,75,75,75,75,75,75,72,72,72,72,72,72,72,75,68,68,68,65,63,55,55,40,40,62,67,63,67,75,75,72,75,71,71,75,77,79,81,83,72,72,87,89,89,89,89,89,56],"gold":397,"neow_bonus":"","is_prod":false,"is_daily":false,"chose_seed":true,"campfire_upgraded":4,"win_rate":0,"timestamp":1531693202,"path_taken":["M","?","?","M","?","R","M","R","T","E","R","$","E","M","R","BOSS","M","M","$","M","M","E","?","E","T","R","M","E","M","M","R","BOSS","M","$","M","M","M","E","M","E","T","M","?","R","?","?","R","BOSS"],"build_version":"2018-07-12","purchased_purges":0,"victory":true,"max_hp_per_floor":[75,75,75,75,75,75,75,75,75,75,75,75,75,75,75,75,75,75,75,75,75,75,75,75,75,75,75,75,75,75,75,75,75,75,75,75,75,77,79,81,83,85,85,87,89,89,89,89,89,89],"card_choices":[{"not_picked":["Steam","Compile Driver"],"picked":"Gash","floor":0},{"not_picked":["Sweeping Beam","Undo"],"picked":"Reinforced Body","floor":0},{"not_picked":["Fusion","Cold Snap"],"picked":"Chaos","floor":0},{"not_picked":["Turbo","BootSequence"],"picked":"Rebound","floor":0},{"not_picked":["Barrage","Steam Power"],"picked":"Go for the Eyes","floor":0},{"not_picked":["Compile Driver","Turbo"],"picked":"Hologram","floor":0},{"not_picked":["Redo","Reprogram"],"picked":"Leap","floor":0},{"not_picked":["Conserve Battery","Leap"],"picked":"Melter","floor":0},{"not_picked":["Tempest","Chill"],"picked":"Beam Cell","floor":0},{"not_picked":["Stack","Coolheaded"],"picked":"Turbo","floor":0},{"not_picked":["Ball Lightning","Cold Snap"],"picked":"Scrape","floor":0},{"not_picked":["Sunder","Sweeping Beam"],"picked":"Leap","floor":0},{"not_picked":["Skim","Barrage"],"picked":"Gash","floor":0},{"not_picked":["Fusion","Streamline"],"picked":"Gash","floor":0},{"not_picked":["Reprogram","Barrage"],"picked":"Conserve Battery","floor":0},{"not_picked":["Steam","Recycle","Turbo"],"picked":"SKIP","floor":1},{"not_picked":["Go for the Eyes","Chill"],"picked":"Scrape","floor":4},{"not_picked":["Cold Snap","Recycle","Force Field"],"picked":"SKIP","floor":7},{"not_picked":["Melter","Storm","Sweeping Beam"],"picked":"SKIP","floor":10},{"not_picked":["White Noise","Melter","BootSequence"],"picked":"SKIP","floor":13},{"not_picked":["Compile Driver","Sweeping Beam","Steam"],"picked":"SKIP","floor":14},{"not_picked":["Fission","Seek"],"picked":"Echo Form","floor":16},{"not_picked":["Stack+1","Undo","Ball Lightning"],"picked":"SKIP","floor":18},{"not_picked":["Cold Snap","Double Energy"],"picked":"White Noise+1","floor":19},{"not_picked":["Barrage","Coolheaded","Meteor Strike"],"picked":"SKIP","floor":21},{"not_picked":["Double Energy","Chill","Compile Driver"],"picked":"SKIP","floor":22},{"not_picked":["Cold Snap","Beam Cell+1"],"picked":"Gash","floor":23},{"not_picked":["Steam","Doom and Gloom","Steam Power"],"picked":"SKIP","floor":25},{"not_picked":["Coolheaded","Stack","Ball Lightning+1"],"picked":"SKIP","floor":28},{"not_picked":["Force Field","Beam Cell","Hello World"],"picked":"SKIP","floor":29},{"not_picked":["Ball Lightning","Hologram","Reinforced Body+1"],"picked":"SKIP","floor":30},{"not_picked":["Fission","Melter+1","Compile Driver"],"picked":"SKIP","floor":31},{"not_picked":["Multi-Cast","Core Surge"],"picked":"Creative AI","floor":33},{"not_picked":["BootSequence+1","Cold Snap+1","Barrage+1"],"picked":"SKIP","floor":35},{"not_picked":["Rebound","Glacier+1"],"picked":"Gash+1","floor":37},{"not_picked":["Redo+1","Stack+1","Beam Cell"],"picked":"Singing Bowl","floor":38},{"not_picked":["Streamline+1","Coolheaded","Electrodynamics"],"picked":"Singing Bowl","floor":39},{"not_picked":["Streamline","Conserve Battery+1","Beam Cell+1"],"picked":"Singing Bowl","floor":40},{"not_picked":["Hologram+1","Go for the Eyes+1","Barrage+1"],"picked":"Singing Bowl","floor":41},{"not_picked":["Steam Power","Fission","Fusion"],"picked":"Singing Bowl","floor":42},{"not_picked":["Genetic Algorithm+1","Melter+1","Steam"],"picked":"Singing Bowl","floor":44},{"not_picked":["Bandage Up","Thinking Ahead","Dramatic Entrance"],"picked":"Singing Bowl","floor":45}],"player_experience":228170,"relics_obtained":[{"floor":9,"key":"DataDisk"},{"floor":10,"key":"Orichalcum"},{"floor":13,"key":"Bag of Marbles"},{"floor":23,"key":"Blood Vial"},{"floor":25,"key":"Bird Faced Urn"},{"floor":26,"key":"War Paint"},{"floor":29,"key":"Gambling Chip"},{"floor":40,"key":"Meat on the Bone"},{"floor":40,"key":"Shuriken"},{"floor":42,"key":"Happy Flower"},{"floor":42,"key":"Boot"},{"floor":43,"key":"Darkstone Periapt"},{"floor":47,"key":"Omamori"}],"event_choices":[{"event_name":"The Woman in Blue","player_choice":"Bought 0 Potions","floor":2,"damage_taken":0},{"event_name":"FaceTrader","player_choice":"Trade","floor":3,"damage_taken":0},{"event_name":"The Cleric","player_choice":"Card Removal","floor":5,"damage_taken":0},{"event_name":"Nest","player_choice":"Stole From Cult","floor":24,"damage_taken":0},{"event_name":"SensoryStone","player_choice":"Memory 1","floor":45,"damage_taken":0},{"event_name":"Upgrade Shrine","player_choice":"Upgraded","floor":48,"damage_taken":0}],"boss_relics":[{"not_picked":["Lizard Tail","Runic Dome"],"picked":"Fusion Hammer"},{"not_picked":["Orrery","Snecko Eye"],"picked":"Black Star"}],"items_purged_floors":[],"is_endless":false,"potions_floor_spawned":[4,14,16,18,21,25,30,33,37,38,41,44],"ascension_level":0}