{"gold_per_floor":[119,119,131,141,66,66,96,66,66,99,99,109,34,53,53,131,131,150,170,170,183,17,17,17,17,17,17,45,76,122,34,34,109,109,119,119,134,144,19,38,38,38,61,61,116,147,147,66,66,66],"floor_reached":51,"playtime":3430,"items_purged":["Strike_G","Decay","Strike_G"],"score":1323,"play_id":"70e32208-7469-4334-b480-3c2e89c9c56d","local_time":"20181227231447","is_ascension_mode":true,"campfire_choices":[{"data":"Neutralize","floor":6,"key":"SMITH"},{"data":"Crippling Poison","floor":11,"key":"SMITH"},{"floor":15,"key":"REST"},{"floor":24,"key":"REST"},{"data":"Wraith Form v2","floor":27,"key":"SMITH"},{"floor":32,"key":"REST"},{"data":"Wraith Form v2","floor":41,"key":"SMITH"},{"data":"Wraith Form v2","floor":47,"key":"SMITH"},{"data":"Catalyst","floor":49,"key":"SMITH"}],"neow_cost":"TEN_PERCENT_HP_LOSS","seed_source_timestamp":362577520246602,"circlet_count":0,"master_deck":["AscendersBane","Defend_G","Defend_G","Defend_G","Defend_G","Defend_G","Strike_G","Strike_G","Survivor","Neutralize+1","PiercingWail","After Image","Dagger Spray","Crippling Poison+1","Caltrops","Corpse Explosion","Noxious Fumes","Wraith Form v2+1","Backflip","Malaise","Leg Sweep","Crippling Poison+1","Catalyst+1","Wraith Form v2+1","Burst","Deadly Poison+1","PiercingWail+1","Bouncing Flask+1","Wraith Form v2+1","Crippling Poison+1","Sadistic Nature","Catalyst+1"],"relics":["Ring of the Snake","Prayer Wheel","Ornamental Fan","Pear","The Specimen","Runic Pyramid","Snake Skull","Darkstone Periapt","MawBank","Bird Faced Urn","Velvet Choker","Orichalcum","Tough Bandages","Frozen Egg 2"],"potions_floor_usage":[8,10,10,19,23,30,30,33,38],"damage_taken":[{"damage":6,"enemies":"2 Louse","floor":1,"turns":5},{"damage":2,"enemies":"Cultist","floor":3,"turns":5},{"damage":1,"enemies":"Small Slimes","floor":4,"turns":3},{"damage":23,"enemies":"3 Sentries","floor":7,"turns":9},{"damage":8,"enemies":"Gremlin Nob","floor":10,"turns":4},{"damage":1,"enemies":"Looter","floor":12,"turns":4},{"damage":22,"enemies":"Exordium Thugs","floor":14,"turns":4},{"damage":15,"enemies":"The Guardian","floor":16,"turns":12},{"damage":2,"enemies":"Chosen","floor":18,"turns":7},{"damage":23,"enemies":"2 Thieves","floor":19,"turns":5},{"damage":8,"enemies":"Snake Plant","floor":21,"turns":7},{"damage":27,"enemies":"Colosseum Slavers","floor":23,"turns":4},{"damage":10,"enemies":"Slavers","floor":28,"turns":4},{"damage":9,"enemies":"Sentry and Sphere","floor":29,"turns":5},{"damage":16,"enemies":"Book of Stabbing","floor":30,"turns":7},{"damage":15,"enemies":"Champ","floor":33,"turns":10},{"damage":9,"enemies":"Orb Walker","floor":35,"turns":6},{"damage":5,"enemies":"3 Shapes","floor":37,"turns":4},{"damage":8,"enemies":"3 Darklings","floor":38,"turns":4},{"damage":1,"enemies":"Sphere and 2 Shapes","floor":40,"turns":4},{"damage":0,"enemies":"2 Orb Walkers","floor":45,"turns":5},{"damage":0,"enemies":"Giant Head","floor":46,"turns":8},{"damage":21,"enemies":"Time Eater","floor":50,"turns":7}],"seed_played":"7463049002804134220","potions_obtained":[{"floor":4,"key":"FearPotion"},{"floor":8,"key":"Fruit Juice"},{"floor":8,"key":"GamblersBrew"},{"floor":14,"key":"LiquidBronze"},{"floor":16,"key":"Poison Potion"},{"floor":21,"key":"Regen Potion"},{"floor":29,"key":"LiquidBronze"},{"floor":30,"key":"Poison Potion"},{"floor":37,"key":"Regen Potion"},{"floor":46,"key":"PowerPotion"}],"is_trial":false,"path_per_floor":["M","?","M","M","?","R","E","?","T","E","R","M","$","M","R","B",null,"M","M","?","M","$","?","R","?","T","R","E","M","E","$","R","B",null,"M","?","M","M","$","M","R","?","T","?","?","E","R","$","R","B",null],"character_chosen":"THE_SILENT","items_purchased":["Snake Skull","Ancient Potion"],"campfire_rested":3,"item_purchase_floors":[22,48],"current_hp_per_floor":[53,53,51,50,50,50,27,32,42,34,34,33,33,11,33,18,61,59,36,36,28,28,15,37,37,37,37,27,18,2,2,24,19,61,60,60,61,71,71,71,71,66,66,66,71,71,71,71,71,54],"gold":66,"neow_bonus":"ONE_RARE_RELIC","is_prod":false,"is_daily":false,"chose_seed":false,"campfire_upgraded":6,"win_rate":0,"timestamp":1545948887,"path_taken":["M","?","M","?","?","R","E","?","T","E","R","M","$","M","R","BOSS","M","M","?","M","$","?","R","?","T","R","E","M","E","?","R","BOSS","M","?","M","M","$","M","R","?","T","?","?","E","R","$","R","BOSS"],"build_version":"2018-12-20","purchased_purges":3,"victory":true,"max_hp_per_floor":[60,60,60,60,60,60,60,65,75,75,75,75,75,75,75,75,75,75,75,75,75,75,75,75,75,75,75,75,75,75,75,75,75,75,75,71,71,71,71,71,71,71,71,71,71,71,71,71,71,71],"card_choices":[{"not_picked":["Cloak And Dagger","Terror"],"picked":"Poisoned Stab","floor":1},{"not_picked":["Finisher","Flying Knee"],"picked":"PiercingWail","floor":1},{"not_picked":["Backstab","Backflip"],"picked":"Dagger Spray","floor":3},{"not_picked":["Slice","Dagger Throw","Dodge and Roll"],"picked":"SKIP","floor":3},{"not_picked":["Slice","Dagger Throw","Dodge and Roll"],"picked":"SKIP","floor":3},{"not_picked":["Dagger Throw","Prepared"],"picked":"Crippling Poison","floor":4},{"not_picked":["Blade Dance","Underhanded Strike","Dagger Spray"],"picked":"SKIP","floor":4},{"not_picked":["Blade Dance","Underhanded Strike","Dagger Spray"],"picked":"SKIP","floor":4},{"not_picked":["Bane","Setup"],"picked":"Caltrops","floor":7},{"not_picked":["Quick Slash","Prepared"],"picked":"Corpse Explosion","floor":10},{"not_picked":["Acrobatics","PiercingWail"],"picked":"Noxious Fumes","floor":12},{"not_picked":["Dagger Spray","Setup","Prepared"],"picked":"SKIP","floor":12},{"not_picked":["Sucker Punch","PiercingWail"],"picked":"Wraith Form v2","floor":14},{"not_picked":["Distraction","PiercingWail"],"picked":"Backflip","floor":14},{"not_picked":["Venomology","After Image"],"picked":"Malaise","floor":16},{"not_picked":["Acrobatics","Dagger Spray+1"],"picked":"Leg Sweep","floor":18},{"not_picked":["Flying Knee","Dodge and Roll","Sucker Punch"],"picked":"SKIP","floor":18},{"not_picked":["Heel Hook","Dagger Throw"],"picked":"Crippling Poison+1","floor":19},{"not_picked":["Underhanded Strike","Prepared"],"picked":"Catalyst+1","floor":19},{"not_picked":["Backstab","Noxious Fumes"],"picked":"Wraith Form v2","floor":21},{"not_picked":["Skewer","Dagger Spray","Backstab"],"picked":"SKIP","floor":21},{"not_picked":["Cloak And Dagger","Deflect","Underhanded Strike+1"],"picked":"SKIP","floor":28},{"not_picked":["Prepared","Bane","All Out Attack+1"],"picked":"SKIP","floor":29},{"not_picked":["Prepared","Underhanded Strike+1","Deflect"],"picked":"SKIP","floor":29},{"not_picked":["PiercingWail","Infinite Blades","Underhanded Strike"],"picked":"SKIP","floor":30},{"not_picked":["Storm of Steel","Grand Finale"],"picked":"Burst","floor":33},{"not_picked":["Underhanded Strike","Caltrops+1"],"picked":"Deadly Poison+1","floor":35},{"not_picked":["Sucker Punch","Eviscerate+1"],"picked":"PiercingWail+1","floor":35},{"not_picked":["Dodge and Roll","Poisoned Stab","Flying Knee+1"],"picked":"SKIP","floor":37},{"not_picked":["Flying Knee","Underhanded Strike+1","Backstab"],"picked":"SKIP","floor":37},{"not_picked":["Poisoned Stab","Flechettes+1"],"picked":"Bouncing Flask+1","floor":38},{"not_picked":["Poisoned Stab","Backflip"],"picked":"Wraith Form v2","floor":38},{"not_picked":["Poisoned Stab","Predator"],"picked":"Crippling Poison+1","floor":40},{"not_picked":["Quick Slash","PiercingWail","Caltrops"],"picked":"SKIP","floor":40},{"not_picked":["Good Instincts","Impatience"],"picked":"Sadistic Nature","floor":42},{"not_picked":["Deflect","Poisoned Stab"],"picked":"Catalyst","floor":46}],"player_experience":729415,"relics_obtained":[{"floor":7,"key":"Ornamental Fan"},{"floor":9,"key":"Pear"},{"floor":10,"key":"The Specimen"},{"floor":26,"key":"Darkstone Periapt"},{"floor":28,"key":"MawBank"},{"floor":30,"key":"Bird Faced Urn"},{"floor":43,"key":"Orichalcum"},{"floor":45,"key":"Tough Bandages"},{"floor":46,"key":"Frozen Egg 2"}],"event_choices":[{"damage_healed":0,"gold_gain":0,"player_choice":"1 cards matched","damage_taken":0,"max_hp_gain":0,"max_hp_loss":0,"event_name":"Match and Keep!","floor":2,"gold_loss":0,"cards_obtained":["After Image"]},{"cards_removed":["Strike_G"],"damage_healed":0,"gold_gain":0,"player_choice":"Card Removal","damage_taken":0,"max_hp_gain":0,"max_hp_loss":0,"event_name":"The Cleric","floor":5,"gold_loss":75},{"damage_healed":0,"gold_gain":0,"player_choice":"Bought 2 Potions","damage_taken":0,"max_hp_gain":0,"max_hp_loss":0,"event_name":"The Woman in Blue","floor":8,"gold_loss":0},{"damage_healed":0,"gold_gain":0,"player_choice":"Smashed Altar","damage_taken":0,"max_hp_gain":0,"max_hp_loss":0,"event_name":"Forgotten Altar","floor":20,"gold_loss":0,"cards_obtained":["Decay"]},{"damage_healed":0,"gold_gain":0,"player_choice":"Fight","damage_taken":0,"max_hp_gain":0,"max_hp_loss":0,"event_name":"Colosseum","floor":23,"gold_loss":0},{"damage_healed":0,"gold_gain":0,"player_choice":"Fled From Nobs","damage_taken":0,"max_hp_gain":0,"max_hp_loss":0,"event_name":"Colosseum","floor":23,"gold_loss":0},{"damage_healed":0,"gold_gain":0,"player_choice":"Ignored","damage_taken":0,"max_hp_gain":0,"max_hp_loss":0,"event_name":"The Mausoleum","floor":25,"gold_loss":0},{"damage_healed":0,"gold_gain":0,"player_choice":"Max HP","damage_taken":0,"max_hp_gain":0,"max_hp_loss":4,"event_name":"Winding Halls","floor":36,"gold_loss":0},{"damage_healed":0,"gold_gain":0,"player_choice":"Memory 2","damage_taken":5,"max_hp_gain":0,"max_hp_loss":0,"event_name":"SensoryStone","floor":42,"gold_loss":0},{"cards_removed":["Poisoned Stab"],"damage_healed":0,"gold_gain":0,"player_choice":"Removed Attack","damage_taken":0,"max_hp_gain":0,"max_hp_loss":0,"event_name":"Falling","floor":44,"gold_loss":0},{"damage_healed":0,"gold_gain":0,"player_choice":"Fight","damage_taken":0,"max_hp_gain":0,"max_hp_loss":0,"event_name":"Mysterious Sphere","floor":45,"gold_loss":0}],"is_beta":false,"boss_relics":[{"not_picked":["Tiny House","HoveringKite"],"picked":"Runic Pyramid"},{"not_picked":["Busted Crown","Eternal Feather"],"picked":"Velvet Choker"}],"items_purged_floors":[13,31,39],"is_endless":false,"potions_floor_spawned":[4,14,16,21,29,30,37,46],"ascension_level":16}