{"gold_per_floor":[116,116,126,140,157,191,191,224,273,291,291,318,318,318,318,414,464,477,491,12,31,130,130,149,149,223,223,223,235,235,254,254,354,354,364,21,36,36,56,56,68,68,120,25,37,37,37,54,54,54],"floor_reached":50,"playtime":3610,"items_purged":[],"score":589,"play_id":"45228b0b-dd7d-4976-ab73-850cb4eef62b","local_time":"20190123205151","is_ascension_mode":false,"campfire_choices":[{"floor":7,"key":"REST"},{"floor":11,"key":"REST"},{"floor":13,"key":"REST"},{"floor":15,"key":"REST"},{"floor":23,"key":"REST"},{"floor":28,"key":"REST"},{"floor":30,"key":"REST"},{"floor":32,"key":"REST"},{"floor":40,"key":"REST"},{"floor":42,"key":"REST"},{"floor":46,"key":"REST"},{"floor":49,"key":"REST"}],"neow_cost":"","seed_source_timestamp":1220285114620307,"circlet_count":0,"master_deck":["Strike_R","Strike_R","Strike_R","Strike_R","Strike_R","Defend_R+1","Defend_R","Defend_R","Defend_R","Bash","Pommel Strike","Rupture","Bloodletting","Body Slam","Twin Strike","Demon Form","Perfected Strike","Twin Strike","Perfected Strike","Iron Wave+1","Iron Wave","Metamorphosis","Panacea","Rampage","Fire Breathing","Sword Boomerang+1","Flame Barrier","Warcry","Reaper","Flex+1","Perfected Strike","Iron Wave","Combust","Iron Wave","Discovery","Power Through","Writhe","Perfected Strike+1"],"relics":["Burning Blood","Paper Frog","Ornamental Fan","Red Skull","Potion Belt","Strawberry","Tiny House","Anchor","Bottled Lightning","Peace Pipe","Fusion Hammer","Lee\u0027s Waffle","Vajra","Pen Nib"],"potions_floor_usage":[6,8,8,8,24,24,24,24,24,33,33,33,33,33,50,50],"damage_taken":[{"damage":13,"enemies":"2 Louse","floor":1,"turns":2},{"damage":5,"enemies":"Jaw Worm","floor":3,"turns":6},{"damage":5,"enemies":"Cultist","floor":4,"turns":4},{"damage":21,"enemies":"Exordium Wildlife","floor":5,"turns":5},{"damage":32,"enemies":"Lagavulin","floor":6,"turns":6},{"damage":36,"enemies":"3 Sentries","floor":8,"turns":7},{"damage":19,"enemies":"Lots of Slimes","floor":10,"turns":5},{"damage":30,"enemies":"Gremlin Nob","floor":12,"turns":4},{"damage":58,"enemies":"The Guardian","floor":16,"turns":6},{"damage":38,"enemies":"3 Byrds","floor":18,"turns":6},{"damage":27,"enemies":"Shell Parasite","floor":19,"turns":3},{"damage":25,"enemies":"Snecko","floor":21,"turns":4},{"damage":47,"enemies":"Shelled Parasite and Fungi","floor":24,"turns":5},{"damage":8,"enemies":"Centurion and Healer","floor":29,"turns":4},{"damage":21,"enemies":"Chosen and Byrds","floor":31,"turns":6},{"damage":65,"enemies":"Champ","floor":33,"turns":12},{"damage":50,"enemies":"3 Darklings","floor":35,"turns":6},{"damage":36,"enemies":"Orb Walker","floor":37,"turns":4},{"damage":44,"enemies":"Jaw Worm Horde","floor":39,"turns":5},{"damage":83,"enemies":"3 Darklings","floor":41,"turns":5},{"damage":54,"enemies":"Spire Growth","floor":45,"turns":5},{"damage":15,"enemies":"Sphere and 2 Shapes","floor":48,"turns":5},{"damage":91,"enemies":"Awakened One","floor":50,"turns":5}],"seed_played":"6513803808605808365","potions_obtained":[{"floor":3,"key":"BloodPotion"},{"floor":4,"key":"Ancient Potion"},{"floor":5,"key":"PowerPotion"},{"floor":6,"key":"Weak Potion"},{"floor":16,"key":"LiquidBronze"},{"floor":17,"key":"EntropicBrew"},{"floor":18,"key":"SpeedPotion"},{"floor":24,"key":"SpeedPotion"},{"floor":29,"key":"SpeedPotion"},{"floor":31,"key":"Strength Potion"},{"floor":35,"key":"AttackPotion"},{"floor":48,"key":"SkillPotion"}],"is_trial":false,"path_per_floor":["M","?","M","M","M","E","R","E","T","M","R","E","R","?","R","B",null,"M","M","$","M","?","R","M","?","T","T","R","M","R","M","R","B",null,"M","$","M","?","M","R","M","R","T","$","M","R","?","M","R","B"],"character_chosen":"IRONCLAD","items_purchased":["Metamorphosis","Panacea","Rampage","Anchor","Lee\u0027s Waffle","Vajra","Discovery"],"campfire_rested":12,"item_purchase_floors":[20,20,20,20,36,36,44],"current_hp_per_floor":[73,78,79,80,65,39,64,42,42,29,54,30,55,50,77,25,97,65,44,44,25,25,54,13,4,4,4,33,31,60,45,74,15,97,53,104,89,89,58,89,27,58,58,58,10,41,67,58,89,0],"gold":54,"neow_bonus":"","is_prod":false,"is_daily":false,"chose_seed":false,"campfire_upgraded":0,"win_rate":0.0,"timestamp":1548283911,"path_taken":["M","?","M","M","M","E","R","E","T","M","R","E","R","?","R","BOSS","M","M","$","M","?","R","M","?","T","?","R","M","R","?","R","BOSS","M","$","M","?","M","R","?","R","T","$","M","R","?","M","R","BOSS"],"build_version":"2019-01-23","purchased_purges":0,"victory":false,"max_hp_per_floor":[80,85,85,85,85,85,85,85,85,85,85,85,85,92,92,92,97,97,97,97,97,97,97,97,97,97,97,97,97,97,97,97,97,97,97,104,104,104,104,104,104,104,104,104,104,104,104,104,104,104],"card_choices":[{"not_picked":["Perfected Strike","Feel No Pain"],"picked":"Pommel Strike","floor":1},{"not_picked":["Clothesline","Anger"],"picked":"Rupture","floor":3},{"not_picked":["Headbutt","Corruption"],"picked":"Bloodletting","floor":4},{"not_picked":["Sever Soul","Clash"],"picked":"Body Slam","floor":5},{"not_picked":["Clash","Anger"],"picked":"Twin Strike","floor":6},{"not_picked":["Power Through","Iron Wave"],"picked":"Demon Form","floor":8},{"not_picked":["Shrug It Off","Disarm"],"picked":"Perfected Strike","floor":10},{"not_picked":["Perfected Strike","Clothesline"],"picked":"Twin Strike","floor":12},{"not_picked":["Fiend Fire","Juggernaut"],"picked":"Feed","floor":16},{"not_picked":["Feel No Pain","Reckless Charge"],"picked":"Perfected Strike","floor":17},{"not_picked":["Clothesline","Anger+1"],"picked":"Iron Wave+1","floor":18},{"not_picked":["True Grit","Anger"],"picked":"Iron Wave","floor":19},{"not_picked":["Sword Boomerang","Clash"],"picked":"Fire Breathing","floor":21},{"not_picked":["Warcry","Ghostly Armor"],"picked":"Sword Boomerang+1","floor":24},{"not_picked":["Thunderclap","Entrench"],"picked":"Flame Barrier","floor":29},{"not_picked":["Entrench","Perfected Strike"],"picked":"Warcry","floor":31},{"not_picked":["Juggernaut","Dark Embrace"],"picked":"Reaper","floor":33},{"not_picked":["Entrench","Twin Strike+1"],"picked":"Flex+1","floor":35},{"not_picked":["Headbutt","Cleave+1"],"picked":"Perfected Strike","floor":37},{"not_picked":["Juggernaut","Body Slam"],"picked":"Combust","floor":39},{"not_picked":["Thunderclap+1","Corruption+1"],"picked":"Iron Wave","floor":41},{"not_picked":["Whirlwind+1","Feel No Pain"],"picked":"Power Through","floor":45},{"not_picked":["Clothesline+1","Carnage"],"picked":"Perfected Strike+1","floor":48}],"player_experience":0,"relics_obtained":[{"floor":6,"key":"Paper Frog"},{"floor":8,"key":"Ornamental Fan"},{"floor":9,"key":"Red Skull"},{"floor":12,"key":"Potion Belt"},{"floor":26,"key":"Bottled Lightning"},{"floor":27,"key":"Peace Pipe"},{"floor":43,"key":"Pen Nib"}],"event_choices":[{"damage_healed":0,"gold_gain":0,"player_choice":"Donut","damage_taken":0,"max_hp_gain":5,"max_hp_loss":0,"event_name":"Big Fish","floor":2,"gold_loss":0},{"damage_healed":0,"gold_gain":0,"player_choice":"Success","damage_taken":12,"relics_obtained":["Strawberry"],"max_hp_gain":0,"max_hp_loss":0,"event_name":"Scrap Ooze","floor":14,"gold_loss":0},{"damage_healed":0,"gold_gain":99,"player_choice":"Stole From Cult","damage_taken":0,"max_hp_gain":0,"max_hp_loss":0,"event_name":"Nest","floor":22,"gold_loss":0},{"damage_healed":0,"gold_gain":0,"player_choice":"Stopped","damage_taken":9,"max_hp_gain":0,"max_hp_loss":0,"event_name":"Cursed Tome","floor":25,"gold_loss":0},{"damage_healed":0,"gold_gain":0,"cards_transformed":["Feed"],"player_choice":"Transformed","damage_taken":0,"max_hp_gain":0,"max_hp_loss":0,"event_name":"Transmorgrifier","floor":38,"gold_loss":0,"cards_obtained":["Iron Wave"]},{"damage_healed":26,"gold_gain":0,"player_choice":"Writhe","damage_taken":0,"max_hp_gain":0,"max_hp_loss":0,"event_name":"Winding Halls","floor":47,"gold_loss":0,"cards_obtained":["Writhe"]}],"is_beta":false,"boss_relics":[{"not_picked":["Runic Dome","Snecko Eye"],"picked":"Tiny House"},{"not_picked":["Sozu","Philosopher\u0027s Stone"],"picked":"Fusion Hammer"}],"items_purged_floors":[],"is_endless":false,"potions_floor_spawned":[3,4,5,6,16,18,24,29,31,35,48],"killed_by":"Awakened One","ascension_level":0}