{"gold_per_floor":[111,128,128,128,144,144,187,201,275,291,327,8,8,21,21,140,140,133,152,152,173,198,198],"floor_reached":23,"playtime":1352,"items_purged":["Strike_G"],"score":308,"play_id":"7139b318-4562-41a4-bdb2-a0d836e35023","local_time":"20181210020007","is_ascension_mode":true,"campfire_choices":[{"data":"Neutralize","floor":6,"key":"SMITH"},{"floor":13,"key":"REST"},{"floor":15,"key":"REST"}],"neow_cost":"NONE","seed_source_timestamp":19644193262484,"circlet_count":0,"master_deck":["AscendersBane","Defend_G","Defend_G","Defend_G","Defend_G","Defend_G","Strike_G","Strike_G","Strike_G","Survivor","Neutralize+1","Backflip","Cloak And Dagger","Crippling Poison","Quick Slash","Poisoned Stab","Cloak And Dagger","After Image","Deflect","A Thousand Cuts","Die Die Die","Impatience","Deadly Poison","Backstab"],"relics":["Ring of the Snake","NeowsBlessing","Golden Idol","The Specimen","Darkstone Periapt","Regal Pillow","Blue Candle","Velvet Choker"],"potions_floor_usage":[11,11,21,22],"damage_taken":[{"damage":0,"enemies":"Cultist","floor":1,"turns":1},{"damage":0,"enemies":"2 Louse","floor":2,"turns":1},{"damage":0,"enemies":"Small Slimes","floor":5,"turns":1},{"damage":23,"enemies":"3 Sentries","floor":7,"turns":15},{"damage":5,"enemies":"3 Louse","floor":8,"turns":3},{"damage":6,"enemies":"Lots of Slimes","floor":10,"turns":3},{"damage":20,"enemies":"Gremlin Nob","floor":11,"turns":4},{"damage":3,"enemies":"Blue Slaver","floor":14,"turns":5},{"damage":68,"enemies":"Hexaghost","floor":16,"turns":20},{"damage":14,"enemies":"2 Thieves","floor":18,"turns":4},{"damage":8,"enemies":"Shell Parasite","floor":19,"turns":9},{"damage":16,"enemies":"3 Cultists","floor":21,"turns":5},{"damage":13,"enemies":"Snecko","floor":22,"turns":6},{"damage":7,"enemies":"Slavers","floor":23,"turns":1}],"seed_played":"-8059845241643109343","potions_obtained":[{"floor":2,"key":"Explosive Potion"},{"floor":7,"key":"Regen Potion"},{"floor":11,"key":"Ancient Potion"},{"floor":16,"key":"Fire Potion"},{"floor":19,"key":"Swift Potion"},{"floor":22,"key":"Strength Potion"}],"is_trial":false,"path_per_floor":["M","M","?","?","M","R","E","M","T","M","E","$","R","M","R","B",null,"M","M","?","M","M","E"],"character_chosen":"THE_SILENT","items_purchased":["Blue Candle"],"campfire_rested":2,"item_purchase_floors":[12],"current_hp_per_floor":[63,63,63,46,46,46,23,18,18,12,6,6,42,39,70,2,53,39,31,31,15,2,0],"gold":198,"neow_bonus":"THREE_ENEMY_KILL","is_prod":false,"is_daily":false,"chose_seed":false,"campfire_upgraded":1,"win_rate":0,"timestamp":1544403607,"path_taken":["M","?","?","?","M","R","E","M","T","M","E","$","R","M","R","BOSS","M","M","?","?","M","E"],"build_version":"2018-12-06","purchased_purges":1,"victory":false,"max_hp_per_floor":[70,70,70,70,70,70,70,70,70,70,70,70,70,70,70,70,70,70,70,70,70,70,70],"card_choices":[{"not_picked":["Acrobatics","Endless Agony"],"picked":"Backflip","floor":1},{"not_picked":["Masterful Stab","Eviscerate"],"picked":"Cloak And Dagger","floor":2},{"not_picked":["Cloak And Dagger","Acrobatics"],"picked":"Crippling Poison","floor":5},{"not_picked":["Phantasmal Killer","Skewer"],"picked":"Quick Slash","floor":7},{"not_picked":["Distraction","Blade Dance"],"picked":"Poisoned Stab","floor":8},{"not_picked":["Endless Agony","Deadly Poison"],"picked":"Cloak And Dagger","floor":10},{"not_picked":["Deadly Poison","Backflip"],"picked":"After Image","floor":11},{"not_picked":["Outmaneuver","Blade Dance"],"picked":"Deflect","floor":14},{"not_picked":["Venomology","Malaise"],"picked":"A Thousand Cuts","floor":16},{"not_picked":["Flechettes","Quick Slash","Sucker Punch"],"picked":"SKIP","floor":18},{"not_picked":["Distraction","Underhanded Strike","Slice+1"],"picked":"SKIP","floor":19},{"not_picked":["Accuracy+1","Cloak And Dagger+1"],"picked":"Deadly Poison","floor":21},{"not_picked":["Underhanded Strike","Dagger Throw+1"],"picked":"Backstab","floor":22}],"player_experience":534414,"relics_obtained":[{"floor":7,"key":"The Specimen"},{"floor":9,"key":"Darkstone Periapt"},{"floor":11,"key":"Regal Pillow"}],"event_choices":[{"cards_removed":["Strike_G"],"damage_healed":0,"gold_gain":0,"player_choice":"Forget","damage_taken":0,"max_hp_gain":0,"max_hp_loss":0,"event_name":"Living Wall","floor":3,"gold_loss":0},{"damage_healed":0,"gold_gain":0,"player_choice":"Take Damage","damage_taken":17,"relics_obtained":["Golden Idol"],"max_hp_gain":0,"max_hp_loss":0,"event_name":"Golden Idol","floor":4,"gold_loss":0},{"damage_healed":0,"gold_gain":0,"player_choice":"2 cards matched","damage_taken":0,"max_hp_gain":0,"max_hp_loss":0,"event_name":"Match and Keep!","floor":20,"gold_loss":0,"cards_obtained":["Die Die Die","Impatience"]}],"is_beta":false,"boss_relics":[{"not_picked":["Black Star","Astrolabe"],"picked":"Velvet Choker"}],"items_purged_floors":[12],"is_endless":false,"potions_floor_spawned":[2,7,11,16,19,22],"killed_by":"Slavers","ascension_level":10}