{"gold_per_floor":[219,21,21,35,35,35,53,53,79,96,125,125,158,170,170,249,249,261,261],"floor_reached":19,"playtime":2421,"items_purged":["Strike_G"],"score":310,"play_id":"fc2ead18-41b7-4c2c-9889-1e8a133d9a8f","local_time":"20190131221801","is_ascension_mode":true,"campfire_choices":[{"data":"Neutralize","floor":6.0,"key":"SMITH"},{"data":"Predator","floor":8.0,"key":"SMITH"},{"floor":12.0,"key":"REST"},{"floor":15.0,"key":"REST"}],"neow_cost":"NONE","seed_source_timestamp":805684269037449,"circlet_count":0,"master_deck":["AscendersBane","Defend_G+1","Defend_G","Defend_G","Defend_G","Defend_G+1","Strike_G","Strike_G","Survivor","Neutralize+1","Well Laid Plans","Footwork","Predator+1","Bouncing Flask","Footwork","Skewer","Dodge and Roll","Leg Sweep"],"special_seed":0,"relics":["Ring of the Snake","Matryoshka","Ancient Tea Set","War Paint","Art of War","Shovel","Empty Cage"],"potions_floor_usage":[],"damage_taken":[{"damage":18.0,"enemies":"Jaw Worm","floor":1.0,"turns":8.0},{"damage":0.0,"enemies":"2 Louse","floor":4.0,"turns":4.0},{"damage":0.0,"enemies":"Cultist","floor":7.0,"turns":5.0},{"damage":0.0,"enemies":"Looter","floor":10.0,"turns":3.0},{"damage":16.0,"enemies":"3 Sentries","floor":11.0,"turns":9.0},{"damage":10.0,"enemies":"Lagavulin","floor":13.0,"turns":7.0},{"damage":0.0,"enemies":"3 Louse","floor":14.0,"turns":4.0},{"damage":14.0,"enemies":"Slime Boss","floor":16.0,"turns":9.0},{"damage":5.0,"enemies":"Spheric Guardian","floor":18.0,"turns":16.0},{"damage":59,"enemies":"Masked Bandits","floor":19,"turns":3}],"seed_played":"-3380142898209490251","potions_obtained":[{"floor":1.0,"key":"SmokeBomb"},{"floor":5.0,"key":"Strength Potion"},{"floor":13.0,"key":"SteroidPotion"}],"is_trial":false,"path_per_floor":["M","$","?","M","?","R","M","R","T","M","E","R","E","M","R","B",null,"M","?"],"character_chosen":"THE_SILENT","items_purchased":["Footwork","FearPotion"],"campfire_rested":2,"item_purchase_floors":[2,2],"current_hp_per_floor":[41,41,30,30,30,30,30,30,30,30,14,33,23,23,42,28,57,52,0],"gold":261,"neow_bonus":"HUNDRED_GOLD","is_prod":false,"is_daily":false,"chose_seed":false,"campfire_upgraded":2,"win_rate":0,"timestamp":1548969481,"path_taken":["M","$","?","M","?","R","M","R","T","M","E","R","E","?","R","BOSS","M","?"],"build_version":"2019-01-23","purchased_purges":1,"victory":false,"max_hp_per_floor":[66,66,66,66,66,66,66,66,66,66,66,66,66,66,66,66,66,66,66],"card_choices":[{"not_picked":["Endless Agony","Heel Hook"],"picked":"Well Laid Plans","floor":1.0},{"not_picked":["Blade Dance","Sucker Punch","Slice"],"picked":"SKIP","floor":4.0},{"not_picked":["Prepared","Cloak And Dagger"],"picked":"Predator","floor":7.0},{"not_picked":["Blade Dance","PiercingWail"],"picked":"Bouncing Flask","floor":10.0},{"not_picked":["Reflex","Accuracy"],"picked":"Footwork","floor":11.0},{"not_picked":["Die Die Die","Finisher"],"picked":"Skewer","floor":13.0},{"not_picked":["Choke","Acrobatics"],"picked":"Dodge and Roll","floor":14.0},{"not_picked":["Prepared","All Out Attack"],"picked":"Leg Sweep","floor":18.0}],"player_experience":1138131,"relics_obtained":[{"floor":9.0,"key":"Ancient Tea Set"},{"floor":9.0,"key":"War Paint"},{"floor":11.0,"key":"Art of War"},{"floor":13.0,"key":"Shovel"}],"event_choices":[{"damage_healed":0.0,"max_hp_gain":0.0,"max_hp_loss":0.0,"gold_gain":0.0,"event_name":"Scrap Ooze","player_choice":"Success","floor":3.0,"gold_loss":0.0,"damage_taken":11.0,"relics_obtained":["Matryoshka"]},{"damage_healed":0.0,"max_hp_gain":0.0,"max_hp_loss":0.0,"gold_gain":0.0,"event_name":"Lab","player_choice":"Got Potions","floor":5.0,"gold_loss":0.0,"damage_taken":0.0},{"damage_healed":0,"gold_gain":0,"player_choice":"Fought Bandits","damage_taken":0,"max_hp_gain":0,"max_hp_loss":0,"event_name":"Masked Bandits","floor":19,"gold_loss":0}],"is_beta":false,"boss_relics":[{"not_picked":["HoveringKite","Busted Crown"],"picked":"Empty Cage"}],"items_purged_floors":[2],"is_endless":false,"potions_floor_spawned":[1,7,11,13],"killed_by":"Masked Bandits","ascension_level":15}