{"gold_per_floor":[360,378,17,36,36,68,87,87,87,162,179,196,212,246,246,350,350,369,31,31,46,46,46,75,90,90,90,107,121,121,121,121,225,225,240,260,274,274,71,101,101,101,127,227,227,262,276,291,291,291],"floor_reached":50,"playtime":1940,"items_purged":["Pain","Defend_R","Defend_R"],"score":659,"play_id":"56fd7e1d-6bf3-41bb-b715-3a039e031a6a","local_time":"20190117204400","is_ascension_mode":false,"campfire_choices":[{"data":"Perfected Strike","floor":8.0,"key":"SMITH"},{"data":"Bash","floor":15.0,"key":"SMITH"},{"data":"Disarm","floor":23,"key":"SMITH"},{"floor":27,"key":"REST"},{"data":"Rupture","floor":32,"key":"SMITH"},{"floor":45,"key":"REST"},{"floor":49,"key":"REST"}],"neow_cost":"CURSE","seed_source_timestamp":184377794402511,"circlet_count":0,"master_deck":["Strike_R","Strike_R","Strike_R","Strike_R","Strike_R","Bash+1","Hemokinesis+1","Perfected Strike+1","Rampage+1","Clothesline+1","Bludgeon+1","Pommel Strike+1","Thunderclap+1","Pummel+1","Twin Strike+1","Rage","Demon Form","Offering","Disarm+1","Pummel+1","Uppercut+1","Flex+1","Clothesline+1","Sword Boomerang+1","Iron Wave+1","Wild Strike+1","Rage+1","Disarm+1","Twin Strike+1","Pommel Strike+1","Immolate+1","Twin Strike+1","Seeing Red+1","Twin Strike+1","Pommel Strike+1","Twin Strike+1","Mayhem","Havoc+1","Pommel Strike+1","Metallicize+1","Wild Strike+1","Disarm+1","Perfected Strike+1"],"special_seed":0,"relics":["Burning Blood","Prayer Wheel","Molten Egg 2","StoneCalendar","Torii","Mark of Pain","Vajra","Dream Catcher","Self Forming Clay","Empty Cage","Paper Frog","Boot","Nunchaku","Pear"],"potions_floor_usage":[24,24,33,33,37,44,46,50,50],"damage_taken":[{"damage":11.0,"enemies":"Jaw Worm","floor":1.0,"turns":3.0},{"damage":5.0,"enemies":"2 Louse","floor":2.0,"turns":2.0},{"damage":3.0,"enemies":"Small Slimes","floor":4.0,"turns":2.0},{"damage":26.0,"enemies":"Gremlin Nob","floor":6.0,"turns":4.0},{"damage":12.0,"enemies":"3 Louse","floor":7.0,"turns":3.0},{"damage":18.0,"enemies":"Gremlin Gang","floor":11.0,"turns":5.0},{"damage":15.0,"enemies":"2 Fungi Beasts","floor":12.0,"turns":3.0},{"damage":12.0,"enemies":"Blue Slaver","floor":13.0,"turns":2.0},{"damage":12.0,"enemies":"3 Sentries","floor":14.0,"turns":4.0},{"damage":25.0,"enemies":"The Guardian","floor":16.0,"turns":9.0},{"damage":8.0,"enemies":"Shell Parasite","floor":18.0,"turns":2.0},{"damage":9,"enemies":"2 Thieves","floor":21,"turns":3},{"damage":35,"enemies":"Gremlin Leader","floor":24,"turns":4},{"damage":13,"enemies":"3 Cultists","floor":25,"turns":4},{"damage":7,"enemies":"Chosen and Byrds","floor":28,"turns":2},{"damage":9,"enemies":"Centurion and Healer","floor":29,"turns":4},{"damage":48,"enemies":"Champ","floor":33,"turns":8},{"damage":15,"enemies":"3 Darklings","floor":35,"turns":6},{"damage":15,"enemies":"Orb Walker","floor":36,"turns":2},{"damage":6,"enemies":"Sphere and 2 Shapes","floor":37,"turns":2},{"damage":30,"enemies":"Nemesis","floor":40,"turns":5},{"damage":17,"enemies":"Mind Bloom Boss Battle","floor":44,"turns":7},{"damage":24,"enemies":"Giant Head","floor":46,"turns":6},{"damage":16,"enemies":"Spire Growth","floor":47,"turns":3},{"damage":17,"enemies":"Maw","floor":48,"turns":6},{"damage":81,"enemies":"Awakened One","floor":50,"turns":7}],"seed_played":"8636624667169630061","potions_obtained":[{"floor":1.0,"key":"Poison Potion"},{"floor":6.0,"key":"Regen Potion"},{"floor":11.0,"key":"Regen Potion"},{"floor":13.0,"key":"SpeedPotion"},{"floor":14.0,"key":"SpeedPotion"},{"floor":16.0,"key":"Explosive Potion"},{"floor":21,"key":"GamblersBrew"},{"floor":25,"key":"Energy Potion"},{"floor":28,"key":"Dexterity Potion"},{"floor":35,"key":"Poison Potion"},{"floor":44,"key":"SkillPotion"},{"floor":47,"key":"Dexterity Potion"},{"floor":48,"key":"SmokeBomb"}],"is_trial":false,"path_per_floor":["M","M","$","M","?","E","M","R","T","?","M","M","M","E","R","B",null,"M","$","?","M","$","R","E","M","T","R","M","M","?","?","R","B",null,"M","M","M","?","$","E","?","?","T","?","R","E","M","M","R","B"],"character_chosen":"IRONCLAD","items_purchased":["Prayer Wheel","Vajra","Uppercut+1","AttackPotion","Regen Potion"],"campfire_rested":3,"item_purchase_floors":[3,19,19,19,39],"current_hp_per_floor":[75,76,76,79,79,59,53,53,53,42,42,33,32,26,26,7,80,78,78,78,75,75,75,46,39,39,63,62,59,59,59,59,17,80,71,62,62,62,62,38,38,38,38,42,66,58,48,37,64,0],"gold":291,"neow_bonus":"TWO_FIFTY_GOLD","is_prod":false,"is_daily":false,"chose_seed":false,"campfire_upgraded":4,"win_rate":0,"timestamp":1547754240,"path_taken":["M","M","$","M","?","E","M","R","T","?","M","M","M","E","R","BOSS","M","$","?","M","$","R","E","M","T","R","M","M","?","?","R","BOSS","M","M","?","?","$","E","?","?","T","?","R","E","M","M","R","BOSS"],"build_version":"2019-01-10","purchased_purges":3,"victory":false,"max_hp_per_floor":[80,80,80,80,80,80,80,80,80,80,80,80,80,80,80,80,80,80,80,80,80,80,80,80,80,80,80,80,80,80,80,80,80,80,80,80,80,80,80,80,80,80,80,80,80,90,90,90,90,90],"card_choices":[{"not_picked":["Thunderclap","Headbutt"],"picked":"Hemokinesis","floor":1.0},{"not_picked":["Anger","Warcry"],"picked":"Perfected Strike","floor":2.0},{"not_picked":["Juggernaut","Sentinel"],"picked":"Rupture","floor":4.0},{"not_picked":["Seeing Red","Clash","Armaments"],"picked":"SKIP","floor":4.0},{"not_picked":["Anger","Intimidate"],"picked":"Rampage","floor":6.0},{"not_picked":["Clash+1","Anger+1"],"picked":"Clothesline+1","floor":7.0},{"not_picked":["Anger+1","Pummel+1"],"picked":"Bludgeon+1","floor":7.0},{"not_picked":["Body Slam+1","True Grit"],"picked":"Pommel Strike+1","floor":11.0},{"not_picked":["Rampage+1","Corruption","Shrug It Off"],"picked":"SKIP","floor":11.0},{"not_picked":["True Grit","Reckless Charge+1"],"picked":"Thunderclap+1","floor":12.0},{"not_picked":["Battle Trance","Havoc"],"picked":"Pummel+1","floor":12.0},{"not_picked":["Cleave+1","Burning Pact"],"picked":"Twin Strike+1","floor":13.0},{"not_picked":["Anger+1","Headbutt+1"],"picked":"Rage","floor":13.0},{"not_picked":["Bloodletting","Metallicize"],"picked":"Demon Form","floor":14.0},{"not_picked":["Exhume","Juggernaut"],"picked":"Offering","floor":16.0},{"not_picked":["Wild Strike+1","Sever Soul+1"],"picked":"Disarm","floor":18.0},{"not_picked":["Anger+1","Evolve"],"picked":"Pummel+1","floor":18.0},{"not_picked":["Armaments+1","Brutality"],"picked":"Flex+1","floor":21},{"not_picked":["Feel No Pain","Anger+1"],"picked":"Clothesline+1","floor":21},{"not_picked":["Burning Pact+1","Juggernaut"],"picked":"Sword Boomerang+1","floor":24},{"not_picked":["Thunderclap+1","Shrug It Off"],"picked":"Iron Wave+1","floor":25},{"not_picked":["Havoc","Rupture+1"],"picked":"Wild Strike+1","floor":25},{"not_picked":["Armaments+1","Headbutt+1"],"picked":"Rage+1","floor":28},{"not_picked":["Anger+1","Iron Wave+1"],"picked":"Disarm+1","floor":28},{"not_picked":["Armaments","Exhume"],"picked":"Twin Strike+1","floor":29},{"not_picked":["Reckless Charge+1","Pummel+1"],"picked":"Pommel Strike+1","floor":29},{"not_picked":["Offering","Barricade"],"picked":"Immolate+1","floor":33},{"not_picked":["Flex+1","Havoc"],"picked":"Twin Strike+1","floor":35},{"not_picked":["Cleave+1","Body Slam+1"],"picked":"Seeing Red+1","floor":35},{"not_picked":["Sever Soul+1","Dropkick+1"],"picked":"Twin Strike+1","floor":36},{"not_picked":["True Grit","Blood for Blood+1"],"picked":"Pommel Strike+1","floor":36},{"not_picked":["Body Slam+1","Heavy Blade+1","Carnage+1"],"picked":"SKIP","floor":37},{"not_picked":["Clash+1","Heavy Blade+1","Spot Weakness"],"picked":"SKIP","floor":37},{"not_picked":["Shockwave","Blood for Blood+1"],"picked":"Twin Strike+1","floor":40},{"not_picked":["Panache","Jack Of All Trades"],"picked":"Mayhem","floor":42},{"not_picked":["Warcry+1","True Grit"],"picked":"Havoc+1","floor":44},{"not_picked":["Metallicize","Hemokinesis+1"],"picked":"Pommel Strike+1","floor":46},{"not_picked":["Feel No Pain+1","Heavy Blade+1"],"picked":"Metallicize+1","floor":47},{"not_picked":["Flex","Cleave+1","Pummel+1"],"picked":"SKIP","floor":47},{"not_picked":["Uppercut+1","Limit Break"],"picked":"Wild Strike+1","floor":48},{"not_picked":["Clash+1","Warcry+1"],"picked":"Disarm+1","floor":48},{"not_picked":["Battle Trance","Inflame"],"picked":"Perfected Strike+1","floor":49}],"player_experience":922009,"relics_obtained":[{"floor":6.0,"key":"Molten Egg 2"},{"floor":9.0,"key":"StoneCalendar"},{"floor":14.0,"key":"Torii"},{"floor":24,"key":"Dream Catcher"},{"floor":26,"key":"Self Forming Clay"},{"floor":40,"key":"Paper Frog"},{"floor":43,"key":"Boot"},{"floor":44,"key":"Nunchaku"},{"floor":46,"key":"Pear"}],"event_choices":[{"damage_healed":0.0,"max_hp_gain":0.0,"max_hp_loss":0.0,"gold_gain":0.0,"event_name":"Living Wall","player_choice":"Grow","floor":5.0,"gold_loss":0.0,"damage_taken":0.0,"cards_upgraded":["Hemokinesis"]},{"damage_healed":0.0,"max_hp_gain":0.0,"max_hp_loss":0.0,"gold_gain":75.0,"event_name":"World of Goop","player_choice":"Gather Gold","floor":10.0,"gold_loss":0.0,"damage_taken":11.0},{"damage_healed":0,"gold_gain":0,"player_choice":"Ignored","damage_taken":0,"max_hp_gain":0,"max_hp_loss":0,"event_name":"The Mausoleum","floor":20,"gold_loss":0},{"damage_healed":0,"gold_gain":0,"player_choice":"Ignored","damage_taken":0,"max_hp_gain":0,"max_hp_loss":0,"event_name":"Vampires","floor":30,"gold_loss":0},{"damage_healed":0,"gold_gain":0,"player_choice":"Bought 0 Potions","damage_taken":0,"max_hp_gain":0,"max_hp_loss":0,"event_name":"The Woman in Blue","floor":31,"gold_loss":0},{"cards_removed":["Rupture"],"damage_healed":0,"gold_gain":0,"player_choice":"Removed Power","damage_taken":0,"max_hp_gain":0,"max_hp_loss":0,"event_name":"Falling","floor":38,"gold_loss":0},{"damage_healed":0,"gold_gain":0,"player_choice":"Ignored","damage_taken":0,"max_hp_gain":0,"max_hp_loss":0,"event_name":"Mysterious Sphere","floor":41,"gold_loss":0},{"damage_healed":0,"gold_gain":0,"player_choice":"Memory 1","damage_taken":0,"max_hp_gain":0,"max_hp_loss":0,"event_name":"SensoryStone","floor":42,"gold_loss":0},{"damage_healed":0,"gold_gain":0,"player_choice":"Fight","damage_taken":0,"max_hp_gain":0,"max_hp_loss":0,"event_name":"MindBloom","floor":44,"gold_loss":0}],"is_beta":false,"boss_relics":[{"not_picked":["Runic Cube","Ectoplasm"],"picked":"Mark of Pain"},{"not_picked":["Runic Pyramid","Pandora\u0027s Box"],"picked":"Empty Cage"}],"items_purged_floors":[3,19,39],"is_endless":false,"potions_floor_spawned":[1,6,11,13,14,16,21,25,28,35,44,47,48],"killed_by":"Awakened One","ascension_level":0}