{"gold_per_floor":[115,134,209,228,244,244,279,204,276,290,304,304,365,365,365,444,444,456,474,113,38,57,57,57],"floor_reached":24,"playtime":1474,"items_purged":["Strike_R","Strike_R"],"score":364,"play_id":"41140469-5d8a-43ad-9696-a78485e13c47","local_time":"20181225192012","is_ascension_mode":true,"campfire_choices":[{"data":"Rampage","floor":6.0,"key":"SMITH"},{"floor":12.0,"key":"REST"},{"data":"Armaments","floor":15.0,"key":"SMITH"},{"floor":23.0,"key":"REST"}],"neow_cost":"NONE","seed_source_timestamp":177371518290348,"circlet_count":0,"master_deck":["AscendersBane","Strike_R","Defend_R","Defend_R","Defend_R","Defend_R","Bash","Pommel Strike","Rampage+1","Corruption","Armaments+1","Barricade","Spot Weakness","Clothesline","Feel No Pain","Inflame","Dark Embrace","Cleave","Feel No Pain","Offering"],"special_seed":0,"relics":["Burning Blood","Prayer Wheel","Pantograph","Tiny Chest","Sozu","Singing Bowl"],"potions_floor_usage":[],"damage_taken":[{"damage":6.0,"enemies":"Cultist","floor":1.0,"turns":3.0},{"damage":7.0,"enemies":"Jaw Worm","floor":2.0,"turns":3.0},{"damage":4.0,"enemies":"2 Louse","floor":4.0,"turns":3.0},{"damage":22.0,"enemies":"2 Fungi Beasts","floor":5.0,"turns":4.0},{"damage":20.0,"enemies":"Lagavulin","floor":7.0,"turns":7.0},{"damage":10.0,"enemies":"Exordium Wildlife","floor":10.0,"turns":5.0},{"damage":22.0,"enemies":"Gremlin Gang","floor":11.0,"turns":3.0},{"damage":6.0,"enemies":"Gremlin Nob","floor":13.0,"turns":3.0},{"damage":31.0,"enemies":"Hexaghost","floor":16.0,"turns":11.0},{"damage":16.0,"enemies":"Chosen","floor":18.0,"turns":5.0},{"damage":30.0,"enemies":"Shell Parasite","floor":19.0,"turns":6.0},{"damage":17.0,"enemies":"Snake Plant","floor":22.0,"turns":6.0},{"damage":50,"enemies":"Slavers","floor":24,"turns":5}],"seed_played":"8318281096260867541","potions_obtained":[{"floor":1.0,"key":"PowerPotion"},{"floor":11.0,"key":"AttackPotion"},{"floor":16.0,"key":"PowerPotion"}],"is_trial":false,"path_per_floor":["M","M","?","M","M","R","E","$","T","M","M","R","E","?","R","B",null,"M","M","$","?","M","R","E"],"character_chosen":"IRONCLAD","items_purchased":["Singing Bowl"],"campfire_rested":2,"item_purchase_floors":[20],"current_hp_per_floor":[68,67,56,58,42,42,28,28,28,24,8,30,30,30,30,30,64,54,30,30,30,21,44,0],"gold":57,"neow_bonus":"THREE_CARDS","is_prod":false,"is_daily":false,"chose_seed":false,"campfire_upgraded":2,"win_rate":0,"timestamp":1545762012,"path_taken":["M","M","?","M","M","R","E","$","T","M","M","R","E","?","R","BOSS","M","?","$","?","M","R","E"],"build_version":"2018-12-20","purchased_purges":2,"victory":false,"max_hp_per_floor":[75,75,75,75,75,75,75,75,75,75,75,75,75,75,75,75,75,75,75,75,75,77,77,77],"card_choices":[{"not_picked":["Body Slam","Searing Blow"],"picked":"Pommel Strike","floor":0.0},{"not_picked":["Flame Barrier","Sword Boomerang"],"picked":"Rampage","floor":1.0},{"not_picked":["Pommel Strike","Twin Strike","Second Wind"],"picked":"SKIP","floor":2.0},{"not_picked":["Clash","Pommel Strike"],"picked":"Corruption","floor":4.0},{"not_picked":["Spot Weakness","Dual Wield"],"picked":"Armaments","floor":5.0},{"not_picked":["Clash","Shrug It Off"],"picked":"Barricade","floor":7.0},{"not_picked":["Searing Blow","Heavy Blade"],"picked":"Spot Weakness","floor":10.0},{"not_picked":["Clash","Flex","Sword Boomerang"],"picked":"SKIP","floor":10.0},{"not_picked":["Reckless Charge","Thunderclap"],"picked":"Clothesline","floor":11.0},{"not_picked":["Pommel Strike","Perfected Strike","Sword Boomerang"],"picked":"SKIP","floor":11.0},{"not_picked":["Clothesline","Dual Wield"],"picked":"Feel No Pain","floor":13.0},{"not_picked":["Exhume","Limit Break"],"picked":"Dark Embrace","floor":16.0},{"not_picked":["Warcry","Sword Boomerang"],"picked":"Cleave","floor":18.0},{"not_picked":["Perfected Strike","Thunderclap","Armaments"],"picked":"SKIP","floor":18.0},{"not_picked":["Reckless Charge","Disarm"],"picked":"Feel No Pain","floor":19.0},{"not_picked":["Wild Strike","Blood for Blood","Clash+1"],"picked":"SKIP","floor":19.0},{"not_picked":["Armaments","Clash"],"picked":"Offering","floor":22.0},{"not_picked":["Armaments","Infernal Blade","Perfected Strike"],"picked":"Singing Bowl","floor":22.0}],"player_experience":675788,"relics_obtained":[{"floor":7.0,"key":"Prayer Wheel"},{"floor":9.0,"key":"Pantograph"},{"floor":13.0,"key":"Tiny Chest"}],"event_choices":[{"damage_healed":0.0,"max_hp_gain":0.0,"max_hp_loss":0.0,"gold_gain":75.0,"event_name":"World of Goop","player_choice":"Gather Gold","floor":3.0,"gold_loss":0.0,"damage_taken":11.0},{"damage_healed":0.0,"max_hp_gain":0.0,"max_hp_loss":0.0,"gold_gain":0.0,"cards_transformed":["Strike_R"],"event_name":"Transmorgrifier","player_choice":"Transformed","floor":14.0,"gold_loss":0.0,"damage_taken":0.0,"cards_obtained":["Inflame"]},{"cards_removed":["Strike_R"],"damage_healed":0.0,"max_hp_gain":0.0,"max_hp_loss":0.0,"gold_gain":0.0,"event_name":"Beggar","player_choice":"Gave Gold","floor":21.0,"gold_loss":75.0,"damage_taken":0.0}],"is_beta":false,"boss_relics":[{"not_picked":["Runic Dome","Coffee Dripper"],"picked":"Sozu"}],"items_purged_floors":[8,20],"is_endless":false,"potions_floor_spawned":[1,11,16,19],"killed_by":"Slavers","ascension_level":15}