{"gold_per_floor":[119,194,212,212,228,263,263,282,282,296,296,307,317,337,337,337],"floor_reached":16,"playtime":1469,"items_purged":[],"score":127,"play_id":"24eebe51-10fc-4656-bfb9-861b4da4b87f","local_time":"20190103020744","is_ascension_mode":true,"campfire_choices":[{"data":"Armaments","floor":7,"key":"SMITH"},{"floor":11,"key":"REST"},{"data":"Barricade","floor":15,"key":"SMITH"}],"neow_cost":"NONE","seed_source_timestamp":372788374065867,"circlet_count":0,"master_deck":["Strike_R","Strike_R","Strike_R","Strike_R+1","Strike_R","Defend_R","Defend_R+1","Defend_R","Defend_R","Bash+1","Shockwave","Armaments+1","Ghostly Armor","Uppercut","Iron Wave","Shrug It Off","Cleave","Barricade+1"],"relics":["Burning Blood","Regal Pillow","Blue Candle"],"potions_floor_usage":[16],"damage_taken":[{"damage":8,"enemies":"Small Slimes","floor":1,"turns":4},{"damage":4,"enemies":"Jaw Worm","floor":3,"turns":4},{"damage":4,"enemies":"2 Louse","floor":5,"turns":3},{"damage":26,"enemies":"3 Sentries","floor":6,"turns":13},{"damage":16,"enemies":"Lots of Slimes","floor":8,"turns":6},{"damage":9,"enemies":"Large Slime","floor":10,"turns":8},{"damage":8,"enemies":"Exordium Wildlife","floor":12,"turns":5},{"damage":0,"enemies":"2 Fungi Beasts","floor":13,"turns":4},{"damage":5,"enemies":"Blue Slaver","floor":14,"turns":3},{"damage":78,"enemies":"Slime Boss","floor":16,"turns":10}],"seed_played":"366937337674905681","potions_obtained":[{"floor":1,"key":"FearPotion"},{"floor":3,"key":"Ancient Potion"},{"floor":6,"key":"SpeedPotion"}],"is_trial":false,"path_per_floor":["M","?","M","?","M","E","R","M","T","M","R","M","M","M","R","B"],"character_chosen":"IRONCLAD","items_purchased":[],"campfire_rested":1,"item_purchase_floors":[],"current_hp_per_floor":[78,67,69,53,55,35,35,25,25,22,61,59,65,66,66,0],"gold":337,"neow_bonus":"UPGRADE_CARD","is_prod":false,"is_daily":false,"chose_seed":false,"campfire_upgraded":2,"win_rate":0,"timestamp":1546502864,"path_taken":["M","?","M","?","M","E","R","M","T","M","R","M","M","M","R","BOSS"],"build_version":"2018-12-20","purchased_purges":0,"victory":false,"max_hp_per_floor":[80,80,80,80,80,80,80,80,80,80,80,80,80,80,80,80],"card_choices":[{"not_picked":["Entrench","Blood for Blood"],"picked":"Shockwave","floor":1},{"not_picked":["Second Wind","Bloodletting"],"picked":"Armaments","floor":3},{"not_picked":["Clash","Havoc"],"picked":"Ghostly Armor","floor":5},{"not_picked":["Thunderclap","Heavy Blade"],"picked":"Uppercut","floor":6},{"not_picked":["Whirlwind","Thunderclap"],"picked":"Iron Wave","floor":8},{"not_picked":["Rampage","Perfected Strike"],"picked":"Shrug It Off","floor":10},{"not_picked":["Limit Break","Flex"],"picked":"Cleave","floor":12},{"not_picked":["Havoc","Iron Wave","Wild Strike"],"picked":"SKIP","floor":13},{"not_picked":["Dual Wield","Heavy Blade"],"picked":"Barricade","floor":14}],"player_experience":283600,"relics_obtained":[{"floor":6,"key":"Regal Pillow"},{"floor":9,"key":"Blue Candle"}],"event_choices":[{"damage_healed":0,"gold_gain":75,"player_choice":"Gather Gold","damage_taken":11,"max_hp_gain":0,"max_hp_loss":0,"event_name":"World of Goop","floor":2,"gold_loss":0},{"damage_healed":0,"gold_gain":0,"player_choice":"Entered Light","damage_taken":16,"max_hp_gain":0,"max_hp_loss":0,"event_name":"Shining Light","floor":4,"gold_loss":0,"cards_upgraded":["Strike_R","Defend_R"]}],"is_beta":false,"boss_relics":[],"items_purged_floors":[],"is_endless":false,"potions_floor_spawned":[1,3,6,12],"killed_by":"Slime Boss","ascension_level":4}