{"gold_per_floor":[17,17,31,42,42,42,60,60,129,163,179,204,223,241,241,337,337,337,97,37,37,37,37,37,37,37,37,37,37,37,37,37,37,37,37,37,37,37,37,37,37,37,37,37,37,37,37,37,37,37,37,37,37,37,37],"floor_reached":56,"playtime":7268,"items_purged":["Strike_G"],"score":1537,"play_id":"eb1a51c9-975f-4555-8ea1-be8bcb6017ad","local_time":"20190109115502","is_ascension_mode":false,"campfire_choices":[{"data":"Neutralize","floor":6.0,"key":"SMITH"},{"data":"Well Laid Plans","floor":8.0,"key":"SMITH"},{"data":"Bouncing Flask","floor":15.0,"key":"SMITH"},{"data":"Wraith Form v2","floor":23.0,"key":"SMITH"},{"data":"Noxious Fumes","floor":25.0,"key":"SMITH"},{"data":"Footwork","floor":28.0,"key":"SMITH"},{"data":"Burst","floor":32.0,"key":"SMITH"},{"data":"Envenom","floor":41.0,"key":"SMITH"},{"floor":44.0,"key":"RECALL"},{"floor":49.0,"key":"REST"},{"data":"Night Terror","floor":52.0,"key":"SMITH"}],"neow_cost":"NO_GOLD","seed_source_timestamp":0,"circlet_count":0,"master_deck":["Defend_G","Defend_G","Defend_G","Defend_G","Defend_G","Strike_G","Survivor","Neutralize+1","Well Laid Plans+1","Wraith Form v2+1","Dagger Throw","Footwork+1","Bouncing Flask+1","Dash","Burst+1","Dodge and Roll","Noxious Fumes+1","Dodge and Roll","PiercingWail+1","Deadly Poison","Corpse Explosion","Envenom+1","Dagger Spray+1","Backflip","Noxious Fumes","Adrenaline+1","Backstab+1","Calculated Gamble+1","Strike_R","Night Terror+1","Dodge and Roll+1"],"special_seed":0,"relics":["Ring of the Snake","Du-Vu Doll","Sundial","PreservedInsect","Mango","Ectoplasm","Oddly Smooth Stone","Mercury Hourglass","Art of War","Empty Cage","Prayer Wheel","Vajra","Calipers","Bronze Scales","Bottled Flame"],"potions_floor_usage":[55],"damage_taken":[{"damage":0.0,"enemies":"2 Louse","floor":1.0,"turns":2.0},{"damage":0.0,"enemies":"Cultist","floor":3.0,"turns":5.0},{"damage":0.0,"enemies":"Small Slimes","floor":4.0,"turns":3.0},{"damage":0.0,"enemies":"2 Fungi Beasts","floor":7.0,"turns":6.0},{"damage":19.0,"enemies":"3 Sentries","floor":10.0,"turns":13.0},{"damage":0.0,"enemies":"Large Slime","floor":11.0,"turns":5.0},{"damage":2.0,"enemies":"Gremlin Nob","floor":12.0,"turns":4.0},{"damage":0.0,"enemies":"3 Louse","floor":13.0,"turns":5.0},{"damage":0.0,"enemies":"Lots of Slimes","floor":14.0,"turns":2.0},{"damage":8.0,"enemies":"Slime Boss","floor":16.0,"turns":10.0},{"damage":0.0,"enemies":"Shell Parasite","floor":18.0,"turns":5.0},{"damage":11.0,"enemies":"2 Thieves","floor":20.0,"turns":4.0},{"damage":14.0,"enemies":"Centurion and Healer","floor":21.0,"turns":8.0},{"damage":5.0,"enemies":"Cultist and Chosen","floor":22.0,"turns":8.0},{"damage":6.0,"enemies":"Gremlin Leader","floor":24.0,"turns":7.0},{"damage":0.0,"enemies":"Snecko","floor":27.0,"turns":7.0},{"damage":7.0,"enemies":"Slavers","floor":31.0,"turns":8.0},{"damage":2.0,"enemies":"Champ","floor":33.0,"turns":13.0},{"damage":0.0,"enemies":"3 Shapes","floor":35.0,"turns":5.0},{"damage":0.0,"enemies":"3 Darklings","floor":36.0,"turns":3.0},{"damage":0.0,"enemies":"Mind Bloom Boss Battle","floor":37.0,"turns":7.0},{"damage":16.0,"enemies":"Transient","floor":38.0,"turns":5.0},{"damage":27.0,"enemies":"Reptomancer","floor":40.0,"turns":7.0},{"damage":9.0,"enemies":"Spire Growth","floor":42.0,"turns":5.0},{"damage":0.0,"enemies":"Nemesis","floor":46.0,"turns":5.0},{"damage":4.0,"enemies":"Maw","floor":47.0,"turns":8.0},{"damage":0.0,"enemies":"Giant Head","floor":48.0,"turns":10.0},{"damage":26.0,"enemies":"Awakened One","floor":50.0,"turns":14.0},{"damage":24.0,"enemies":"Shield and Spear","floor":54.0,"turns":5.0},{"damage":52,"enemies":"The Heart","floor":55,"turns":11}],"seed_played":"-8175838940527028028","potions_obtained":[{"floor":1.0,"key":"SkillPotion"},{"floor":2.0,"key":"SpeedPotion"},{"floor":2.0,"key":"Fire Potion"},{"floor":2.0,"key":"GamblersBrew"},{"floor":4.0,"key":"Poison Potion"},{"floor":13.0,"key":"Explosive Potion"},{"floor":14.0,"key":"GhostInAJar"},{"floor":21.0,"key":"PowerPotion"},{"floor":24.0,"key":"SkillPotion"},{"floor":33.0,"key":"SmokeBomb"},{"floor":37.0,"key":"Dexterity Potion"},{"floor":40.0,"key":"GamblersBrew"},{"floor":42.0,"key":"Fire Potion"},{"floor":46.0,"key":"AttackPotion"},{"floor":47.0,"key":"LiquidBronze"}],"is_trial":false,"path_per_floor":["M","?","M","M","$","R","M","R","T","E","M","E","M","M","R","B",null,"M","$","M","M","M","R","E","R","T","M","R","$","$","E","R","B",null,"M","M","?","M","?","E","R","M","T","R","?","E","M","E","R","B",null,"R","$","E","B",null],"character_chosen":"THE_SILENT","items_purchased":["Noxious Fumes","Dodge and Roll","Dexterity Potion"],"campfire_rested":1,"item_purchase_floors":[19,19,19],"current_hp_per_floor":[70,70,70,70,70,70,70,70,70,51,51,63,63,63,63,55,84,84,84,73,59,54,54,48,48,48,48,48,48,48,41,41,39,84,84,84,84,68,68,41,41,32,32,32,32,32,28,28,53,27,84,84,84,60,8],"gold":37,"neow_bonus":"ONE_RARE_RELIC","is_prod":false,"is_daily":false,"chose_seed":false,"campfire_upgraded":9,"win_rate":0,"timestamp":1547031302,"path_taken":["M","?","M","M","$","R","M","R","T","E","M","E","M","M","R","BOSS","M","$","M","M","M","R","E","R","T","M","R","?","$","E","R","BOSS","M","M","?","M","?","E","R","?","T","R","?","E","M","E","R","BOSS","R","$","E","BOSS"],"build_version":"2019-01-03v4","purchased_purges":1,"victory":true,"max_hp_per_floor":[70,70,70,70,70,70,70,70,70,70,70,84,84,84,84,84,84,84,84,84,84,84,84,84,84,84,84,84,84,84,84,84,84,84,84,84,84,84,84,84,84,84,84,84,84,84,84,84,84,84,84,84,84,84,84],"card_choices":[{"not_picked":["Outmaneuver","Acrobatics"],"picked":"Well Laid Plans","floor":1.0},{"not_picked":["Sucker Punch","Prepared","Flying Knee"],"picked":"SKIP","floor":3.0},{"not_picked":["Dagger Throw","Deflect"],"picked":"Wraith Form v2","floor":4.0},{"not_picked":["Outmaneuver","Blade Dance"],"picked":"Dagger Throw","floor":7.0},{"not_picked":["Prepared","Reflex","Concentrate"],"picked":"SKIP","floor":10.0},{"not_picked":["Poisoned Stab","All Out Attack"],"picked":"Footwork","floor":11.0},{"not_picked":["Expertise","Finisher"],"picked":"Bouncing Flask","floor":12.0},{"not_picked":["Blade Dance","Concentrate","Deflect"],"picked":"SKIP","floor":13.0},{"not_picked":["Deflect","Acrobatics"],"picked":"Dash","floor":14.0},{"not_picked":["After Image","Venomology"],"picked":"Burst","floor":16.0},{"not_picked":["Quick Slash","Deflect"],"picked":"Dodge and Roll","floor":18.0},{"not_picked":["Outmaneuver","Blade Dance","Prepared+1"],"picked":"SKIP","floor":20.0},{"not_picked":["Poisoned Stab","All Out Attack","Heel Hook"],"picked":"SKIP","floor":21.0},{"not_picked":["Burst","Eviscerate+1","Acrobatics"],"picked":"SKIP","floor":22.0},{"not_picked":["Sucker Punch","Bane"],"picked":"PiercingWail+1","floor":24.0},{"not_picked":["Cloak And Dagger","Underhanded Strike+1"],"picked":"Deadly Poison","floor":27.0},{"not_picked":["Dash","Eviscerate"],"picked":"Corpse Explosion","floor":31.0},{"not_picked":["Unload","Bullet Time"],"picked":"Envenom","floor":33.0},{"not_picked":["Acrobatics","PiercingWail+1"],"picked":"Dagger Spray+1","floor":35.0},{"not_picked":["Cloak And Dagger","Masterful Stab"],"picked":"Backflip","floor":36.0},{"not_picked":["Dodge and Roll","Quick Slash+1"],"picked":"Noxious Fumes","floor":37.0},{"not_picked":["Blade Dance","Choke+1"],"picked":"Adrenaline","floor":38.0},{"not_picked":["Outmaneuver","Sucker Punch","Underhanded Strike"],"picked":"SKIP","floor":38.0},{"not_picked":["Terror","Dagger Spray"],"picked":"Backstab+1","floor":40.0},{"not_picked":["Dagger Throw+1","Blade Dance"],"picked":"Calculated Gamble+1","floor":42.0},{"not_picked":["Deflect+1","Underhanded Strike","Flying Knee"],"picked":"SKIP","floor":42.0},{"not_picked":["Distraction","Heel Hook"],"picked":"Night Terror","floor":46.0},{"not_picked":["Dagger Throw","Setup+1"],"picked":"Dodge and Roll+1","floor":47.0},{"not_picked":["All Out Attack","Deflect+1","Underhanded Strike+1"],"picked":"SKIP","floor":47.0},{"not_picked":["Skewer+1","Storm of Steel","Wraith Form v2"],"picked":"SKIP","floor":48.0},{"not_picked":["Setup","Deflect","Dash"],"picked":"SKIP","floor":54.0}],"player_experience":788207,"relics_obtained":[{"floor":9.0,"key":"Sundial"},{"floor":10.0,"key":"PreservedInsect"},{"floor":12.0,"key":"Mango"},{"floor":24.0,"key":"Oddly Smooth Stone"},{"floor":26.0,"key":"Mercury Hourglass"},{"floor":31.0,"key":"Art of War"},{"floor":37.0,"key":"Prayer Wheel"},{"floor":40.0,"key":"Vajra"},{"floor":46.0,"key":"Calipers"},{"floor":48.0,"key":"Bronze Scales"},{"floor":54.0,"key":"Bottled Flame"}],"event_choices":[{"damage_healed":0.0,"max_hp_gain":0.0,"max_hp_loss":0.0,"gold_gain":0.0,"event_name":"Lab","player_choice":"Got Potions","floor":2.0,"gold_loss":0.0,"damage_taken":0.0},{"damage_healed":0.0,"max_hp_gain":0.0,"max_hp_loss":0.0,"gold_gain":0.0,"event_name":"MindBloom","player_choice":"Fight","floor":37.0,"gold_loss":0.0,"damage_taken":0.0},{"damage_healed":0.0,"max_hp_gain":0.0,"max_hp_loss":0.0,"gold_gain":0.0,"event_name":"Accursed Blacksmith","player_choice":"Forge","floor":39.0,"gold_loss":0.0,"damage_taken":0.0,"cards_upgraded":["Adrenaline"]},{"cards_removed":["Strike_G"],"damage_healed":0.0,"max_hp_gain":0.0,"max_hp_loss":0.0,"gold_gain":0.0,"event_name":"NoteForYourself","player_choice":"Took Card","floor":45.0,"gold_loss":0.0,"damage_taken":0.0,"cards_obtained":["Strike_R"]}],"is_beta":false,"boss_relics":[{"not_picked":["White Beast Statue","WristBlade"],"picked":"Ectoplasm"},{"not_picked":["Velvet Choker","Fusion Hammer"],"picked":"Empty Cage"}],"items_purged_floors":[19],"is_endless":false,"potions_floor_spawned":[1,4,13,14,21,24,33,37,40,42,46,47],"ascension_level":0}