{"gold_per_floor":[111,123,123,141,161,161,188,14,14,34,44,71,71,97,97,175,175,185,185,185,3,19,19,50,50],"floor_reached":25,"playtime":1061,"items_purged":["Strike_B"],"score":458,"play_id":"9bb190ca-8b67-4058-9a04-d34db21741aa","local_time":"20190123183640","is_ascension_mode":true,"campfire_choices":[{"data":"Sunder","floor":6,"key":"SMITH"},{"data":"Zap","floor":13,"key":"SMITH"},{"floor":15,"key":"REST"},{"data":"Biased Cognition","floor":23,"key":"SMITH"}],"neow_cost":"NONE","seed_source_timestamp":102669425662337,"circlet_count":0,"master_deck":["AscendersBane","Strike_B","Strike_B","Defend_B","Defend_B","Defend_B","Defend_B","Zap+1","Dualcast","Sunder+1","Gash","Gash","Capacitor","Hologram","Ball Lightning","White Noise","All For One","Seek","Chill","Biased Cognition+1","Conserve Battery","Sweeping Beam"],"relics":["Cracked Core","Symbiotic Virus","The Courier","Chemical X","Gremlin Horn","Orichalcum","Sundial","Lizard Tail","Dead Branch"],"potions_floor_usage":[5,7,14,16,16,18,25,25],"damage_taken":[{"damage":1,"enemies":"2 Louse","floor":1,"turns":3},{"damage":0,"enemies":"Small Slimes","floor":2,"turns":3},{"damage":1,"enemies":"Cultist","floor":4,"turns":3},{"damage":0,"enemies":"2 Fungi Beasts","floor":5,"turns":3},{"damage":8,"enemies":"Gremlin Nob","floor":7,"turns":3},{"damage":11,"enemies":"Large Slime","floor":10,"turns":4},{"damage":0,"enemies":"Lots of Slimes","floor":11,"turns":3},{"damage":7,"enemies":"3 Sentries","floor":12,"turns":4},{"damage":14,"enemies":"Gremlin Nob","floor":14,"turns":4},{"damage":22,"enemies":"Slime Boss","floor":16,"turns":8},{"damage":18,"enemies":"Chosen","floor":18,"turns":5},{"damage":12,"enemies":"2 Thieves","floor":22,"turns":2},{"damage":72,"enemies":"Book of Stabbing","floor":24,"turns":6},{"damage":16,"enemies":"Colosseum Slavers","floor":25,"turns":1}],"seed_played":"7634858510796772601","potions_obtained":[{"floor":0,"key":"SteroidPotion"},{"floor":0,"key":"Block Potion"},{"floor":7,"key":"SpeedPotion"},{"floor":10,"key":"EssenceOfSteel"},{"floor":11,"key":"Block Potion"},{"floor":14,"key":"Block Potion"},{"floor":16,"key":"Regen Potion"},{"floor":22,"key":"Ancient Potion"},{"floor":24,"key":"LiquidBronze"}],"is_trial":false,"path_per_floor":["?","?","?","M","?"],"character_chosen":"DEFECT","items_purchased":["Chemical X","Biased Cognition"],"campfire_rested":1,"item_purchase_floors":[8,21],"current_hp_per_floor":[63,63,58,57,57,57,49,49,49,38,38,31,31,17,38,16,57,48,62,62,62,50,50,14,0],"gold":50,"neow_bonus":"THREE_SMALL_POTIONS","is_prod":false,"is_daily":false,"chose_seed":false,"campfire_upgraded":3,"win_rate":0,"timestamp":1548265000,"path_taken":["M","M","?","M","M","R","E","$","T","M","M","E","R","E","R","BOSS","M","?","?","$","?","R","E","?"],"build_version":"2019-01-23","purchased_purges":1,"victory":false,"max_hp_per_floor":[71,71,71,71,71,71,71,71,71,71,71,71,71,71,71,71,71,71,71,71,71,71,71,71,71],"card_choices":[{"not_picked":["Conserve Battery","Sweeping Beam"],"picked":"Sunder","floor":1},{"not_picked":["Rip and Tear","Reinforced Body"],"picked":"Gash","floor":2},{"not_picked":["Hello World","Conserve Battery"],"picked":"Gash","floor":4},{"not_picked":["Steam","Compile Driver"],"picked":"Capacitor","floor":5},{"not_picked":["Steam Power","Skim"],"picked":"Hologram","floor":7},{"not_picked":["Barrage","Turbo","Rebound"],"picked":"SKIP","floor":10},{"not_picked":["Sweeping Beam","Hologram"],"picked":"Ball Lightning","floor":11},{"not_picked":["Reprogram","Redo"],"picked":"White Noise","floor":12},{"not_picked":["Self Repair","Rebound"],"picked":"All For One","floor":14},{"not_picked":["Amplify","Machine Learning"],"picked":"Seek","floor":16},{"not_picked":["Stack","Leap"],"picked":"Chill","floor":18},{"not_picked":["Redo","Go for the Eyes"],"picked":"Conserve Battery","floor":22},{"not_picked":["Amplify","Compile Driver+1"],"picked":"Sweeping Beam","floor":24}],"player_experience":988960,"relics_obtained":[{"floor":7,"key":"The Courier"},{"floor":9,"key":"Gremlin Horn"},{"floor":12,"key":"Orichalcum"},{"floor":14,"key":"Sundial"},{"floor":24,"key":"Dead Branch"}],"event_choices":[{"damage_healed":0,"gold_gain":0,"player_choice":"Success","damage_taken":5,"relics_obtained":["Symbiotic Virus"],"max_hp_gain":0,"max_hp_loss":0,"event_name":"Scrap Ooze","floor":3,"gold_loss":0},{"damage_healed":14,"gold_gain":0,"player_choice":"Heal","damage_taken":0,"max_hp_gain":0,"max_hp_loss":0,"event_name":"The Library","floor":19,"gold_loss":0},{"cards_removed":["Strike_B"],"damage_healed":0,"gold_gain":0,"player_choice":"Purged","damage_taken":0,"max_hp_gain":0,"max_hp_loss":0,"event_name":"Purifier","floor":20,"gold_loss":0},{"damage_healed":0,"gold_gain":0,"player_choice":"Fight","damage_taken":0,"max_hp_gain":0,"max_hp_loss":0,"event_name":"Colosseum","floor":25,"gold_loss":0}],"is_beta":false,"boss_relics":[{"not_picked":["Calling Bell","Runic Dome"],"picked":"Lizard Tail"}],"items_purged_floors":[21],"is_endless":false,"potions_floor_spawned":[2,7,10,11,14,16,22,24],"killed_by":"Colosseum Slavers","ascension_level":18}