{"gold_per_floor":[115,133,133,133,208,236,250,268,316,349,349,32,32,32],"floor_reached":14,"playtime":781,"items_purged":["Strike_B"],"score":129,"play_id":"8d793cc5-63b9-4beb-aed7-9c9f69094a4f","local_time":"20181028223028","is_ascension_mode":true,"campfire_choices":[{"data":"Rainbow","floor":13,"key":"SMITH"}],"neow_cost":"NONE","seed_source_timestamp":275896120134690,"circlet_count":0,"master_deck":["Strike_B","Strike_B","Defend_B","Defend_B","Defend_B","Defend_B","Zap","Dualcast","Leap","Compile Driver","Defragment","Fusion","Rainbow+1","Leap"],"relics":["Cracked Core","NeowsBlessing","Ornamental Fan","Juzu Bracelet","Ancient Tea Set","Mercury Hourglass"],"potions_floor_usage":[8,14],"damage_taken":[{"damage":0,"enemies":"Jaw Worm","floor":1,"turns":1},{"damage":0,"enemies":"Cultist","floor":2,"turns":1},{"damage":0,"enemies":"Gremlin Nob","floor":6,"turns":1},{"damage":0,"enemies":"Small Slimes","floor":7,"turns":3},{"damage":25,"enemies":"Exordium Thugs","floor":8,"turns":8},{"damage":18,"enemies":"Lagavulin","floor":10,"turns":9},{"damage":27,"enemies":"Gremlin Nob","floor":14,"turns":3}],"seed_played":"-7301383258021164278","potions_obtained":[{"floor":1,"key":"LiquidBronze"},{"floor":4,"key":"EssenceOfSteel"},{"floor":4,"key":"Energy Potion"},{"floor":10,"key":"SpeedPotion"}],"is_trial":false,"path_per_floor":["M","M","?","?","?","E","M","M","T","E","?","$","R"],"character_chosen":"DEFECT","items_purchased":["Mercury Hourglass"],"campfire_rested":0,"item_purchase_floors":[12],"current_hp_per_floor":[75,75,75,75,64,64,64,39,39,21,21,21,21,0],"gold":32,"neow_bonus":"THREE_ENEMY_KILL","is_prod":false,"is_daily":false,"chose_seed":false,"campfire_upgraded":1,"win_rate":1,"timestamp":1540783828,"path_taken":["M","M","?","?","?","E","M","?","T","E","?","$","R","E"],"build_version":"2018-10-25v2","purchased_purges":1,"victory":false,"max_hp_per_floor":[75,75,75,75,75,75,75,75,75,75,75,75,75,75],"card_choices":[{"not_picked":["Steam Power","Force Field"],"picked":"Leap","floor":1},{"not_picked":["Go for the Eyes","Rebound"],"picked":"Compile Driver","floor":2},{"not_picked":["Storm","Steam"],"picked":"Defragment","floor":6},{"not_picked":["Gash","Ball Lightning"],"picked":"Fusion","floor":7},{"not_picked":["Ball Lightning","Steam Power"],"picked":"Rainbow","floor":8},{"not_picked":["Go for the Eyes","Skim"],"picked":"Leap","floor":10}],"player_experience":42915,"relics_obtained":[{"floor":6,"key":"Ornamental Fan"},{"floor":9,"key":"Juzu Bracelet"},{"floor":10,"key":"Ancient Tea Set"}],"event_choices":[{"damage_healed":0,"gold_gain":0,"player_choice":"Bought 0 Potions","damage_taken":0,"max_hp_gain":0,"max_hp_loss":0,"event_name":"The Woman in Blue","floor":3,"gold_loss":0},{"damage_healed":0,"gold_gain":0,"player_choice":"Got Potions","damage_taken":0,"max_hp_gain":0,"max_hp_loss":0,"event_name":"The Lab","floor":4,"gold_loss":0},{"damage_healed":0,"gold_gain":75,"player_choice":"Gather Gold","damage_taken":11,"max_hp_gain":0,"max_hp_loss":0,"event_name":"World of Goop","floor":5,"gold_loss":0},{"cards_removed":["Strike_B"],"damage_healed":0,"gold_gain":0,"player_choice":"Forget","damage_taken":0,"max_hp_gain":0,"max_hp_loss":0,"event_name":"Living Wall","floor":11,"gold_loss":0}],"is_beta":false,"boss_relics":[],"items_purged_floors":[12],"is_endless":false,"potions_floor_spawned":[1,10],"killed_by":"Gremlin Nob","ascension_level":1}