{"gold_per_floor":[118,118,182,147,161,161,161,196,219,229,564,581,616,144,144,239,239,255,270,287,304,120,120],"floor_reached":23,"playtime":2026,"items_purged":["Strike_G","Defend_G"],"score":243,"play_id":"e5ba0e04-a0ea-468b-bbe9-e45f31b0e5ab","local_time":"20190105200702","is_ascension_mode":true,"campfire_choices":[{"data":"Survivor","floor":6.0,"key":"SMITH"},{"floor":15.0,"key":"REST"}],"neow_cost":"NONE","seed_source_timestamp":0,"circlet_count":0,"master_deck":["Defend_G","Defend_G","Defend_G","Defend_G","Strike_G","Strike_G","Strike_G+1","Strike_G+1","Survivor+1","Neutralize+1","Masterful Stab","Poisoned Stab","Outmaneuver","Deflect","Dodge and Roll","Backflip","Terror","Quick Slash","Well Laid Plans+1","Escape Plan","A Thousand Cuts+1","Dagger Throw","Dash","Flash of Steel"],"special_seed":0,"relics":["Ring of the Snake","Matryoshka","Strawberry","Boot","Old Coin","Bag of Preparation","Frozen Egg 2","Eternal Feather"],"potions_floor_usage":[],"damage_taken":[{"damage":1.0,"enemies":"Jaw Worm","floor":1.0,"turns":4.0},{"damage":0.0,"enemies":"Small Slimes","floor":5.0,"turns":2.0},{"damage":14.0,"enemies":"Gremlin Nob","floor":8.0,"turns":4.0},{"damage":0.0,"enemies":"2 Louse","floor":10.0,"turns":2.0},{"damage":36.0,"enemies":"3 Sentries","floor":11.0,"turns":16.0},{"damage":5.0,"enemies":"Lots of Slimes","floor":12.0,"turns":5.0},{"damage":7.0,"enemies":"Lagavulin","floor":13.0,"turns":8.0},{"damage":3.0,"enemies":"The Guardian","floor":16.0,"turns":11.0},{"damage":9.0,"enemies":"Chosen","floor":18.0,"turns":4.0},{"damage":11.0,"enemies":"2 Thieves","floor":19.0,"turns":4.0},{"damage":29.0,"enemies":"Cultist and Chosen","floor":20.0,"turns":7.0},{"damage":2,"enemies":"Snecko","floor":21,"turns":5},{"damage":29,"enemies":"Book of Stabbing","floor":23,"turns":5}],"seed_played":"-3651929249522282061","potions_obtained":[{"floor":1.0,"key":"Strength Potion"},{"floor":8.0,"key":"Block Potion"},{"floor":12.0,"key":"Explosive Potion"},{"floor":16.0,"key":"GhostInAJar"},{"floor":19.0,"key":"Energy Potion"},{"floor":20,"key":"Energy Potion"}],"is_trial":false,"path_per_floor":["M","?","?","?","M","R","?","E","T","M","E","M","E","$","R","B",null,"M","M","M","M","$","E"],"character_chosen":"THE_SILENT","items_purchased":["Frozen Egg 2","Well Laid Plans+1","Escape Plan","Flash of Steel"],"campfire_rested":1,"item_purchase_floors":[14,14,14,22],"current_hp_per_floor":[69,55,55,70,70,70,70,56,63,63,27,22,15,15,38,35,77,68,57,28,26,26,0],"gold":120,"neow_bonus":"UPGRADE_CARD","is_prod":false,"is_daily":false,"chose_seed":false,"campfire_upgraded":1,"win_rate":0,"timestamp":1546740422,"path_taken":["M","?","?","?","M","R","?","E","T","M","E","M","E","$","R","BOSS","M","?","M","M","?","E"],"build_version":"2019-01-03v4","purchased_purges":2,"victory":false,"max_hp_per_floor":[70,70,70,70,70,70,70,70,77,77,77,77,77,77,77,77,77,77,77,77,77,77,77],"card_choices":[{"not_picked":["Well Laid Plans","Backflip"],"picked":"Masterful Stab","floor":1.0},{"not_picked":["Acrobatics","Riddle With Holes"],"picked":"Poisoned Stab","floor":5.0},{"not_picked":["Endless Agony","Well Laid Plans"],"picked":"Deflect","floor":8.0},{"not_picked":["Flechettes","Choke"],"picked":"Dodge and Roll","floor":10.0},{"not_picked":["Slice","Skewer"],"picked":"Backflip","floor":11.0},{"not_picked":["Prepared","Concentrate"],"picked":"Terror","floor":12.0},{"not_picked":["PiercingWail","Infinite Blades"],"picked":"Quick Slash","floor":13.0},{"not_picked":["Burst","Wraith Form v2+1"],"picked":"A Thousand Cuts+1","floor":16.0},{"not_picked":["Bane","Endless Agony","Sucker Punch"],"picked":"SKIP","floor":18.0},{"not_picked":["PiercingWail","Eviscerate+1"],"picked":"Dagger Throw","floor":19.0},{"not_picked":["Setup","PiercingWail+1"],"picked":"Dash","floor":20},{"not_picked":["Deflect","Reflex","Skewer"],"picked":"SKIP","floor":21}],"player_experience":314930,"relics_obtained":[{"floor":8.0,"key":"Matryoshka"},{"floor":9.0,"key":"Strawberry"},{"floor":9.0,"key":"Boot"},{"floor":11.0,"key":"Old Coin"},{"floor":13.0,"key":"Bag of Preparation"}],"event_choices":[{"damage_healed":0.0,"max_hp_gain":0.0,"max_hp_loss":0.0,"gold_gain":0.0,"event_name":"Shining Light","player_choice":"Entered Light","floor":2.0,"gold_loss":0.0,"damage_taken":14.0,"cards_upgraded":["Strike_G","Strike_G"]},{"damage_healed":0.0,"max_hp_gain":0.0,"max_hp_loss":0.0,"gold_gain":64.0,"event_name":"Golden Wing","player_choice":"Gained Gold","floor":3.0,"gold_loss":0.0,"damage_taken":0.0},{"damage_healed":17.0,"max_hp_gain":0.0,"max_hp_loss":0.0,"gold_gain":0.0,"event_name":"The Cleric","player_choice":"Healed","floor":4.0,"gold_loss":35.0,"damage_taken":0.0},{"damage_healed":0.0,"max_hp_gain":0.0,"max_hp_loss":0.0,"gold_gain":0.0,"event_name":"Match and Keep!","player_choice":"1 cards matched","floor":7.0,"gold_loss":0.0,"damage_taken":0.0,"cards_obtained":["Outmaneuver"]}],"is_beta":false,"boss_relics":[{"not_picked":["Pandora\u0027s Box","Calling Bell"],"picked":"Eternal Feather"}],"items_purged_floors":[14,22],"is_endless":false,"potions_floor_spawned":[1,8,12,16,19,20],"killed_by":"Book of Stabbing","ascension_level":3}