{"gold_per_floor":[116,66,66,66,87,125,150,168,193,228,98,114,142,175,175,300,300,316,316,186,205,5,49,49,70,70,70,86,99,132,132,132,257,257,280,181,199,3,3,36,36,36,36,56,56,94,112,112,112,112],"floor_reached":51,"playtime":3248,"items_purged":["Injury","Defend_B","Strike_B","Strike_B","Strike_B"],"score":838,"play_id":"736a3598-5d3a-4e84-8f1e-ab784f163e91","local_time":"20190201005114","is_ascension_mode":false,"campfire_choices":[{"data":"Dualcast","floor":15,"key":"SMITH"},{"data":"Ball Lightning","floor":24,"key":"SMITH"},{"data":"Conserve Battery","floor":27,"key":"SMITH"},{"floor":32,"key":"REST"},{"data":"Buffer","floor":41,"key":"SMITH"},{"floor":45,"key":"REST"},{"data":"Barrage","floor":49,"key":"SMITH"}],"neow_cost":"NONE","seed_source_timestamp":337900243741437,"circlet_count":0,"master_deck":["Defend_B","Defend_B","Defend_B","Zap+1","Dualcast+1","Barrage","Gash","Sweeping Beam","Ball Lightning","Coolheaded","Compile Driver","Auto Shields","Leap","Ball Lightning+1","Go for the Eyes","Buffer+1","Steam+1","Conserve Battery+1","Cold Snap","Stack","Melter","Defragment","Conserve Battery+1","Go for the Eyes+1","Leap+1","Seek+1","Gash+1","Gash","Shame","Barrage+1","Pain","Doom and Gloom+1","Hologram+1","Gash","Writhe"],"relics":["Cracked Core","NeowsBlessing","Golden Idol","Lantern","Pen Nib","Smiling Mask","Odd Mushroom","Strawberry","Black Star","MutagenicStrength","Vajra","Toxic Egg 2","Shuriken","Potion Belt","PreservedInsect","Cursed Key","Bag of Marbles","Gremlin Horn","Dream Catcher","Centennial Puzzle","Boot","Juzu Bracelet","Ginger"],"potions_floor_usage":[10,14,16,23,33,33,33,50,50,50,50],"damage_taken":[{"damage":0,"enemies":"Jaw Worm","floor":1,"turns":1},{"damage":0,"enemies":"2 Louse","floor":5,"turns":1},{"damage":0,"enemies":"Lagavulin","floor":6,"turns":2},{"damage":0,"enemies":"Small Slimes","floor":7,"turns":3},{"damage":14,"enemies":"3 Louse","floor":8,"turns":2},{"damage":17,"enemies":"3 Sentries","floor":10,"turns":5},{"damage":0,"enemies":"2 Fungi Beasts","floor":12,"turns":2},{"damage":1,"enemies":"The Mushroom Lair","floor":13,"turns":3},{"damage":6,"enemies":"Gremlin Nob","floor":14,"turns":3},{"damage":3,"enemies":"Slime Boss","floor":16,"turns":7},{"damage":5,"enemies":"Chosen","floor":18,"turns":4},{"damage":12,"enemies":"Shell Parasite","floor":21,"turns":6},{"damage":12,"enemies":"Slavers","floor":23,"turns":3},{"damage":0,"enemies":"Sentry and Sphere","floor":25,"turns":4},{"damage":12,"enemies":"Centurion and Healer","floor":28,"turns":3},{"damage":1,"enemies":"Snecko","floor":29,"turns":5},{"damage":20,"enemies":"Book of Stabbing","floor":30,"turns":6},{"damage":39,"enemies":"Collector","floor":33,"turns":12},{"damage":10,"enemies":"3 Darklings","floor":35,"turns":4},{"damage":4,"enemies":"3 Shapes","floor":37,"turns":2},{"damage":13,"enemies":"Giant Head","floor":40,"turns":7},{"damage":17,"enemies":"3 Darklings","floor":44,"turns":4},{"damage":0,"enemies":"Reptomancer","floor":46,"turns":2},{"damage":0,"enemies":"Spire Growth","floor":47,"turns":4},{"damage":48,"enemies":"Time Eater","floor":50,"turns":11}],"seed_played":"3966857357736486489","potions_obtained":[{"floor":7,"key":"Fire Potion"},{"floor":8,"key":"Strength Potion"},{"floor":10,"key":"Dexterity Potion"},{"floor":13,"key":"SpeedPotion"},{"floor":16,"key":"Strength Potion"},{"floor":21,"key":"Ancient Potion"},{"floor":23,"key":"Poison Potion"},{"floor":29,"key":"Regen Potion"},{"floor":40,"key":"SteroidPotion"},{"floor":44,"key":"FocusPotion"},{"floor":46,"key":"AttackPotion"},{"floor":47,"key":"Weak Potion"}],"is_trial":false,"path_per_floor":["M","?","?","?","M","E","M","M","T","E","$","M","?","E","R","B",null,"M","?","$","M","$","E","R","M","T","R","M","M","E","?","R","B",null,"M","$","M","$","T","E","R","?","T","M","R","E","M","?","R","B",null],"character_chosen":"DEFECT","items_purchased":["Auto Shields","Conserve Battery","Cold Snap","Stack","Melter","PowerPotion","Fire Potion","Bag of Marbles"],"campfire_rested":2,"item_purchase_floors":[11,20,20,22,22,22,36,38],"current_hp_per_floor":[75,75,75,75,75,75,75,61,61,44,44,44,43,44,44,41,82,77,77,77,65,65,53,53,53,53,53,41,40,20,12,36,12,82,72,72,68,68,68,55,55,55,55,38,62,62,62,82,82,34],"gold":112,"neow_bonus":"THREE_ENEMY_KILL","is_prod":false,"is_daily":false,"chose_seed":false,"campfire_upgraded":5,"win_rate":0.0,"timestamp":1549000274,"path_taken":["M","?","?","?","M","E","M","M","T","E","$","M","?","E","R","BOSS","M","?","$","M","$","E","R","M","T","R","M","M","E","?","R","BOSS","M","$","M","$","?","E","R","?","T","M","R","E","M","?","R","BOSS"],"build_version":"2019-01-23","purchased_purges":5,"victory":true,"max_hp_per_floor":[75,75,75,75,75,75,75,75,75,75,75,75,75,82,82,82,82,82,82,82,82,82,82,82,82,82,82,82,82,82,82,82,82,82,82,82,82,82,82,82,82,82,82,82,82,82,82,82,82,82],"card_choices":[{"not_picked":["Stack","Scrape"],"picked":"Barrage","floor":1},{"not_picked":["Heatsinks","White Noise"],"picked":"Gash","floor":5},{"not_picked":["Leap","Hologram"],"picked":"Sweeping Beam","floor":6},{"not_picked":["Heatsinks","Blizzard"],"picked":"Ball Lightning","floor":7},{"not_picked":["BootSequence","Buffer"],"picked":"Coolheaded","floor":8},{"not_picked":["Redo","Chill"],"picked":"Compile Driver","floor":10},{"not_picked":["Stack","Barrage"],"picked":"Leap","floor":12},{"not_picked":["Barrage","Blizzard"],"picked":"Ball Lightning","floor":13},{"not_picked":["Beam Cell","Machine Learning"],"picked":"Go for the Eyes","floor":14},{"not_picked":["Creative AI","Rainbow"],"picked":"Buffer","floor":16},{"not_picked":["Rip and Tear+1","Redo+1"],"picked":"Steam+1","floor":18},{"not_picked":["Beam Cell","Redo+1","Ball Lightning"],"picked":"SKIP","floor":21},{"not_picked":["Static Discharge+1","Coolheaded"],"picked":"Defragment","floor":23},{"not_picked":["Steam+1","Barrage+1"],"picked":"Conserve Battery+1","floor":25},{"not_picked":["White Noise+1","Tempest+1"],"picked":"Sweeping Beam+1","floor":28},{"not_picked":["Melter","Consume+1"],"picked":"Go for the Eyes+1","floor":29},{"not_picked":["Thunder Strike","Genetic Algorithm+1"],"picked":"Leap+1","floor":30},{"not_picked":["Reboot+1","Thunder Strike"],"picked":"Seek+1","floor":33},{"not_picked":["Ball Lightning+1","Reinforced Body+1"],"picked":"Gash+1","floor":35},{"not_picked":["Force Field+1","Redo+1"],"picked":"Gash","floor":37},{"not_picked":["Leap+1","Hologram+1"],"picked":"Barrage","floor":40},{"not_picked":["BootSequence+1","Genetic Algorithm+1"],"picked":"Doom and Gloom+1","floor":44},{"not_picked":["Redo+1","Static Discharge"],"picked":"Hologram+1","floor":45},{"not_picked":["Creative AI","Fusion+1","Streamline"],"picked":"SKIP","floor":46},{"not_picked":["Go for the Eyes","Coolheaded+1"],"picked":"Gash","floor":47}],"player_experience":8224,"relics_obtained":[{"floor":6,"key":"Lantern"},{"floor":9,"key":"Pen Nib"},{"floor":10,"key":"Smiling Mask"},{"floor":13,"key":"Odd Mushroom"},{"floor":14,"key":"Strawberry"},{"floor":23,"key":"Vajra"},{"floor":23,"key":"Toxic Egg 2"},{"floor":26,"key":"Shuriken"},{"floor":30,"key":"Potion Belt"},{"floor":30,"key":"PreservedInsect"},{"floor":39,"key":"Gremlin Horn"},{"floor":40,"key":"Dream Catcher"},{"floor":40,"key":"Centennial Puzzle"},{"floor":43,"key":"Boot"},{"floor":46,"key":"Juzu Bracelet"},{"floor":46,"key":"Ginger"}],"event_choices":[{"cards_removed":["Strike_B"],"damage_healed":0,"gold_gain":0,"player_choice":"Card Removal","damage_taken":0,"max_hp_gain":0,"max_hp_loss":0,"event_name":"The Cleric","floor":2,"gold_loss":50},{"damage_healed":0,"gold_gain":0,"player_choice":"Grow","damage_taken":0,"max_hp_gain":0,"max_hp_loss":0,"event_name":"Living Wall","floor":3,"gold_loss":0,"cards_upgraded":["Zap"]},{"damage_healed":0,"gold_gain":0,"player_choice":"Take Wound","damage_taken":0,"relics_obtained":["Golden Idol"],"max_hp_gain":0,"max_hp_loss":0,"event_name":"Golden Idol","floor":4,"gold_loss":0,"cards_obtained":["Injury"]},{"damage_healed":0,"gold_gain":0,"player_choice":"Fought Mushrooms","damage_taken":0,"max_hp_gain":0,"max_hp_loss":0,"event_name":"Mushrooms","floor":13,"gold_loss":0},{"damage_healed":0,"gold_gain":0,"player_choice":"Inject Mutagens","damage_taken":0,"relics_obtained":["MutagenicStrength"],"max_hp_gain":0,"max_hp_loss":0,"event_name":"Drug Dealer","floor":19,"gold_loss":0},{"damage_healed":0,"gold_gain":0,"player_choice":"Damaged","damage_taken":8,"max_hp_gain":0,"max_hp_loss":0,"event_name":"Wheel of Change","floor":31,"gold_loss":0},{"cards_removed":["Sweeping Beam"],"damage_healed":0,"gold_gain":0,"player_choice":"Removed Attack","damage_taken":0,"max_hp_gain":0,"max_hp_loss":0,"event_name":"Falling","floor":42,"gold_loss":0},{"damage_healed":21,"gold_gain":0,"player_choice":"Writhe","damage_taken":0,"max_hp_gain":0,"max_hp_loss":0,"event_name":"Winding Halls","floor":48,"gold_loss":0,"cards_obtained":["Writhe"]}],"is_beta":false,"boss_relics":[{"not_picked":["Inserter","Calling Bell"],"picked":"Black Star"},{"not_picked":["White Beast Statue","Runic Dome"],"picked":"Cursed Key"}],"items_purged_floors":[11,20,22,36,38],"is_endless":false,"potions_floor_spawned":[7,8,10,13,16,21,23,28,29,40,44,46,47],"ascension_level":0}