{"gold_per_floor":[119,119,40,53,53,53,53,102,102,102,133,133,156,197,197,197],"floor_reached":16,"playtime":791,"items_purged":[],"score":212,"play_id":"2e2ba6ef-90a6-43b9-82d2-d7397adfb276","local_time":"20190203000347","is_ascension_mode":true,"campfire_choices":[{"data":"Flechettes","floor":6,"key":"SMITH"},{"data":"Neutralize","floor":10,"key":"SMITH"},{"data":"Doppelganger","floor":12,"key":"SMITH"},{"data":"Survivor","floor":15,"key":"SMITH"}],"neow_cost":"NONE","seed_source_timestamp":1003357746808677,"circlet_count":0,"master_deck":["AscendersBane","Defend_G","Defend_G","Defend_G","Defend_G","Defend_G","Strike_G","Strike_G","Strike_G","Strike_G","Survivor+1","Neutralize+1","Flechettes+1","Infinite Blades","Doppelganger+1"],"relics":["Ring of the Snake","Golden Idol","Centennial Puzzle","Orichalcum","Bronze Scales","Letter Opener"],"potions_floor_usage":[16],"damage_taken":[{"damage":3,"enemies":"Jaw Worm","floor":1,"turns":4},{"damage":1,"enemies":"2 Louse","floor":4,"turns":3},{"damage":10,"enemies":"3 Sentries","floor":11,"turns":8},{"damage":0,"enemies":"Small Slimes","floor":13,"turns":3},{"damage":27,"enemies":"Lagavulin","floor":14,"turns":10},{"damage":36,"enemies":"Slime Boss","floor":16,"turns":10}],"seed_played":"4682841689146265963","potions_obtained":[{"floor":14,"key":"EssenceOfSteel"}],"is_trial":false,"path_per_floor":["?","?","?","T"],"character_chosen":"THE_SILENT","items_purchased":["Infinite Blades"],"campfire_rested":0,"item_purchase_floors":[3],"current_hp_per_floor":[62,62,62,61,66,66,66,66,66,66,56,56,56,29,29,0],"gold":197,"neow_bonus":"TEN_PERCENT_HP_BONUS","is_prod":false,"is_daily":false,"chose_seed":false,"campfire_upgraded":4,"win_rate":0,"timestamp":1549145027,"path_taken":["M","?","$","M","?","R","?","?","T","R","E","R","M","E","R","BOSS"],"build_version":"2019-01-23","purchased_purges":0,"victory":false,"max_hp_per_floor":[72,65,65,65,70,70,70,70,70,70,70,70,70,70,70,70],"card_choices":[{"not_picked":["Acrobatics","Cloak And Dagger"],"picked":"Flechettes","floor":1},{"not_picked":["Underhanded Strike","Endless Agony","Infinite Blades"],"picked":"SKIP","floor":4},{"not_picked":["Blade Dance","Dagger Spray"],"picked":"Doppelganger","floor":11},{"not_picked":["Bane","Quick Slash","Catalyst"],"picked":"SKIP","floor":13},{"not_picked":["Deflect","Dodge and Roll","Eviscerate"],"picked":"SKIP","floor":14}],"player_experience":1149593,"relics_obtained":[{"floor":8,"key":"Centennial Puzzle"},{"floor":9,"key":"Orichalcum"},{"floor":11,"key":"Bronze Scales"},{"floor":14,"key":"Letter Opener"}],"event_choices":[{"damage_healed":0,"gold_gain":0,"player_choice":"Lose Max HP","damage_taken":0,"relics_obtained":["Golden Idol"],"max_hp_gain":0,"max_hp_loss":7,"event_name":"Golden Idol","floor":2,"gold_loss":0},{"damage_healed":0,"gold_gain":0,"player_choice":"Donut","damage_taken":0,"max_hp_gain":5,"max_hp_loss":0,"event_name":"Big Fish","floor":5,"gold_loss":0},{"cards_removed":["Strike_G"],"damage_healed":0,"gold_gain":0,"player_choice":"Forget","damage_taken":0,"max_hp_gain":0,"max_hp_loss":0,"event_name":"Living Wall","floor":7,"gold_loss":0}],"is_beta":false,"boss_relics":[],"items_purged_floors":[],"is_endless":false,"potions_floor_spawned":[14],"killed_by":"Slime Boss","ascension_level":20}