{"gold_per_floor":[116,116,133,98,22,22,48,48,48,10,35,35,45,63,63,161,161,175,175,188,202,48,48,82,82,106,124,124,142,241,266,266,368,368,386,399,399,272,290,290,309,322,322,341,355,231,231,247,247,247,247,247,129,157,157],"floor_reached":55,"playtime":3925,"items_purged":["Writhe","Writhe","Injury","Defend_B"],"score":669,"play_id":"1c412df2-b363-4ae6-bd40-f008a831d87c","local_time":"20190113090023","is_ascension_mode":false,"campfire_choices":[{"floor":6.0,"key":"RECALL"},{"floor":12.0,"key":"REST"},{"data":"Defragment","floor":15.0,"key":"SMITH"},{"floor":23.0,"key":"REST"},{"floor":25.0,"key":"REST"},{"floor":32.0,"key":"REST"},{"data":"Sunder","floor":40.0,"key":"SMITH"},{"data":"Loop","floor":47.0,"key":"SMITH"},{"data":"Auto Shields","floor":49.0,"key":"SMITH"},{"data":"Hologram","floor":52.0,"key":"SMITH"}],"neow_cost":"NONE","seed_source_timestamp":2749819384502,"circlet_count":0,"master_deck":["Strike_B","Strike_B","Strike_B","Strike_B+1","Defend_B+1","Defend_B","Defend_B","Zap","Dualcast","Conserve Battery","Loop+1","Defragment+1","Auto Shields+1","Leap","Capacitor+1","Sunder+1","Core Surge","Consume+1","Hologram+1","Storm+1","Self Repair+1","Capacitor+1","Redo+1","Cold Snap","Conserve Battery+1","Echo Form+1","Ball Lightning+1","Chill","Sweeping Beam+1","Glacier+1","FTL","Static Discharge+1","Darkness+1"],"special_seed":0,"relics":["FrozenCore","Ice Cream","Kunai","Frozen Egg 2","Calling Bell","Ancient Tea Set","Dodecahedron","Bird Faced Urn","Turnip","Cables","Smiling Mask","Regal Pillow","Calipers"],"potions_floor_usage":[55,55,55],"damage_taken":[{"damage":5.0,"enemies":"Small Slimes","floor":1.0,"turns":3.0},{"damage":1.0,"enemies":"2 Louse","floor":3.0,"turns":2.0},{"damage":24.0,"enemies":"Lagavulin","floor":7.0,"turns":8.0},{"damage":3.0,"enemies":"3 Sentries","floor":11.0,"turns":7.0},{"damage":1.0,"enemies":"Cultist","floor":13.0,"turns":3.0},{"damage":13.0,"enemies":"Lots of Slimes","floor":14.0,"turns":5.0},{"damage":38.0,"enemies":"Hexaghost","floor":16.0,"turns":9.0},{"damage":11.0,"enemies":"Spheric Guardian","floor":18.0,"turns":4.0},{"damage":10.0,"enemies":"Chosen","floor":20.0,"turns":5.0},{"damage":31.0,"enemies":"Snecko","floor":21.0,"turns":6.0},{"damage":51.0,"enemies":"Slavers","floor":24.0,"turns":5.0},{"damage":45.0,"enemies":"Centurion and Healer","floor":27.0,"turns":6.0},{"damage":39.0,"enemies":"3 Cultists","floor":29.0,"turns":5.0},{"damage":12.0,"enemies":"Book of Stabbing","floor":31.0,"turns":6.0},{"damage":41.0,"enemies":"Collector","floor":33.0,"turns":8.0},{"damage":0.0,"enemies":"Orb Walker","floor":35.0,"turns":4.0},{"damage":5.0,"enemies":"3 Shapes","floor":36.0,"turns":6.0},{"damage":7.0,"enemies":"Sphere and 2 Shapes","floor":39.0,"turns":6.0},{"damage":0.0,"enemies":"Maw","floor":41.0,"turns":8.0},{"damage":1.0,"enemies":"Spire Growth","floor":42.0,"turns":6.0},{"damage":15.0,"enemies":"Sphere and 2 Shapes","floor":44.0,"turns":5.0},{"damage":5.0,"enemies":"Maw","floor":45.0,"turns":6.0},{"damage":10.0,"enemies":"4 Shapes","floor":48.0,"turns":4.0},{"damage":1.0,"enemies":"Time Eater","floor":50.0,"turns":11.0},{"damage":58.0,"enemies":"Shield and Spear","floor":54.0,"turns":6.0},{"damage":90,"enemies":"The Heart","floor":55,"turns":8}],"seed_played":"5629466745095921841","potions_obtained":[{"floor":3.0,"key":"Swift Potion"},{"floor":7.0,"key":"Strength Potion"},{"floor":16.0,"key":"Energy Potion"},{"floor":27.0,"key":"AttackPotion"},{"floor":29.0,"key":"Weak Potion"},{"floor":31.0,"key":"SkillPotion"},{"floor":33.0,"key":"AttackPotion"},{"floor":41.0,"key":"Weak Potion"},{"floor":42.0,"key":"Fire Potion"},{"floor":54.0,"key":"Poison Potion"}],"is_trial":false,"path_per_floor":["M","?","M","?","$","R","E","?","T","$","E","R","M","M","R","B",null,"M","?","M","M","$","R","E","R","T","M","?","M","?","E","R","B",null,"M","M","?","$","M","R","M","M","T","M","M","$","R","M","R","B",null,"R","$","E","B"],"character_chosen":"DEFECT","items_purchased":["Defragment","Auto Shields","Self Repair+1","Chill","FTL","Static Discharge+1"],"campfire_rested":4,"item_purchase_floors":[5,10,22,38,46,53],"current_hp_per_floor":[77,61,60,80,80,80,56,56,56,56,53,77,76,63,63,25,82,71,71,67,42,42,66,35,59,59,34,34,15,15,21,45,26,82,82,82,74,74,82,82,82,82,82,82,82,82,82,82,82,82,82,82,82,48,0],"gold":157,"neow_bonus":"TEN_PERCENT_HP_BONUS","is_prod":false,"is_daily":false,"chose_seed":false,"campfire_upgraded":5,"win_rate":0,"timestamp":1547391623,"path_taken":["M","?","M","?","$","R","E","?","T","$","E","R","M","M","R","BOSS","M","?","M","M","$","R","E","R","T","M","?","M","?","E","R","BOSS","M","M","?","$","M","R","M","M","T","M","?","$","R","?","R","BOSS","R","$","E","BOSS"],"build_version":"2019-01-10","purchased_purges":4,"victory":false,"max_hp_per_floor":[82,82,82,82,82,82,82,82,82,82,82,82,82,82,82,82,82,82,82,82,82,82,82,82,82,82,82,82,82,82,82,82,82,82,82,82,82,82,82,82,82,82,82,82,82,82,82,82,82,82,82,82,82,82,82],"card_choices":[{"not_picked":["Ball Lightning","Stack"],"picked":"Conserve Battery","floor":1.0},{"not_picked":["Ball Lightning","Force Field"],"picked":"Loop","floor":3.0},{"not_picked":["Static Discharge","Rip and Tear","Fusion"],"picked":"SKIP","floor":7.0},{"not_picked":["Coolheaded","Steam"],"picked":"Leap","floor":11.0},{"not_picked":["Conserve Battery","Defragment+1"],"picked":"Capacitor+1","floor":13.0},{"not_picked":["Darkness","Streamline"],"picked":"Sunder","floor":14.0},{"not_picked":["Amplify","Biased Cognition+1"],"picked":"Core Surge","floor":16.0},{"not_picked":["Leap","Barrage"],"picked":"Consume+1","floor":18.0},{"not_picked":["Sunder","Barrage+1"],"picked":"Hologram","floor":20.0},{"not_picked":["BootSequence+1","Beam Cell"],"picked":"Storm+1","floor":21.0},{"not_picked":["Thunder Strike","Core Surge"],"picked":"Capacitor+1","floor":24.0},{"not_picked":["Hello World+1","Loop+1"],"picked":"Redo+1","floor":27.0},{"not_picked":["Sweeping Beam+1","Beam Cell"],"picked":"Cold Snap","floor":29.0},{"not_picked":["Coolheaded","Turbo"],"picked":"Conserve Battery+1","floor":31.0},{"not_picked":["Multi-Cast","Reboot"],"picked":"Echo Form+1","floor":33.0},{"not_picked":["Hologram+1","Beam Cell","Sweeping Beam"],"picked":"SKIP","floor":35.0},{"not_picked":["Gash","Scrape+1"],"picked":"Ball Lightning+1","floor":36.0},{"not_picked":["Fusion","Compile Driver","Steam Power"],"picked":"SKIP","floor":39.0},{"not_picked":["Gash+1","Steam"],"picked":"Sweeping Beam+1","floor":41.0},{"not_picked":["Sweeping Beam","Coolheaded+1","Sunder+1"],"picked":"SKIP","floor":42.0},{"not_picked":["Steam Power","Genetic Algorithm","Stack+1"],"picked":"SKIP","floor":44.0},{"not_picked":["Streamline+1","Turbo+1"],"picked":"Glacier+1","floor":45.0},{"not_picked":["Chaos","Sweeping Beam+1","Coolheaded"],"picked":"SKIP","floor":48.0},{"not_picked":["Fusion","Compile Driver"],"picked":"Darkness+1","floor":54.0}],"player_experience":247073,"relics_obtained":[{"floor":7.0,"key":"Ice Cream"},{"floor":9.0,"key":"Kunai"},{"floor":11.0,"key":"Frozen Egg 2"},{"floor":17.0,"key":"Ancient Tea Set"},{"floor":17.0,"key":"Dodecahedron"},{"floor":17.0,"key":"Bird Faced Urn"},{"floor":24.0,"key":"Cables"},{"floor":31.0,"key":"Smiling Mask"},{"floor":43.0,"key":"Regal Pillow"},{"floor":54.0,"key":"Calipers"}],"event_choices":[{"damage_healed":0.0,"max_hp_gain":0.0,"max_hp_loss":0.0,"gold_gain":0.0,"event_name":"Shining Light","player_choice":"Entered Light","floor":2.0,"gold_loss":0.0,"damage_taken":16.0,"cards_upgraded":["Defend_B","Strike_B"]},{"damage_healed":20.0,"max_hp_gain":0.0,"max_hp_loss":0.0,"gold_gain":0.0,"event_name":"The Cleric","player_choice":"Healed","floor":4.0,"gold_loss":35.0,"damage_taken":0.0},{"damage_healed":0.0,"max_hp_gain":0.0,"max_hp_loss":0.0,"gold_gain":0.0,"event_name":"Liars Game","player_choice":"Ignored","floor":8.0,"gold_loss":0.0,"damage_taken":0.0},{"damage_healed":0.0,"max_hp_gain":0.0,"max_hp_loss":0.0,"gold_gain":0.0,"event_name":"The Mausoleum","player_choice":"Opened","floor":19.0,"gold_loss":0.0,"damage_taken":0.0,"relics_obtained":["Turnip"]},{"damage_healed":0.0,"max_hp_gain":0.0,"max_hp_loss":0.0,"gold_gain":0.0,"event_name":"Ghosts","player_choice":"Ignored","floor":28.0,"gold_loss":0.0,"damage_taken":0.0},{"damage_healed":0.0,"max_hp_gain":0.0,"max_hp_loss":0.0,"gold_gain":99.0,"event_name":"Nest","player_choice":"Stole From Cult","floor":30.0,"gold_loss":0.0,"damage_taken":0.0},{"damage_healed":0.0,"max_hp_gain":0.0,"max_hp_loss":0.0,"gold_gain":0.0,"event_name":"Wheel of Change","player_choice":"Damaged","floor":37.0,"gold_loss":0.0,"damage_taken":8.0}],"is_beta":false,"boss_relics":[{"not_picked":["Velvet Choker","Black Star"],"picked":"Calling Bell"},{"not_picked":["Cursed Key","Coffee Dripper"],"picked":"FrozenCore"}],"items_purged_floors":[22,38,46,53],"is_endless":false,"potions_floor_spawned":[3,7,16,27,29,31,33,41,42,54],"killed_by":"The Heart","ascension_level":0}