{"gold_per_floor":[118,118,118,118,129,129,158,177,177,189,231,258,281,293,305,413,425,448,375,387,399,411,449,474,486,498,543,555,95,428,442,442,542,542,559,559,659,659,659,690,715,715,740,791,818,495,525,0,0,0],"floor_reached":51,"playtime":5861,"items_purged":["Strike_B","Dualcast"],"score":1238,"play_id":"7792ba3a-b792-40ac-b37c-37d76ee30ed5","local_time":"20190109002455","is_ascension_mode":true,"campfire_choices":[{"data":"Creative AI","floor":6.0,"key":"SMITH"},{"floor":10.0,"key":"REST"},{"data":"Fission","floor":15.0,"key":"SMITH"},{"floor":28.0,"key":"REST"},{"data":"Echo Form","floor":32.0,"key":"SMITH"},{"floor":42.0,"key":"REST"},{"floor":49,"key":"RECALL"}],"neow_cost":"NONE","seed_source_timestamp":2079511428177,"circlet_count":0,"master_deck":["Defend_B","Defend_B","Defend_B+1","Zap+1","Creative AI","Leap","Creative AI+1","FTL+1","Chill","Go for the Eyes+1","Fission+1","Conserve Battery","Echo Form+1","Cold Snap+1","Hologram","Conserve Battery","Glacier+1","Hologram","Compile Driver+1","Sweeping Beam+1","Meteor Strike+1","Coolheaded+1","Reinforced Body+1","Meteor Strike+1","Hologram","Scrape+1"],"special_seed":0,"relics":["Cracked Core","Matryoshka","MawBank","Molten Egg 2","Juzu Bracelet","Snecko Eye","Question Card","Dream Catcher","Whetstone","Enchiridion","Potion Belt","Thread and Needle","Ornamental Fan","Membership Card","DataDisk","Dodecahedron","Old Coin","Fusion Hammer","WingedGreaves","Boot","Gremlin Horn","War Paint","FossilizedHelix","Torii","Cables","Chemical X","Orichalcum","Red Mask"],"potions_floor_usage":[50,50,50,50,50,50],"damage_taken":[{"damage":3.0,"enemies":"2 Louse","floor":1.0,"turns":2.0},{"damage":0.0,"enemies":"Jaw Worm","floor":5.0,"turns":3.0},{"damage":24.0,"enemies":"Gremlin Nob","floor":7.0,"turns":5.0},{"damage":0.0,"enemies":"Cultist","floor":8.0,"turns":4.0},{"damage":1.0,"enemies":"Lagavulin","floor":11.0,"turns":8.0},{"damage":1.0,"enemies":"Exordium Thugs","floor":12.0,"turns":6.0},{"damage":4.0,"enemies":"Red Slaver","floor":13.0,"turns":4.0},{"damage":23.0,"enemies":"Slime Boss","floor":16.0,"turns":10.0},{"damage":10.0,"enemies":"Chosen","floor":18.0,"turns":8.0},{"damage":24.0,"enemies":"Book of Stabbing","floor":23.0,"turns":6.0},{"damage":0.0,"enemies":"Shell Parasite","floor":24.0,"turns":6.0},{"damage":25.0,"enemies":"Slavers","floor":27.0,"turns":6.0},{"damage":0.0,"enemies":"Book of Stabbing","floor":30.0,"turns":9.0},{"damage":0.0,"enemies":"Snake Plant","floor":31.0,"turns":5.0},{"damage":5.0,"enemies":"Champ","floor":33.0,"turns":13.0},{"damage":0.0,"enemies":"3 Darklings","floor":35.0,"turns":4.0},{"damage":0.0,"enemies":"Mind Bloom Boss Battle","floor":37.0,"turns":4.0},{"damage":0.0,"enemies":"Nemesis","floor":40.0,"turns":4.0},{"damage":16.0,"enemies":"Reptomancer","floor":41.0,"turns":4.0},{"damage":1,"enemies":"2 Orb Walkers","floor":44,"turns":5},{"damage":0,"enemies":"Giant Head","floor":45,"turns":4},{"damage":0,"enemies":"Reptomancer","floor":47,"turns":3},{"damage":0,"enemies":"Awakened One","floor":50,"turns":7}],"seed_played":"-1797999093631374545","potions_obtained":[{"floor":5.0,"key":"Dexterity Potion"},{"floor":8.0,"key":"GamblersBrew"},{"floor":11.0,"key":"Dexterity Potion"},{"floor":16.0,"key":"Regen Potion"},{"floor":24.0,"key":"GamblersBrew"},{"floor":30.0,"key":"Block Potion"},{"floor":31.0,"key":"Block Potion"},{"floor":33.0,"key":"Fire Potion"},{"floor":40.0,"key":"Block Potion"},{"floor":44,"key":"Strength Potion"},{"floor":45,"key":"EntropicBrew"}],"is_trial":false,"path_per_floor":["M","?","?","?","M","R","E","M","T","R","E","M","M","$","R","B",null,"M","?","T","?","?","E","M","$","T","E","R","$","E","M","R","B",null,"M","?","?","?","?","E","E","R","T","?","E","$","E","?","R","B",null],"character_chosen":"DEFECT","items_purchased":["Membership Card","DataDisk","Compile Driver+1","Dodecahedron","Scrape+1","Cables","Chemical X"],"campfire_rested":3,"item_purchase_floors":[29,29,29,29,46,46,46],"current_hp_per_floor":[72,57,50,50,50,50,26,26,26,48,47,46,42,42,42,19,75,65,65,65,49,49,40,40,40,40,15,37,37,37,37,37,32,75,75,71,71,71,71,71,55,71,71,70,70,70,70,70,70,70],"gold":0,"neow_bonus":"ONE_RANDOM_RARE_CARD","is_prod":false,"is_daily":false,"chose_seed":false,"campfire_upgraded":3,"win_rate":0,"timestamp":1547015095,"path_taken":["M","?","?","?","M","R","E","?","T","R","E","M","M","?","R","BOSS","M","?","?","?","?","E","M","?","T","E","R","$","E","M","R","BOSS","M","?","?","?","?","E","E","R","T","?","E","$","E","?","R","BOSS"],"build_version":"2019-01-03v4","purchased_purges":2,"victory":true,"max_hp_per_floor":[75,75,75,75,75,75,75,75,75,75,75,75,75,75,75,75,75,75,75,75,75,75,75,75,75,75,75,75,75,75,75,75,75,75,75,71,71,71,71,71,71,71,71,71,71,71,71,71,71,71],"card_choices":[{"not_picked":["Streamline","Turbo"],"picked":"Leap","floor":1.0},{"not_picked":["Stack","Coolheaded"],"picked":"FTL","floor":5.0},{"not_picked":["Stack","Steam"],"picked":"Chill","floor":7.0},{"not_picked":["Glacier","Barrage"],"picked":"Go for the Eyes","floor":8.0},{"not_picked":["Double Energy","Go for the Eyes+1"],"picked":"Fission","floor":11.0},{"not_picked":["Streamline+1","Ball Lightning+1","Compile Driver+1"],"picked":"SKIP","floor":12.0},{"not_picked":["Redo","Barrage+1"],"picked":"Conserve Battery","floor":13.0},{"not_picked":["Multi-Cast","Biased Cognition"],"picked":"Echo Form","floor":16.0},{"not_picked":["Ball Lightning+1","Steam"],"picked":"Cold Snap+1","floor":18.0},{"not_picked":["Gash+1","Ball Lightning+1","Steam Power"],"picked":"Hologram","floor":23.0},{"not_picked":["Static Discharge+1","Stack","Steam"],"picked":"Conserve Battery","floor":24.0},{"not_picked":["Reboot","Thunder Strike+1","Heatsinks"],"picked":"Glacier+1","floor":27.0},{"not_picked":["Beam Cell+1","Ball Lightning+1","Turbo"],"picked":"Hologram","floor":28.0},{"not_picked":["Leap","Loop","Reinforced Body"],"picked":"Sweeping Beam+1","floor":30.0},{"not_picked":["Redo+1","Leap","Rebound+1","Sweeping Beam+1"],"picked":"SKIP","floor":31.0},{"not_picked":["Biased Cognition","Fission","Reboot"],"picked":"Meteor Strike+1","floor":33.0},{"not_picked":["Hologram","Redo+1","Glacier+1"],"picked":"Coolheaded+1","floor":35.0},{"not_picked":["Compile Driver+1","Cold Snap+1","Coolheaded"],"picked":"Reinforced Body","floor":40.0},{"not_picked":["Capacitor","Conserve Battery","Stack"],"picked":"Meteor Strike+1","floor":41.0},{"not_picked":["Cold Snap+1","Leap","Melter+1"],"picked":"Hologram","floor":42.0},{"not_picked":["Reinforced Body+1","Tempest","Stack+1","Hello World"],"picked":"SKIP","floor":45},{"not_picked":["Doom and Gloom+1","Heatsinks","Barrage+1","Compile Driver+1"],"picked":"SKIP","floor":47}],"player_experience":161822,"relics_obtained":[{"floor":7.0,"key":"Matryoshka"},{"floor":9.0,"key":"MawBank"},{"floor":9.0,"key":"Molten Egg 2"},{"floor":11.0,"key":"Juzu Bracelet"},{"floor":20.0,"key":"Dream Catcher"},{"floor":20.0,"key":"Whetstone"},{"floor":21.0,"key":"Enchiridion"},{"floor":23.0,"key":"Potion Belt"},{"floor":26.0,"key":"Thread and Needle"},{"floor":27.0,"key":"Ornamental Fan"},{"floor":30.0,"key":"Old Coin"},{"floor":37.0,"key":"WingedGreaves"},{"floor":40.0,"key":"Boot"},{"floor":41.0,"key":"Gremlin Horn"},{"floor":43.0,"key":"War Paint"},{"floor":44,"key":"FossilizedHelix"},{"floor":45,"key":"Torii"},{"floor":47,"key":"Orichalcum"}],"event_choices":[{"damage_healed":0.0,"max_hp_gain":0.0,"max_hp_loss":0.0,"gold_gain":0.0,"event_name":"Shining Light","player_choice":"Entered Light","floor":2.0,"gold_loss":0.0,"damage_taken":15.0,"cards_upgraded":["Defend_B","Zap"]},{"cards_removed":["Strike_B"],"damage_healed":0.0,"max_hp_gain":0.0,"max_hp_loss":0.0,"gold_gain":0.0,"event_name":"Golden Wing","player_choice":"Card Removal","floor":3.0,"gold_loss":0.0,"damage_taken":7.0},{"damage_healed":0.0,"max_hp_gain":0.0,"max_hp_loss":0.0,"gold_gain":0.0,"cards_transformed":["Strike_B"],"event_name":"Transmorgrifier","player_choice":"Transformed","floor":4.0,"gold_loss":0.0,"damage_taken":0.0,"cards_obtained":["Creative AI"]},{"damage_healed":0.0,"max_hp_gain":0.0,"max_hp_loss":0.0,"gold_gain":0.0,"event_name":"Addict","player_choice":"Obtained Relic","floor":19.0,"gold_loss":85.0,"damage_taken":0.0,"relics_obtained":["Question Card"]},{"damage_healed":0.0,"max_hp_gain":0.0,"max_hp_loss":0.0,"gold_gain":0.0,"event_name":"Cursed Tome","player_choice":"Obtained Book","floor":21.0,"gold_loss":0.0,"damage_taken":16.0},{"cards_removed":["Strike_B"],"damage_healed":0.0,"max_hp_gain":0.0,"max_hp_loss":0.0,"gold_gain":0.0,"event_name":"Back to Basics","player_choice":"Elegance","floor":22.0,"gold_loss":0.0,"damage_taken":0.0},{"damage_healed":0.0,"max_hp_gain":0.0,"max_hp_loss":4.0,"gold_gain":0.0,"event_name":"Winding Halls","player_choice":"Max HP","floor":36.0,"gold_loss":0.0,"damage_taken":0.0},{"damage_healed":0.0,"max_hp_gain":0.0,"max_hp_loss":0.0,"gold_gain":0.0,"event_name":"MindBloom","player_choice":"Fight","floor":37.0,"gold_loss":0.0,"damage_taken":0.0},{"damage_healed":0.0,"max_hp_gain":0.0,"max_hp_loss":0.0,"gold_gain":0.0,"event_name":"SensoryStone","player_choice":"Memory 1","floor":38.0,"gold_loss":0.0,"damage_taken":0.0},{"cards_removed":["Defend_B"],"damage_healed":0.0,"max_hp_gain":0.0,"max_hp_loss":0.0,"gold_gain":0.0,"event_name":"Falling","player_choice":"Removed Skill","floor":39.0,"gold_loss":0.0,"damage_taken":0.0},{"damage_healed":0,"gold_gain":0,"player_choice":"Fight","damage_taken":0,"max_hp_gain":0,"max_hp_loss":0,"event_name":"Mysterious Sphere","floor":44,"gold_loss":0},{"damage_healed":0,"gold_gain":0,"player_choice":"Paid","damage_taken":0,"relics_obtained":["Red Mask"],"max_hp_gain":0,"max_hp_loss":0,"event_name":"Tomb of Lord Red Mask","floor":48,"gold_loss":525}],"is_beta":false,"boss_relics":[{"not_picked":["FrozenCore","Black Star"],"picked":"Snecko Eye"},{"not_picked":["Orrery","Tiny House"],"picked":"Fusion Hammer"}],"items_purged_floors":[29,46],"is_endless":false,"potions_floor_spawned":[5,8,11,13,16,24,30,31,33,40,44,45],"ascension_level":4}