{"gold_per_floor":[116,116,116,116,134,134,164,183,208,208,222,222,245,277,277,353,353,370,370,387,312,324,324,324],"floor_reached":24,"playtime":1693,"items_purged":[],"score":398,"play_id":"4d45af40-9463-4fb3-aba5-df5e47c165a7","local_time":"20190129194108","is_ascension_mode":true,"campfire_choices":[{"data":"Self Repair","floor":6.0,"key":"SMITH"},{"data":"Sweeping Beam","floor":10.0,"key":"SMITH"},{"data":"Genetic Algorithm","floor":12.0,"key":"SMITH"},{"floor":15.0,"key":"REST"},{"data":"Echo Form","floor":23,"key":"SMITH"}],"neow_cost":"NONE","seed_source_timestamp":624288536233759,"circlet_count":0,"master_deck":["AscendersBane","Strike_B","Strike_B","Strike_B","Defend_B","Defend_B","Defend_B","Defend_B","Zap+1","Dualcast","Self Repair+1","Sweeping Beam+1","FTL","Genetic Algorithm+1","Ball Lightning","Echo Form+1","Steam","Conserve Battery","Steam"],"special_seed":0,"relics":["Cracked Core","Pen Nib","Ornamental Fan","Potion Belt","Strawberry","Gremlin Horn","Runic Pyramid","Bag of Marbles"],"potions_floor_usage":[24],"damage_taken":[{"damage":1.0,"enemies":"Small Slimes","floor":1.0,"turns":3.0},{"damage":3.0,"enemies":"2 Louse","floor":5.0,"turns":3.0},{"damage":18.0,"enemies":"Lagavulin","floor":7.0,"turns":7.0},{"damage":1.0,"enemies":"Cultist","floor":8.0,"turns":3.0},{"damage":4.0,"enemies":"Lots of Slimes","floor":11.0,"turns":3.0},{"damage":24.0,"enemies":"3 Sentries","floor":14.0,"turns":5.0},{"damage":34.0,"enemies":"Slime Boss","floor":16.0,"turns":7.0},{"damage":35,"enemies":"2 Thieves","floor":18,"turns":4},{"damage":14,"enemies":"3 Byrds","floor":20,"turns":5},{"damage":34,"enemies":"Shelled Parasite and Fungi","floor":22,"turns":7},{"damage":49,"enemies":"Book of Stabbing","floor":24,"turns":5}],"seed_played":"3712383127889941965","potions_obtained":[{"floor":1.0,"key":"Block Potion"},{"floor":5.0,"key":"AttackPotion"},{"floor":14.0,"key":"EssenceOfSteel"},{"floor":22,"key":"Regen Potion"}],"is_trial":false,"path_per_floor":["M","?","?","?","M","R","E","M","T","R","M","R","T","E","R","B",null,"M","T","M","?","M","R","E"],"character_chosen":"DEFECT","items_purchased":[],"campfire_rested":1,"item_purchase_floors":[],"current_hp_per_floor":[63,68,68,42,46,46,38,47,47,47,53,53,60,46,70,46,74,49,49,45,45,31,31,0],"gold":324,"neow_bonus":"UPGRADE_CARD","is_prod":false,"is_daily":false,"chose_seed":false,"campfire_upgraded":4,"win_rate":0,"timestamp":1548787268,"path_taken":["M","?","?","?","M","R","E","M","T","R","M","R","?","E","R","BOSS","M","?","?","?","M","R","E"],"build_version":"2019-01-23","purchased_purges":0,"victory":false,"max_hp_per_floor":[71,76,76,76,76,76,76,76,76,76,76,76,83,83,83,83,83,83,83,83,83,83,83,83],"card_choices":[{"not_picked":["Undo","Storm"],"picked":"Self Repair","floor":1.0},{"not_picked":["Reprogram","Leap"],"picked":"Sweeping Beam","floor":5.0},{"not_picked":["Melter","Lockon"],"picked":"FTL","floor":7.0},{"not_picked":["Compile Driver","Streamline"],"picked":"Genetic Algorithm","floor":8.0},{"not_picked":["Undo","Go for the Eyes"],"picked":"Ball Lightning","floor":11.0},{"not_picked":["Chaos","Consume","Leap"],"picked":"SKIP","floor":14.0},{"not_picked":["Creative AI","Biased Cognition"],"picked":"Echo Form","floor":16.0},{"not_picked":["Coolheaded","Redo"],"picked":"Steam","floor":18},{"not_picked":["Sweeping Beam","Streamline"],"picked":"Conserve Battery","floor":20},{"not_picked":["Compile Driver","Sweeping Beam+1"],"picked":"Steam","floor":22}],"player_experience":1070107,"relics_obtained":[{"floor":7.0,"key":"Ornamental Fan"},{"floor":9.0,"key":"Potion Belt"},{"floor":13.0,"key":"Strawberry"},{"floor":14.0,"key":"Gremlin Horn"},{"floor":19,"key":"Bag of Marbles"}],"event_choices":[{"damage_healed":0.0,"max_hp_gain":5.0,"max_hp_loss":0.0,"gold_gain":0.0,"event_name":"Big Fish","player_choice":"Donut","floor":2.0,"gold_loss":0.0,"damage_taken":0.0},{"damage_healed":0.0,"max_hp_gain":0.0,"max_hp_loss":0.0,"gold_gain":0.0,"event_name":"Liars Game","player_choice":"Ignored","floor":3.0,"gold_loss":0.0,"damage_taken":0.0},{"damage_healed":0.0,"max_hp_gain":0.0,"max_hp_loss":0.0,"gold_gain":0.0,"event_name":"Scrap Ooze","player_choice":"Success","floor":4.0,"gold_loss":0.0,"damage_taken":26.0,"relics_obtained":["Pen Nib"]},{"cards_removed":["Strike_B"],"damage_healed":0,"gold_gain":0,"player_choice":"Gave Gold","damage_taken":0,"max_hp_gain":0,"max_hp_loss":0,"event_name":"Beggar","floor":21,"gold_loss":75}],"is_beta":false,"boss_relics":[{"not_picked":["FrozenCore","Eternal Feather"],"picked":"Runic Pyramid"}],"items_purged_floors":[],"is_endless":false,"potions_floor_spawned":[1,5,14,22],"killed_by":"Book of Stabbing","ascension_level":19}