{"gold_per_floor":[111,121,121,132,207,207,235,253,280,280,280,4,37,64,64,161,161,171,188,188,188,188,223,223,254,323,323,336,336,336],"floor_reached":30,"playtime":3682,"items_purged":["Strike_R"],"score":315,"play_id":"7636807a-4a35-41f8-a911-579f11dfe7eb","local_time":"20181101160924","is_ascension_mode":true,"campfire_choices":[{"data":"Bash","floor":6.0,"key":"SMITH"},{"data":"Flame Barrier","floor":15.0,"key":"SMITH"},{"data":"Seeing Red","floor":24.0,"key":"SMITH"},{"data":"Shrug It Off","floor":27.0,"key":"SMITH"}],"neow_cost":"NONE","seed_source_timestamp":0,"circlet_count":0,"master_deck":["Strike_R","Strike_R+1","Defend_R","Defend_R","Defend_R","Defend_R","Bash+1","Sword Boomerang+1","Battle Trance","Demon Form","True Grit","Deep Breath","Flame Barrier+1","Feed","Shrug It Off","Seeing Red+1","Shrug It Off+1"],"special_seed":0,"relics":["Black Blood","Anchor","Whetstone","HandDrill","Oddly Smooth Stone","Smiling Mask","MutagenicStrength","Regal Pillow","Strawberry","Molten Egg 2"],"potions_floor_usage":[],"damage_taken":[{"damage":1.0,"enemies":"Cultist","floor":1.0,"turns":3.0},{"damage":6.0,"enemies":"Jaw Worm","floor":2.0,"turns":3.0},{"damage":2.0,"enemies":"2 Louse","floor":4.0,"turns":3.0},{"damage":30.0,"enemies":"3 Sentries","floor":7.0,"turns":8.0},{"damage":4.0,"enemies":"Blue Slaver","floor":8.0,"turns":4.0},{"damage":6.0,"enemies":"Lagavulin","floor":13.0,"turns":7.0},{"damage":13.0,"enemies":"Hexaghost","floor":16.0,"turns":8.0},{"damage":15.0,"enemies":"3 Byrds","floor":18.0,"turns":8.0},{"damage":0.0,"enemies":"Shell Parasite","floor":19.0,"turns":6.0},{"damage":65.0,"enemies":"Gremlin Leader","floor":23.0,"turns":8.0},{"damage":4.0,"enemies":"Book of Stabbing","floor":25.0,"turns":5.0},{"damage":0.0,"enemies":"Snecko","floor":28.0,"turns":5.0},{"damage":11.0,"enemies":"Sentry and Sphere","floor":30.0,"turns":16.0}],"seed_played":"4725934445659672756","potions_obtained":[{"floor":2.0,"key":"SteroidPotion"},{"floor":4.0,"key":"Fire Potion"},{"floor":8.0,"key":"FearPotion"},{"floor":16.0,"key":"Swift Potion"},{"floor":19.0,"key":"AttackPotion"},{"floor":23.0,"key":"SteroidPotion"}],"is_trial":false,"path_per_floor":["M","M","?","M","?","R","E","M","T","?","?","$","E","T","R","B",null,"M","M","?","?","?","E","R","E","T","R","M","?"],"character_chosen":"IRONCLAD","items_purchased":["HandDrill"],"campfire_rested":0,"item_purchase_floors":[12],"current_hp_per_floor":[80,80,85,85,74,74,50,52,52,52,52,52,52,52,52,45,85,83,88,88,88,88,33,33,46,46,46,56,47,49],"gold":336,"neow_bonus":"REMOVE_CARD","is_prod":false,"is_daily":false,"chose_seed":false,"campfire_upgraded":4,"win_rate":0,"timestamp":1541106564,"path_taken":["M","?","?","M","?","R","E","M","T","?","?","$","E","?","R","BOSS","M","M","?","?","?","E","R","E","T","R","?","?","M"],"build_version":"2018-10-25v2","purchased_purges":1,"victory":false,"max_hp_per_floor":[80,80,85,85,85,85,85,85,85,85,85,85,85,85,85,85,85,88,88,88,88,88,88,88,95,95,95,95,95,98],"card_choices":[{"not_picked":["Clash","Searing Blow"],"picked":"Sword Boomerang","floor":1.0},{"not_picked":["Infernal Blade","Clash"],"picked":"Battle Trance","floor":2.0},{"not_picked":["Clothesline","Perfected Strike","Heavy Blade"],"picked":"SKIP","floor":4.0},{"not_picked":["Iron Wave","Searing Blow"],"picked":"Demon Form","floor":7.0},{"not_picked":["Headbutt","Carnage"],"picked":"True Grit","floor":8.0},{"not_picked":["Cleave","Headbutt"],"picked":"Flame Barrier","floor":13.0},{"not_picked":["Limit Break","Dark Embrace"],"picked":"Feed","floor":16.0},{"not_picked":["Fire Breathing+1","True Grit"],"picked":"Shrug It Off","floor":18.0},{"not_picked":["Clothesline","Pommel Strike","Rage"],"picked":"SKIP","floor":19.0},{"not_picked":["Burning Pact","Shrug It Off"],"picked":"Seeing Red","floor":23.0},{"not_picked":["Infernal Blade","Demon Form"],"picked":"Shrug It Off","floor":25.0},{"not_picked":["Perfected Strike+1","Clothesline+1","Twin Strike+1"],"picked":"SKIP","floor":28.0}],"player_experience":77313,"relics_obtained":[{"floor":7.0,"key":"Anchor"},{"floor":9.0,"key":"Whetstone"},{"floor":13.0,"key":"Oddly Smooth Stone"},{"floor":14.0,"key":"Smiling Mask"},{"floor":23.0,"key":"Regal Pillow"},{"floor":25.0,"key":"Strawberry"},{"floor":26.0,"key":"Molten Egg 2"}],"event_choices":[{"damage_healed":0.0,"max_hp_gain":5.0,"max_hp_loss":0.0,"gold_gain":0.0,"event_name":"Big Fish","player_choice":"Donut","floor":3.0,"gold_loss":0.0,"damage_taken":0.0},{"damage_healed":0.0,"max_hp_gain":0.0,"max_hp_loss":0.0,"gold_gain":75.0,"event_name":"World of Goop","player_choice":"Gather Gold","floor":5.0,"gold_loss":0.0,"damage_taken":11.0},{"damage_healed":0.0,"max_hp_gain":0.0,"max_hp_loss":0.0,"gold_gain":0.0,"event_name":"Match and Keep!","player_choice":"1 cards matched","floor":10.0,"gold_loss":0.0,"damage_taken":0.0,"cards_obtained":["Deep Breath"]},{"cards_removed":["Strike_R"],"damage_healed":0.0,"max_hp_gain":0.0,"max_hp_loss":0.0,"gold_gain":0.0,"event_name":"Living Wall","player_choice":"Forget","floor":11.0,"gold_loss":0.0,"damage_taken":0.0},{"damage_healed":0.0,"max_hp_gain":0.0,"max_hp_loss":0.0,"gold_gain":0.0,"event_name":"Drug Dealer","player_choice":"Inject Mutagens","floor":20.0,"gold_loss":0.0,"damage_taken":0.0,"relics_obtained":["MutagenicStrength"]},{"damage_healed":0.0,"max_hp_gain":0.0,"max_hp_loss":0.0,"gold_gain":0.0,"event_name":"The Lab","player_choice":"Got Potions","floor":21.0,"gold_loss":0.0,"damage_taken":0.0},{"damage_healed":0.0,"max_hp_gain":0.0,"max_hp_loss":0.0,"gold_gain":0.0,"event_name":"N\u0027loth","player_choice":"Ignored","floor":22.0,"gold_loss":0.0,"damage_taken":0.0},{"damage_healed":0.0,"max_hp_gain":0.0,"max_hp_loss":0.0,"gold_gain":0.0,"event_name":"Wheel of Change","player_choice":"Damaged","floor":29.0,"gold_loss":0.0,"damage_taken":9.0}],"is_beta":false,"boss_relics":[{"not_picked":["Orrery","Lizard Tail"],"picked":"Black Blood"}],"items_purged_floors":[12],"is_endless":false,"potions_floor_spawned":[2,4,8,16,19,23],"killed_by":"Sentry and Sphere","ascension_level":1}