{"gold_per_floor":[360,378,378,6,17,17,50,50,50,125,155,169,169,184,184,282,282,282,282,282,282,282,282,282,282,282,282,282,282,282,282,282,282,282,282,282,84,10,10,10,10,10,10,10,10,10,10,10,10,10,10,10,10,10,10],"floor_reached":56,"playtime":5529,"items_purged":["Strike_B"],"score":1311,"play_id":"dc3c8199-1412-47ca-b6a7-227ef126a1ad","local_time":"20190109190958","is_ascension_mode":false,"campfire_choices":[{"data":"Zap","floor":6.0,"key":"SMITH"},{"data":"Ball Lightning","floor":8.0,"key":"SMITH"},{"floor":13.0,"key":"REST"},{"floor":15.0,"key":"REST"},{"data":"Darkness","floor":23.0,"key":"SMITH"},{"data":"Coolheaded","floor":28.0,"key":"SMITH"},{"data":"Thunder Strike","floor":32.0,"key":"SMITH"},{"data":"Redo","floor":41.0,"key":"SMITH"},{"floor":47.0,"key":"RECALL"},{"data":"Aggregate","floor":49.0,"key":"SMITH"},{"data":"Conserve Battery","floor":52.0,"key":"SMITH"}],"neow_cost":"CURSE","seed_source_timestamp":84588593624401,"circlet_count":0,"master_deck":["Strike_B+1","Defend_B","Defend_B","Defend_B","Defend_B","Zap+1","Dualcast+1","Go for the Eyes+1","Ball Lightning+1","Echo Form+1","BootSequence","Static Discharge+1","Defragment+1","Self Repair+1","Echo Form+1","Streamline+1","Cold Snap+1","Electrodynamics+1","Turbo+1","Darkness+1","Hello World+1","Loop+1","Thunder Strike+1","Ball Lightning","Coolheaded+1","Capacitor+1","Aggregate+1","Conserve Battery+1","Biased Cognition+1","BootSequence","Reinforced Body+1","Hologram","Redo+1","Defragment+1","Undo+1","Double Energy+1","Glacier+1","Coolheaded+1","Hologram+1","Defragment+1","Hologram","Reprogram+1"],"special_seed":0,"relics":["Cracked Core","Frozen Egg 2","Thread and Needle","Ice Cream","Oddly Smooth Stone","Ectoplasm","Prayer Wheel","Mercury Hourglass","Whetstone","Question Card","Tiny House","Runic Capacitor","Centennial Puzzle","Peace Pipe","Pantograph","Cables","Mummified Hand"],"potions_floor_usage":[55,55,55],"damage_taken":[{"damage":1.0,"enemies":"2 Louse","floor":1.0,"turns":2.0},{"damage":12.0,"enemies":"Small Slimes","floor":2.0,"turns":5.0},{"damage":0.0,"enemies":"Cultist","floor":5.0,"turns":2.0},{"damage":36.0,"enemies":"3 Sentries","floor":7.0,"turns":8.0},{"damage":0.0,"enemies":"Lagavulin","floor":11.0,"turns":7.0},{"damage":0.0,"enemies":"Exordium Thugs","floor":12.0,"turns":4.0},{"damage":9.0,"enemies":"Red Slaver","floor":14.0,"turns":4.0},{"damage":16.0,"enemies":"Slime Boss","floor":16.0,"turns":6.0},{"damage":0.0,"enemies":"Chosen","floor":18.0,"turns":6.0},{"damage":12.0,"enemies":"3 Byrds","floor":19.0,"turns":4.0},{"damage":21.0,"enemies":"Colosseum Slavers","floor":20.0,"turns":4.0},{"damage":34.0,"enemies":"Colosseum Nobs","floor":20.0,"turns":4.0},{"damage":0.0,"enemies":"Centurion and Healer","floor":21.0,"turns":4.0},{"damage":26.0,"enemies":"Slavers","floor":24.0,"turns":5.0},{"damage":0.0,"enemies":"Chosen and Byrds","floor":27.0,"turns":4.0},{"damage":21.0,"enemies":"Snake Plant","floor":29.0,"turns":5.0},{"damage":19.0,"enemies":"Book of Stabbing","floor":30.0,"turns":4.0},{"damage":6.0,"enemies":"Cultist and Chosen","floor":31.0,"turns":5.0},{"damage":18.0,"enemies":"Champ","floor":33.0,"turns":8.0},{"damage":0.0,"enemies":"3 Darklings","floor":35.0,"turns":3.0},{"damage":0.0,"enemies":"3 Shapes","floor":36.0,"turns":3.0},{"damage":0.0,"enemies":"Transient","floor":39.0,"turns":5.0},{"damage":30.0,"enemies":"Giant Head","floor":40.0,"turns":6.0},{"damage":37.0,"enemies":"Nemesis","floor":42.0,"turns":7.0},{"damage":2.0,"enemies":"Maw","floor":44.0,"turns":6.0},{"damage":9.0,"enemies":"Jaw Worm Horde","floor":45.0,"turns":6.0},{"damage":0.0,"enemies":"Spire Growth","floor":46.0,"turns":4.0},{"damage":5.0,"enemies":"4 Shapes","floor":48.0,"turns":4.0},{"damage":0.0,"enemies":"Time Eater","floor":50.0,"turns":10.0},{"damage":33.0,"enemies":"Shield and Spear","floor":54.0,"turns":7.0},{"damage":37,"enemies":"The Heart","floor":55,"turns":10}],"seed_played":"-2839600737592412536","potions_obtained":[{"floor":11.0,"key":"Explosive Potion"},{"floor":12.0,"key":"Strength Potion"},{"floor":14.0,"key":"Weak Potion"},{"floor":19.0,"key":"Regen Potion"},{"floor":20.0,"key":"FairyPotion"},{"floor":24.0,"key":"PowerPotion"},{"floor":31.0,"key":"SteroidPotion"},{"floor":34.0,"key":"Ancient Potion"},{"floor":35.0,"key":"Fire Potion"},{"floor":42.0,"key":"Ancient Potion"}],"is_trial":false,"path_per_floor":["M","M","?","$","M","R","E","R","T","?","E","M","R","M","R","B",null,"M","M","?","M","?","R","E","?","T","M","R","M","E","M","R","B",null,"M","M","$","?","M","E","R","E","T","M","M","M","R","M","R","B",null,"R","$","E","B",null],"character_chosen":"DEFECT","items_purchased":["Frozen Egg 2","Poison Potion","Runic Capacitor"],"campfire_rested":2,"item_purchase_floors":[4,4,37],"current_hp_per_floor":[74,62,62,62,62,62,26,26,26,15,15,15,37,28,50,44,75,75,75,55,75,75,75,69,69,69,75,75,54,55,69,69,61,80,80,80,80,80,80,70,70,53,53,51,52,52,52,47,47,80,80,80,80,57,53],"gold":10,"neow_bonus":"TWO_FIFTY_GOLD","is_prod":false,"is_daily":false,"chose_seed":false,"campfire_upgraded":8,"win_rate":0,"timestamp":1547057398,"path_taken":["M","M","?","$","M","R","E","R","T","?","E","M","R","M","R","BOSS","M","M","?","M","?","R","E","?","T","?","R","M","E","M","R","BOSS","M","M","$","?","M","E","R","E","T","?","M","?","R","M","R","BOSS","R","$","E","BOSS"],"build_version":"2019-01-03v4","purchased_purges":1,"victory":true,"max_hp_per_floor":[75,75,75,75,75,75,75,75,75,75,75,75,75,75,75,75,75,75,75,75,75,75,75,75,75,75,75,75,75,75,75,75,75,80,80,80,80,80,80,80,80,80,80,80,80,80,80,80,80,80,80,80,80,80,80],"card_choices":[{"not_picked":["Stack","Conserve Battery"],"picked":"Go for the Eyes","floor":1.0},{"not_picked":["Gash","Hologram"],"picked":"Ball Lightning","floor":2.0},{"not_picked":["Ball Lightning","Stack"],"picked":"Echo Form+1","floor":5.0},{"not_picked":["Hologram","Heatsinks+1"],"picked":"BootSequence","floor":7.0},{"not_picked":["Hologram","Compile Driver"],"picked":"Static Discharge+1","floor":11.0},{"not_picked":["Ball Lightning","Steam"],"picked":"Defragment+1","floor":12.0},{"not_picked":["Sweeping Beam","Conserve Battery"],"picked":"Self Repair+1","floor":14.0},{"not_picked":["Thunder Strike","Meteor Strike"],"picked":"Echo Form+1","floor":16.0},{"not_picked":["Rebound+1","Leap"],"picked":"Streamline+1","floor":18.0},{"not_picked":["Consume","Sweeping Beam"],"picked":"Cold Snap+1","floor":19.0},{"not_picked":["Cold Snap","Compile Driver"],"picked":"Electrodynamics+1","floor":21.0},{"not_picked":["Undo+1","Auto Shields+1"],"picked":"Turbo+1","floor":21.0},{"not_picked":["Lockon","Redo"],"picked":"Loop+1","floor":24.0},{"not_picked":["Reprogram","Rebound+1"],"picked":"Coolheaded","floor":27.0},{"not_picked":["Echo Form+1","Conserve Battery"],"picked":"Capacitor+1","floor":27.0},{"not_picked":["Rebound+1","Streamline","Barrage"],"picked":"SKIP","floor":29.0},{"not_picked":["Leap+1","White Noise","Streamline+1"],"picked":"SKIP","floor":29.0},{"not_picked":["Sweeping Beam+1","Capacitor+1","Leap"],"picked":"SKIP","floor":30.0},{"not_picked":["Cold Snap","Reinforced Body","Steam"],"picked":"Aggregate","floor":31.0},{"not_picked":["Sweeping Beam","Beam Cell+1","Rebound"],"picked":"Conserve Battery","floor":31.0},{"not_picked":["Core Surge","Fission","Creative AI+1"],"picked":"Biased Cognition+1","floor":33.0},{"not_picked":["Sunder","Loop+1","Go for the Eyes"],"picked":"BootSequence","floor":34.0},{"not_picked":["Turbo+1","Streamline+1","Beam Cell+1"],"picked":"Reinforced Body+1","floor":35.0},{"not_picked":["Conserve Battery","Steam","Storm+1"],"picked":"Hologram","floor":35.0},{"not_picked":["Steam+1","Stack","Barrage+1"],"picked":"Redo","floor":36.0},{"not_picked":["Gash+1","Beam Cell","Leap","Go for the Eyes"],"picked":"SKIP","floor":36.0},{"not_picked":["Machine Learning+1","Rebound+1","Compile Driver+1"],"picked":"Defragment+1","floor":39.0},{"not_picked":["Barrage+1","Ball Lightning","Sweeping Beam+1","Scrape"],"picked":"SKIP","floor":39.0},{"not_picked":["Compile Driver","Melter+1","Turbo+1"],"picked":"Undo+1","floor":40.0},{"not_picked":["Go for the Eyes+1","Reprogram+1","Coolheaded"],"picked":"Double Energy+1","floor":42.0},{"not_picked":["Scrape","Undo+1","Redo+1"],"picked":"Glacier+1","floor":44.0},{"not_picked":["Rainbow","Doom and Gloom+1","Streamline+1","Steam Power+1"],"picked":"SKIP","floor":44.0},{"not_picked":["Scrape","Barrage","Rip and Tear"],"picked":"Coolheaded+1","floor":45.0},{"not_picked":["Lockon","Aggregate","Gash","Barrage"],"picked":"SKIP","floor":45.0},{"not_picked":["Go for the Eyes+1","Leap+1","Force Field+1"],"picked":"Hologram+1","floor":46.0},{"not_picked":["Rebound+1","Reinforced Body","Melter","Leap"],"picked":"SKIP","floor":46.0},{"not_picked":["Rebound+1","Recycle","Leap"],"picked":"Defragment+1","floor":48.0},{"not_picked":["Force Field+1","Skim","Barrage+1"],"picked":"Hologram","floor":48.0},{"not_picked":["Rebound","Scrape+1","Steam Power"],"picked":"Reprogram+1","floor":54.0}],"player_experience":810190,"relics_obtained":[{"floor":7.0,"key":"Thread and Needle"},{"floor":9.0,"key":"Ice Cream"},{"floor":11.0,"key":"Oddly Smooth Stone"},{"floor":20.0,"key":"Prayer Wheel"},{"floor":20.0,"key":"Mercury Hourglass"},{"floor":24.0,"key":"Whetstone"},{"floor":30.0,"key":"Question Card"},{"floor":40.0,"key":"Peace Pipe"},{"floor":42.0,"key":"Pantograph"},{"floor":43.0,"key":"Cables"},{"floor":54.0,"key":"Mummified Hand"}],"event_choices":[{"cards_removed":["Normality"],"damage_healed":0.0,"max_hp_gain":0.0,"max_hp_loss":0.0,"gold_gain":0.0,"event_name":"Living Wall","player_choice":"Forget","floor":3.0,"gold_loss":0.0,"damage_taken":0.0},{"damage_healed":0.0,"max_hp_gain":0.0,"max_hp_loss":0.0,"gold_gain":75.0,"event_name":"World of Goop","player_choice":"Gather Gold","floor":10.0,"gold_loss":0.0,"damage_taken":11.0},{"damage_healed":0.0,"max_hp_gain":0.0,"max_hp_loss":0.0,"gold_gain":0.0,"event_name":"Colosseum","player_choice":"Fight","floor":20.0,"gold_loss":0.0,"damage_taken":0.0},{"damage_healed":0.0,"max_hp_gain":0.0,"max_hp_loss":0.0,"gold_gain":0.0,"event_name":"Colosseum","player_choice":"Fought Nobs","floor":20.0,"gold_loss":0.0,"damage_taken":0.0},{"damage_healed":0.0,"max_hp_gain":0.0,"max_hp_loss":0.0,"gold_gain":0.0,"cards_transformed":["Strike_B","Strike_B"],"event_name":"Drug Dealer","player_choice":"Became Test Subject","floor":22.0,"gold_loss":0.0,"damage_taken":0.0,"cards_obtained":["Darkness","Hello World"]},{"damage_healed":0.0,"max_hp_gain":0.0,"max_hp_loss":0.0,"gold_gain":0.0,"event_name":"Match and Keep!","player_choice":"2 cards matched","floor":25.0,"gold_loss":0.0,"damage_taken":0.0,"cards_obtained":["Thunder Strike","Ball Lightning"]},{"damage_healed":0.0,"max_hp_gain":0.0,"max_hp_loss":0.0,"gold_gain":0.0,"event_name":"WeMeetAgain","player_choice":"Paid Gold","floor":38.0,"gold_loss":74.0,"damage_taken":0.0,"relics_obtained":["Centennial Puzzle"]}],"is_beta":false,"boss_relics":[{"not_picked":["White Beast Statue","Fusion Hammer"],"picked":"Ectoplasm"},{"not_picked":["Sozu","Philosopher\u0027s Stone"],"picked":"Tiny House"}],"items_purged_floors":[4],"is_endless":false,"potions_floor_spawned":[11,12,14,19,20,24,31,35,42,45,46,48],"ascension_level":0}