{"path_per_floor":["M","$","M","?","?","E","R","M","T","E","M","E","$","?","R","B",null,"M","?","T","$","M","R","E","R","T","R","M","?","M","?","R","B",null,"M","?","?","$","M","R","?","?","T","E"],"character_chosen":"IRONCLAD","items_purchased":["Evolve","Limit Break"],"gold_per_floor":[114,5,15,15,15,42,42,62,87,121,137,167,97,97,97,201,201,201,201,201,101,101,101,101,101,101,101,101,101,101,101,101,101,101,101,101,0,0,0,0,0,0,0,0],"floor_reached":45,"campfire_rested":4,"playtime":3509,"current_hp_per_floor":[87,87,88,88,88,61,61,62,62,43,44,32,32,32,58,10,88,88,88,88,88,69,69,28,54,54,80,84,84,69,69,88,29,88,88,88,88,88,88,88,88,88,88,12],"items_purged":["Strike_R","Havoc"],"gold":0,"score":446,"play_id":"815bdc6c-b961-4d51-b12d-fcd2b8c2bbd9","is_prod":false,"is_daily":false,"is_ascension_mode":true,"campfire_upgraded":3,"path_taken":["M","$","M","?","?","E","R","?","T","E","M","E","$","?","R","BOSS","M","?","?","$","M","R","E","R","T","R","M","?","M","?","R","BOSS","M","?","?","$","M","R","?","?","T","E","M"],"build_version":"2018-02-22-PROD2","purchased_purges":2,"victory":false,"master_deck":["Strike_R","Strike_R+1","Strike_R","Defend_R","Defend_R","Defend_R","Bash+1","Intimidate","Evolve+1","Flex","Seeing Red+1","Disarm","Whirlwind+1","Limit Break","Brutality+1","Burning Pact+1","Bloodletting+1","Rupture+1","Double Tap","Writhe"],"max_hp_per_floor":[88,88,88,88,88,88,88,88,88,88,88,88,88,88,88,88,88,88,88,88,88,88,88,88,88,88,88,88,88,88,88,88,88,88,88,88,88,88,88,88,88,88,88,88],"relics":["Burning Blood","Whetstone","Shuriken","Frozen Egg 2","Ectoplasm","Shovel","Anchor","Happy Flower","Nloth\u0027s Gift","Eternal Feather","Red Mask","Red Skull","Toolbox"],"card_choices":[{"not_picked":["Perfected Strike","True Grit"],"picked":"Intimidate"},{"not_picked":["Iron Wave","Twin Strike"],"picked":"Flex"},{"not_picked":["Armaments","Ghostly Armor"],"picked":"Seeing Red"},{"not_picked":["Bloodletting","Heavy Blade"],"picked":"Disarm"},{"not_picked":["Entrench","Ghostly Armor"],"picked":"Whirlwind"},{"not_picked":["Limit Break","Immolate"],"picked":"Brutality"},{"not_picked":["Perfected Strike","Twin Strike"],"picked":"Burning Pact"},{"not_picked":["True Grit","Thunderclap"],"picked":"Bloodletting"},{"not_picked":["Thunderclap","Heavy Blade"],"picked":"Rupture"},{"not_picked":["Limit Break","Impervious"],"picked":"Double Tap"}],"player_experience":94075,"potions_floor_usage":[6,6,12,22,33,33,44,45],"damage_taken":[{"damage":7,"enemies":"Small Slimes","floor":1,"turns":4},{"damage":3,"enemies":"Jaw Worm","floor":3,"turns":3},{"damage":33,"enemies":"3 Sentries","floor":6,"turns":10},{"damage":5,"enemies":"Cultist","floor":8,"turns":4},{"damage":25,"enemies":"Gremlin Nob","floor":10,"turns":5},{"damage":5,"enemies":"2 Fungi Beasts","floor":11,"turns":4},{"damage":18,"enemies":"Lagavulin","floor":12,"turns":5},{"damage":54,"enemies":"Hexaghost","floor":16,"turns":10},{"damage":3,"enemies":"3 Byrds","floor":18,"turns":4},{"damage":25,"enemies":"Spheric Guardian","floor":22,"turns":4},{"damage":47,"enemies":"Gremlin Leader","floor":24,"turns":7},{"damage":2,"enemies":"3 Cultists","floor":28,"turns":3},{"damage":21,"enemies":"Snake Plant","floor":30,"turns":3},{"damage":65,"enemies":"Collector","floor":33,"turns":7},{"damage":1,"enemies":"Orb Walker","floor":35,"turns":2},{"damage":3,"enemies":"3 Darklings","floor":39,"turns":1},{"damage":82,"enemies":"Nemesis","floor":44,"turns":5},{"damage":15,"enemies":"4 Shapes","floor":45,"turns":1}],"event_choices":[{"event_name":"Liars Game","player_choice":"disagreed","floor":4,"damage_taken":0},{"event_name":"The Lab","player_choice":"Got Potions","floor":5,"damage_taken":0},{"event_name":"Shining Light","player_choice":"Ignored","floor":14,"damage_taken":0},{"event_name":"Transmorgrifier","player_choice":"Transform","floor":19,"damage_taken":0},{"event_name":"N\u0027loth","player_choice":"Traded a Pen Nib","floor":29,"damage_taken":0},{"event_name":"Match and Keep!","player_choice":"0 cards matched","floor":31,"damage_taken":0},{"event_name":"Tomb of Lord Red Mask","player_choice":"Paid","floor":37,"damage_taken":0},{"event_name":"Transmorgrifier","player_choice":"Skipped","floor":41,"damage_taken":0},{"event_name":"Winding Halls","player_choice":"Writhe","floor":42,"damage_taken":0}],"boss_relics":[{"not_picked":["Orrery","Runic Cube"],"picked":"Ectoplasm"},{"not_picked":["Lizard Tail","Calling Bell"],"picked":"Eternal Feather"}],"potions_floor_spawned":[1,3,10,16,22,28,30,39,44],"seed_played":"-5301692256978108259","killed_by":"4 Shapes","ascension_level":1,"is_trial":false}