{"path_per_floor":["M","?","M","$","M","R","M","?","T","R","M","?","R","M","R","B",null,"M","M","?","M","M","R","?"],"character_chosen":"THE_SILENT","items_purchased":[],"gold_per_floor":[115,65,85,10,25,25,38,338,338,338,358,358,358,368,368,464,464,483,496,496,513,531,531,531],"floor_reached":25,"campfire_rested":3,"playtime":2207,"current_hp_per_floor":[34,34,34,34,32,53,44,32,32,32,32,32,32,31,52,42,70,60,34,34,32,6,27,27],"items_purged":["Defend_G"],"gold":531,"score":205,"play_id":"74f7d662-e410-453c-8d4d-05f5cb14df58","local_time":"20180302214812","is_prod":false,"is_daily":false,"is_ascension_mode":true,"campfire_upgraded":2,"timestamp":1520027292,"path_taken":["M","?","M","$","?","R","M","?","T","R","M","?","R","?","R","BOSS","M","M","?","M","M","R","?","E"],"build_version":"2018-03-01-PROD1","purchased_purges":1,"victory":false,"master_deck":["Defend_G","Defend_G","Strike_G","Survivor","Neutralize","Dagger Throw","Backflip","Infinite Blades+1","Blade Dance+1","Flying Knee","Storm of Steel","Choke+1","Accuracy+1","Dash+1","Deflect"],"max_hp_per_floor":[70,70,70,70,70,70,70,70,70,70,70,70,70,70,70,70,70,70,70,70,70,70,70,70],"relics":["Ring of the Snake","Old Coin","Calipers","Nloth\u0027s Gift"],"card_choices":[{"not_picked":["Choke","Underhanded Strike"],"picked":"Dagger Throw"},{"not_picked":["Dagger Throw","Terror"],"picked":"Backflip"},{"not_picked":["Dash","Prepared"],"picked":"Infinite Blades"},{"not_picked":["Terror","Bane"],"picked":"Blade Dance"},{"not_picked":["All Out Attack","Masterful Stab"],"picked":"Flying Knee"},{"not_picked":["Tools of the Trade","Night Terror"],"picked":"Storm of Steel"}],"player_experience":103656,"potions_floor_usage":[14,16,16,19],"damage_taken":[{"damage":1,"enemies":"Jaw Worm","floor":1,"turns":5},{"damage":0,"enemies":"Cultist","floor":3,"turns":4},{"damage":2,"enemies":"Small Slimes","floor":5,"turns":3},{"damage":9,"enemies":"3 Louse","floor":7,"turns":4},{"damage":0,"enemies":"Blue Slaver","floor":11,"turns":4},{"damage":1,"enemies":"Exordium Thugs","floor":14,"turns":5},{"damage":10,"enemies":"The Guardian","floor":16,"turns":12},{"damage":10,"enemies":"Chosen","floor":18,"turns":3},{"damage":26,"enemies":"2 Thieves","floor":19,"turns":4},{"damage":2,"enemies":"3 Cultists","floor":21,"turns":5},{"damage":26,"enemies":"Chosen and Byrds","floor":22,"turns":5},{"damage":35,"enemies":"Slavers","floor":25,"turns":3}],"event_choices":[{"event_name":"The Cleric","player_choice":"Card Removal","floor":2,"damage_taken":0},{"event_name":"Scrap Ooze","player_choice":"success","floor":8,"damage_taken":12},{"event_name":"Liars Game","player_choice":"disagreed","floor":12,"damage_taken":0},{"event_name":"N\u0027loth","player_choice":"Traded a Astrolabe","floor":20,"damage_taken":0},{"event_name":"Match and Keep!","player_choice":"1 cards matched","floor":24,"damage_taken":0}],"boss_relics":[{"not_picked":["Philosopher\u0027s Stone","White Beast Statue"],"picked":"Astrolabe"}],"potions_floor_spawned":[1,5,14,18,22],"seed_played":"-5907781194112408416","killed_by":"Slavers","ascension_level":1,"is_trial":false}