{"gold_per_floor":[111,111,186,186,14,39,39,64,64,90,103,132,142,176,176,255,255,269,284,295,312,332,332,363,383,438,438,438,454,454,41,41,115,165,185,210,210,210,230,230,261,287,287,313,313,313,166,178,178,178],"floor_reached":51,"playtime":4187,"items_purged":["Strike_G","Strike_G+1"],"score":1729,"play_id":"b8e26e71-a7f1-4c17-bb7c-611ca39d77e2","local_time":"20190125155108","is_ascension_mode":true,"campfire_choices":[{"data":"Neutralize","floor":7.0,"key":"SMITH"},{"floor":15.0,"key":"REST"},{"floor":23.0,"key":"DIG"},{"floor":27.0,"key":"DIG"},{"floor":30.0,"key":"DIG"},{"data":"Wraith Form v2","floor":32.0,"key":"SMITH"},{"floor":40.0,"key":"DIG"},{"data":"Wraith Form v2","floor":46.0,"key":"SMITH"},{"data":"Footwork","floor":49,"key":"SMITH"}],"neow_cost":"NONE","seed_source_timestamp":261864761706806,"circlet_count":0,"master_deck":["AscendersBane","Defend_G+1","Defend_G+1","Defend_G+1","Defend_G+1","Defend_G+1","Strike_G+1","Survivor+1","Neutralize+1","Quick Slash+1","Noxious Fumes+1","Leg Sweep+1","Deadly Poison+1","Poisoned Stab+1","Footwork+1","Wraith Form v2+1","Concentrate+1","Dodge and Roll+1","Corpse Explosion+1","PiercingWail+1","Deadly Poison+1","Bouncing Flask+1","Noxious Fumes+1","Deflect+1","Dodge and Roll+1","Escape Plan","Wraith Form v2+1","Footwork+1"],"special_seed":0,"relics":["Ring of the Snake","NeowsBlessing","Oddly Smooth Stone","Blood Vial","Centennial Puzzle","Strawberry","Shovel","Matryoshka","Meat on the Bone","Runic Pyramid","FossilizedHelix","Blue Candle","Tiny Chest","Happy Flower","The Specimen","The Courier","Thread and Needle","TwistedFunnel","Bronze Scales","Tiny House","Boot","Art of War","Mark of the Bloom","Whetstone","Regal Pillow","Juzu Bracelet","Gremlin Horn","Gambling Chip"],"potions_floor_usage":[50],"damage_taken":[{"damage":0.0,"enemies":"2 Louse","floor":1.0,"turns":1.0},{"damage":0.0,"enemies":"Gremlin Nob","floor":6.0,"turns":1.0},{"damage":0.0,"enemies":"Lagavulin","floor":8.0,"turns":1.0},{"damage":33.0,"enemies":"Gremlin Nob","floor":10.0,"turns":5.0},{"damage":9.0,"enemies":"Small Slimes","floor":11.0,"turns":3.0},{"damage":10.0,"enemies":"Lagavulin","floor":12.0,"turns":9.0},{"damage":0.0,"enemies":"Cultist","floor":13.0,"turns":4.0},{"damage":11.0,"enemies":"3 Sentries","floor":14.0,"turns":10.0},{"damage":10.0,"enemies":"Slime Boss","floor":16.0,"turns":15.0},{"damage":6.0,"enemies":"Chosen","floor":18.0,"turns":6.0},{"damage":6.0,"enemies":"Shell Parasite","floor":19.0,"turns":7.0},{"damage":25.0,"enemies":"3 Cultists","floor":20.0,"turns":8.0},{"damage":17.0,"enemies":"Shelled Parasite and Fungi","floor":21.0,"turns":8.0},{"damage":7.0,"enemies":"Snake Plant","floor":22.0,"turns":7.0},{"damage":13.0,"enemies":"Slavers","floor":24.0,"turns":4.0},{"damage":1.0,"enemies":"Snecko","floor":25.0,"turns":9.0},{"damage":0.0,"enemies":"Cultist and Chosen","floor":29.0,"turns":5.0},{"damage":3.0,"enemies":"Champ","floor":33.0,"turns":16.0},{"damage":13.0,"enemies":"3 Darklings","floor":35.0,"turns":5.0},{"damage":0.0,"enemies":"Orb Walker","floor":39.0,"turns":4.0},{"damage":15.0,"enemies":"Giant Head","floor":41.0,"turns":9.0},{"damage":0.0,"enemies":"Nemesis","floor":44.0,"turns":7.0},{"damage":0.0,"enemies":"Transient","floor":48.0,"turns":6.0},{"damage":0,"enemies":"Awakened One","floor":50,"turns":16}],"seed_played":"-7010057255138994814","potions_obtained":[{"floor":10.0,"key":"GhostInAJar"},{"floor":12.0,"key":"Strength Potion"},{"floor":13.0,"key":"AttackPotion"},{"floor":14.0,"key":"Poison Potion"},{"floor":16.0,"key":"Explosive Potion"},{"floor":19.0,"key":"Dexterity Potion"},{"floor":22.0,"key":"Poison Potion"},{"floor":25.0,"key":"Fire Potion"},{"floor":34.0,"key":"Poison Potion"},{"floor":41.0,"key":"Strength Potion"},{"floor":44.0,"key":"GhostInAJar"}],"is_trial":false,"path_per_floor":["?","?","?","M","?","T","?","?","T","?"],"character_chosen":"THE_SILENT","items_purchased":["Oddly Smooth Stone","TwistedFunnel","Bronze Scales","Fire Potion","Footwork"],"campfire_rested":1,"item_purchase_floors":[5,31,31,31,47],"current_hp_per_floor":[59,59,48,48,48,48,48,50,57,26,19,11,13,4,25,29,62,58,54,43,40,47,47,48,49,49,49,49,51,51,51,51,50,72,61,61,61,61,61,61,46,46,46,46,46,46,46,46,46,46],"gold":178,"neow_bonus":"THREE_ENEMY_KILL","is_prod":false,"is_daily":false,"chose_seed":false,"campfire_upgraded":4,"win_rate":0,"timestamp":1548427868,"path_taken":["M","?","?","?","$","E","R","E","T","E","M","E","?","E","R","BOSS","M","M","M","M","M","R","E","M","T","R","?","M","R","$","R","BOSS","M","?","?","?","M","R","E","?","T","E","?","R","$","M","R","BOSS"],"build_version":"2019-01-23","purchased_purges":2,"victory":true,"max_hp_per_floor":[66,66,66,66,66,66,66,66,73,73,73,73,73,73,73,73,73,73,73,73,73,73,73,73,73,73,73,73,73,73,73,73,73,78,78,78,78,78,78,78,78,78,78,78,78,78,78,78,78,78],"card_choices":[{"not_picked":["Endless Agony","Deflect"],"picked":"Quick Slash","floor":1.0},{"not_picked":["Choke","Tools of the Trade"],"picked":"Noxious Fumes","floor":6.0},{"not_picked":["Backflip","Sucker Punch"],"picked":"Leg Sweep","floor":8.0},{"not_picked":["Acrobatics","Dagger Throw"],"picked":"Deadly Poison","floor":10.0},{"not_picked":["Acrobatics","Underhanded Strike","Dagger Throw"],"picked":"SKIP","floor":11.0},{"not_picked":["Flying Knee","Dodge and Roll"],"picked":"Poisoned Stab","floor":12.0},{"not_picked":["Eviscerate","Outmaneuver","Quick Slash"],"picked":"SKIP","floor":13.0},{"not_picked":["Calculated Gamble","Expertise"],"picked":"Footwork","floor":14.0},{"not_picked":["Die Die Die","Corpse Explosion"],"picked":"Wraith Form v2","floor":16.0},{"not_picked":["Cloak And Dagger","Infinite Blades","Outmaneuver"],"picked":"SKIP","floor":18.0},{"not_picked":["Skewer","Blade Dance+1","Quick Slash"],"picked":"SKIP","floor":19.0},{"not_picked":["Heel Hook","Accuracy"],"picked":"Concentrate","floor":20.0},{"not_picked":["Dagger Spray","Prepared"],"picked":"Dodge and Roll","floor":21.0},{"not_picked":["Underhanded Strike","Acrobatics+1"],"picked":"Corpse Explosion","floor":22.0},{"not_picked":["Dagger Throw+1","Caltrops"],"picked":"PiercingWail","floor":24.0},{"not_picked":["Deflect","All Out Attack"],"picked":"Deadly Poison","floor":25.0},{"not_picked":["Deadly Poison","Leg Sweep"],"picked":"Bouncing Flask","floor":29.0},{"not_picked":["Blade Dance","Outmaneuver"],"picked":"Noxious Fumes","floor":34.0},{"not_picked":["Slice","Underhanded Strike"],"picked":"Deflect+1","floor":35.0},{"not_picked":["Dagger Spray","Sucker Punch+1"],"picked":"Dodge and Roll+1","floor":39.0},{"not_picked":["Cloak And Dagger","Tactician"],"picked":"Escape Plan","floor":41.0},{"not_picked":["Dodge and Roll","Acrobatics"],"picked":"Wraith Form v2","floor":44.0},{"not_picked":["Underhanded Strike","Reflex","Slice+1"],"picked":"SKIP","floor":48.0}],"player_experience":996298,"relics_obtained":[{"floor":6.0,"key":"Blood Vial"},{"floor":8.0,"key":"Centennial Puzzle"},{"floor":9.0,"key":"Strawberry"},{"floor":10.0,"key":"Shovel"},{"floor":12.0,"key":"Matryoshka"},{"floor":14.0,"key":"Meat on the Bone"},{"floor":23.0,"key":"FossilizedHelix"},{"floor":24.0,"key":"Blue Candle"},{"floor":26.0,"key":"Tiny Chest"},{"floor":26.0,"key":"Happy Flower"},{"floor":27.0,"key":"The Specimen"},{"floor":28.0,"key":"The Courier"},{"floor":30.0,"key":"Thread and Needle"},{"floor":36.0,"key":"Boot"},{"floor":36.0,"key":"Art of War"},{"floor":40.0,"key":"Whetstone"},{"floor":41.0,"key":"Regal Pillow"},{"floor":42.0,"key":"Juzu Bracelet"},{"floor":43.0,"key":"Gremlin Horn"},{"floor":44.0,"key":"Gambling Chip"}],"event_choices":[{"cards_removed":["Strike_G"],"damage_healed":0.0,"max_hp_gain":0.0,"max_hp_loss":0.0,"gold_gain":0.0,"event_name":"Living Wall","player_choice":"Forget","floor":2.0,"gold_loss":0.0,"damage_taken":0.0},{"damage_healed":0.0,"max_hp_gain":0.0,"max_hp_loss":0.0,"gold_gain":75.0,"event_name":"World of Goop","player_choice":"Gather Gold","floor":3.0,"gold_loss":0.0,"damage_taken":11.0},{"cards_removed":["Strike_G"],"damage_healed":0.0,"max_hp_gain":0.0,"max_hp_loss":0.0,"gold_gain":0.0,"event_name":"Purifier","player_choice":"Purged","floor":4.0,"gold_loss":0.0,"damage_taken":0.0},{"damage_healed":0.0,"max_hp_gain":0.0,"max_hp_loss":0.0,"gold_gain":0.0,"event_name":"Wheel of Change","player_choice":"Relic","floor":28.0,"gold_loss":0.0,"damage_taken":0.0},{"damage_healed":0.0,"max_hp_gain":0.0,"max_hp_loss":0.0,"gold_gain":0.0,"event_name":"MindBloom","player_choice":"Upgrade","floor":37.0,"gold_loss":0.0,"damage_taken":0.0,"cards_upgraded":["Defend_G","Defend_G","Defend_G","Defend_G","Defend_G","Strike_G","Strike_G","Quick Slash","Noxious Fumes","Leg Sweep","Deadly Poison","Poisoned Stab","Footwork","Concentrate","Dodge and Roll","Corpse Explosion","PiercingWail","Deadly Poison","Bouncing Flask","Noxious Fumes"],"relics_obtained":["Mark of the Bloom"]},{"damage_healed":0.0,"max_hp_gain":0.0,"max_hp_loss":0.0,"gold_gain":0.0,"event_name":"SensoryStone","player_choice":"Memory 1","floor":38.0,"gold_loss":0.0,"damage_taken":0.0},{"damage_healed":0.0,"max_hp_gain":0.0,"max_hp_loss":0.0,"gold_gain":0.0,"event_name":"Tomb of Lord Red Mask","player_choice":"Ignored","floor":45.0,"gold_loss":0.0,"damage_taken":0.0}],"is_beta":false,"boss_relics":[{"not_picked":["WristBlade","Calling Bell"],"picked":"Runic Pyramid"},{"not_picked":["Lizard Tail","Pandora\u0027s Box"],"picked":"Tiny House"}],"items_purged_floors":[31,47],"is_endless":false,"potions_floor_spawned":[10,12,13,14,16,19,22,25,33,35,41,44],"ascension_level":19}