{"gold_per_floor":[112,112,37,37,57,82,82,113,182,182,200,226,226,246,246,325,325,343,360,375,425,56,83,83,93,93,107,107,120,120,120,120,191,191,204,35,35,46,66,80,25,0,0,0,35,35,35,63,63,63],"floor_reached":50,"playtime":4610,"items_purged":["Strike_R","Strike_R"],"score":1088,"play_id":"8b3439ca-9ef9-4ff0-accd-93968891d57b","local_time":"20190107175837","is_ascension_mode":true,"campfire_choices":[{"data":"Bash","floor":7.0,"key":"SMITH"},{"floor":10.0,"key":"REST"},{"data":"Whirlwind","floor":13.0,"key":"SMITH"},{"data":"Rupture","floor":15.0,"key":"SMITH"},{"data":"Feel No Pain","floor":24.0,"key":"SMITH"},{"data":"Sentinel","floor":28.0,"key":"SMITH"},{"floor":32.0,"key":"REST"},{"floor":44.0,"key":"REST"},{"floor":49.0,"key":"REST"}],"neow_cost":"NONE","seed_source_timestamp":0,"circlet_count":0,"master_deck":["AscendersBane","Defend_R","Defend_R+1","Defend_R","Defend_R+1","Bash+1","Iron Wave+1","Pain","Thunderclap","Whirlwind+1","Feel No Pain+1","Rupture+1","Clothesline+1","Impervious","Inflame","Heavy Blade+1","Corruption","Sentinel+1","Corruption","Power Through","True Grit","Impervious","Shrug It Off"],"special_seed":0,"relics":["Burning Blood","NeowsBlessing","WarpedTongs","Dream Catcher","Ornamental Fan","Matryoshka","Busted Crown","Medical Kit","Regal Pillow","Pen Nib","Happy Flower","Nloth\u0027s Gift","Empty Cage","Anchor","Red Mask","Self Forming Clay","Whetstone","Ice Cream","The Courier"],"potions_floor_usage":[50],"damage_taken":[{"damage":0.0,"enemies":"2 Louse","floor":1.0,"turns":1.0},{"damage":0.0,"enemies":"Jaw Worm","floor":5.0,"turns":1.0},{"damage":2.0,"enemies":"3 Sentries","floor":6.0,"turns":2.0},{"damage":42.0,"enemies":"Lagavulin","floor":8.0,"turns":8.0},{"damage":1.0,"enemies":"Cultist","floor":11.0,"turns":3.0},{"damage":17.0,"enemies":"3 Sentries","floor":12.0,"turns":9.0},{"damage":12.0,"enemies":"Blue Slaver","floor":14.0,"turns":4.0},{"damage":48.0,"enemies":"Hexaghost","floor":16.0,"turns":13.0},{"damage":6.0,"enemies":"2 Thieves","floor":18.0,"turns":3.0},{"damage":19.0,"enemies":"Shell Parasite","floor":19.0,"turns":6.0},{"damage":11.0,"enemies":"Cultist and Chosen","floor":20.0,"turns":5.0},{"damage":22.0,"enemies":"Gremlin Leader","floor":23.0,"turns":7.0},{"damage":3.0,"enemies":"Snecko","floor":25.0,"turns":4.0},{"damage":12.0,"enemies":"Centurion and Healer","floor":27.0,"turns":5.0},{"damage":15.0,"enemies":"Snake Plant","floor":29.0,"turns":3.0},{"damage":13.0,"enemies":"Champ","floor":33.0,"turns":9.0},{"damage":5.0,"enemies":"3 Shapes","floor":35.0,"turns":9.0},{"damage":18.0,"enemies":"Orb Walker","floor":38.0,"turns":5.0},{"damage":45.0,"enemies":"Sphere and 2 Shapes","floor":39.0,"turns":10.0},{"damage":17.0,"enemies":"4 Shapes","floor":40.0,"turns":7.0},{"damage":41.0,"enemies":"Reptomancer","floor":45.0,"turns":8.0},{"damage":14.0,"enemies":"Nemesis","floor":48.0,"turns":11.0},{"damage":61,"enemies":"Awakened One","floor":50,"turns":6}],"seed_played":"7235743017739961106","potions_obtained":[{"floor":1.0,"key":"Explosive Potion"},{"floor":5.0,"key":"FearPotion"},{"floor":8.0,"key":"SpeedPotion"},{"floor":18.0,"key":"Weak Potion"},{"floor":20.0,"key":"LiquidBronze"},{"floor":27.0,"key":"PowerPotion"},{"floor":29.0,"key":"Block Potion"},{"floor":39.0,"key":"Regen Potion"}],"is_trial":false,"path_per_floor":["M","?","$","?","M","E","R","E","T","R","M","E","R","M","R","B",null,"M","M","M","?","$","E","R","M","T","M","R","M","?","?","R","B",null,"M","$","$","M","M","M","$","?","T","R","E","$","?","E","R","B"],"character_chosen":"IRONCLAD","items_purchased":["Corruption","Medical Kit","Anchor","Explosive Potion"],"campfire_rested":4,"item_purchase_floors":[22,22,36,41],"current_hp_per_floor":[74,67,67,67,73,75,75,39,39,61,66,55,55,49,49,7,58,58,45,40,40,40,24,24,27,27,21,21,12,12,12,49,42,67,68,68,68,56,17,21,21,21,21,58,23,23,23,15,52,0],"gold":63,"neow_bonus":"THREE_ENEMY_KILL","is_prod":false,"is_daily":false,"chose_seed":false,"campfire_upgraded":5,"win_rate":0,"timestamp":1546880317,"path_taken":["M","?","$","?","?","E","R","E","T","R","M","E","R","M","R","BOSS","M","M","M","?","$","E","R","M","T","M","R","M","?","?","R","BOSS","M","?","$","M","M","M","?","?","T","R","E","?","?","E","R","BOSS"],"build_version":"2019-01-03v4","purchased_purges":2,"victory":false,"max_hp_per_floor":[75,75,75,75,75,75,75,75,75,75,75,75,75,75,75,75,75,75,75,75,75,75,75,75,75,75,75,75,75,75,75,75,75,75,75,75,75,75,75,75,75,75,75,75,75,75,75,75,75,75],"card_choices":[{"not_picked":["Intimidate","Pummel"],"picked":"Iron Wave","floor":1.0},{"not_picked":["Metallicize","Rupture"],"picked":"Headbutt","floor":5.0},{"not_picked":["Iron Wave","Clash"],"picked":"Thunderclap","floor":6.0},{"not_picked":["Blood for Blood","True Grit"],"picked":"Whirlwind","floor":8.0},{"not_picked":["Heavy Blade","Anger"],"picked":"Feel No Pain","floor":10.0},{"not_picked":["Carnage","Cleave"],"picked":"Rupture","floor":11.0},{"not_picked":["Heavy Blade","Wild Strike"],"picked":"Clothesline","floor":12.0},{"not_picked":["Inflame","Pommel Strike","Cleave"],"picked":"SKIP","floor":14.0},{"not_picked":["Immolate","Double Tap"],"picked":"Impervious","floor":16.0},{"not_picked":[],"picked":"Inflame","floor":18.0},{"not_picked":["Flex"],"picked":"SKIP","floor":19.0},{"not_picked":[],"picked":"Heavy Blade+1","floor":20.0},{"not_picked":[],"picked":"Sentinel","floor":23.0},{"not_picked":[],"picked":"Corruption","floor":25.0},{"not_picked":[],"picked":"Power Through","floor":27.0},{"not_picked":["Reckless Charge"],"picked":"SKIP","floor":29.0},{"not_picked":[],"picked":"True Grit","floor":32.0},{"not_picked":[],"picked":"Impervious","floor":33.0},{"not_picked":["Pommel Strike+1"],"picked":"SKIP","floor":35.0},{"not_picked":["Flex"],"picked":"SKIP","floor":38.0},{"not_picked":["Twin Strike"],"picked":"SKIP","floor":39.0},{"not_picked":["Anger"],"picked":"SKIP","floor":40.0},{"not_picked":["Havoc"],"picked":"SKIP","floor":45.0},{"not_picked":["Havoc"],"picked":"SKIP","floor":45.0},{"not_picked":[],"picked":"Shrug It Off","floor":48.0}],"player_experience":773775,"relics_obtained":[{"floor":6.0,"key":"War Paint"},{"floor":8.0,"key":"Dream Catcher"},{"floor":9.0,"key":"Ornamental Fan"},{"floor":12.0,"key":"Matryoshka"},{"floor":23.0,"key":"Regal Pillow"},{"floor":26.0,"key":"Pen Nib"},{"floor":26.0,"key":"Happy Flower"},{"floor":43.0,"key":"Self Forming Clay"},{"floor":43.0,"key":"Whetstone"},{"floor":45.0,"key":"Ice Cream"},{"floor":48.0,"key":"The Courier"}],"event_choices":[{"cards_removed":["Strike_R"],"damage_healed":0.0,"max_hp_gain":0.0,"max_hp_loss":0.0,"gold_gain":0.0,"event_name":"Golden Wing","player_choice":"Card Removal","floor":2.0,"gold_loss":0.0,"damage_taken":7.0},{"damage_healed":0.0,"max_hp_gain":0.0,"max_hp_loss":0.0,"gold_gain":0.0,"event_name":"Accursed Blacksmith","player_choice":"Rummage","floor":4.0,"gold_loss":0.0,"damage_taken":0.0,"relics_obtained":["WarpedTongs"],"cards_obtained":["Pain"]},{"damage_healed":0.0,"max_hp_gain":0.0,"max_hp_loss":0.0,"gold_gain":50.0,"event_name":"Nest","player_choice":"Stole From Cult","floor":21.0,"gold_loss":0.0,"damage_taken":0.0},{"damage_healed":0.0,"max_hp_gain":0.0,"max_hp_loss":0.0,"gold_gain":0.0,"event_name":"Vampires","player_choice":"Ignored","floor":30.0,"gold_loss":0.0,"damage_taken":0.0},{"damage_healed":0.0,"max_hp_gain":0.0,"max_hp_loss":0.0,"gold_gain":0.0,"event_name":"N\u0027loth","player_choice":"Traded Relic","floor":31.0,"relics_lost":["War Paint"],"gold_loss":0.0,"damage_taken":0.0,"relics_obtained":["Nloth\u0027s Gift"]},{"damage_healed":0.0,"max_hp_gain":0.0,"max_hp_loss":0.0,"gold_gain":0.0,"event_name":"Tomb of Lord Red Mask","player_choice":"Paid","floor":42.0,"gold_loss":25.0,"damage_taken":0.0,"relics_obtained":["Red Mask"]},{"cards_removed":["Headbutt"],"damage_healed":0.0,"max_hp_gain":0.0,"max_hp_loss":0.0,"gold_gain":0.0,"event_name":"Falling","player_choice":"Removed Attack","floor":47.0,"gold_loss":0.0,"damage_taken":0.0}],"is_beta":false,"boss_relics":[{"not_picked":["Astrolabe","White Beast Statue"],"picked":"Busted Crown"},{"not_picked":["Eternal Feather","Philosopher\u0027s Stone"],"picked":"Empty Cage"}],"items_purged_floors":[3,22],"is_endless":false,"potions_floor_spawned":[1,5,8,12,18,20,27,29,33,35,38,39],"killed_by":"Awakened One","ascension_level":17}