{"gold_per_floor":[118,129,129,142,160,194,194,219,243,243,243,273,273,290,290,386,386,397,414,432,432,432,432],"floor_reached":23,"playtime":2456,"items_purged":[],"score":291,"play_id":"4beeb022-7cc1-42ab-9b5d-32bee2b19747","local_time":"20181111002403","is_ascension_mode":true,"campfire_choices":[{"floor":7.0,"key":"REST"},{"data":"Neutralize","floor":11.0,"key":"SMITH"},{"data":"Dagger Spray","floor":13.0,"key":"SMITH"},{"floor":15.0,"key":"REST"}],"neow_cost":"CURSE","seed_source_timestamp":867027909811,"circlet_count":0,"master_deck":["Defend_G","Defend_G","Defend_G","Defend_G","Defend_G","Strike_G","Strike_G","Strike_G","Strike_G","Survivor","Neutralize+1","Shame","Backflip","Backflip","Dagger Spray+1","Flechettes","Adrenaline","Backflip","Bouncing Flask","Burst","Deadly Poison"],"special_seed":0,"relics":["Ring of the Snake","Tingsha","Vajra","Orichalcum","Art of War","Snecko Eye","CultistMask"],"potions_floor_usage":[23],"damage_taken":[{"damage":0.0,"enemies":"Small Slimes","floor":1.0,"turns":3.0},{"damage":1.0,"enemies":"Jaw Worm","floor":2.0,"turns":7.0},{"damage":9.0,"enemies":"Cultist","floor":4.0,"turns":6.0},{"damage":9.0,"enemies":"3 Louse","floor":5.0,"turns":3.0},{"damage":30.0,"enemies":"3 Sentries","floor":6.0,"turns":10.0},{"damage":26.0,"enemies":"Lagavulin","floor":8.0,"turns":10.0},{"damage":0.0,"enemies":"Looter","floor":14.0,"turns":2.0},{"damage":32.0,"enemies":"Hexaghost","floor":16.0,"turns":11.0},{"damage":16.0,"enemies":"2 Thieves","floor":18.0,"turns":3.0},{"damage":1.0,"enemies":"Shell Parasite","floor":19.0,"turns":4.0},{"damage":12.0,"enemies":"Snake Plant","floor":20.0,"turns":4.0},{"damage":14.0,"enemies":"Colosseum Slavers","floor":21.0,"turns":6.0},{"damage":20,"enemies":"Book of Stabbing","floor":23,"turns":4}],"seed_played":"-6002999798277591813","potions_obtained":[{"floor":4.0,"key":"Energy Potion"},{"floor":5.0,"key":"AttackPotion"},{"floor":8.0,"key":"Dexterity Potion"},{"floor":18.0,"key":"EssenceOfSteel"}],"is_trial":false,"path_per_floor":["M","M","?","M","M","E","R","E","T","?","R","?","R","M","R","B",null,"M","M","M","?","?","E"],"character_chosen":"THE_SILENT","items_purchased":[],"campfire_rested":2,"item_purchase_floors":[],"current_hp_per_floor":[63,62,55,46,37,7,28,2,2,25,25,25,25,25,46,14,56,40,39,27,13,13,0],"gold":432,"neow_bonus":"ONE_RARE_RELIC","is_prod":false,"is_daily":false,"chose_seed":false,"campfire_upgraded":2,"win_rate":0,"timestamp":1541892243,"path_taken":["M","M","?","M","M","E","R","E","T","?","R","?","R","M","R","BOSS","M","M","M","?","?","E"],"build_version":"2018-11-08","purchased_purges":0,"victory":false,"max_hp_per_floor":[70,70,70,70,70,70,70,70,70,70,70,70,70,70,70,70,70,70,70,70,70,70,70],"card_choices":[{"not_picked":["Prepared","Flechettes"],"picked":"Backflip","floor":1.0},{"not_picked":["Dagger Throw","Finisher"],"picked":"Backflip","floor":2.0},{"not_picked":["Dagger Throw","Sucker Punch"],"picked":"Dagger Spray","floor":4.0},{"not_picked":["Eviscerate","Finisher"],"picked":"Flechettes","floor":5.0},{"not_picked":["Sucker Punch","Choke"],"picked":"Adrenaline","floor":6.0},{"not_picked":["Flechettes","Caltrops"],"picked":"Backflip","floor":8.0},{"not_picked":["Blade Dance","Acrobatics"],"picked":"Bouncing Flask","floor":14.0},{"not_picked":["A Thousand Cuts","Adrenaline"],"picked":"Burst","floor":16.0},{"not_picked":["Terror","Backflip","Dagger Spray+1"],"picked":"SKIP","floor":18.0},{"not_picked":["Deflect","Setup+1","Backstab"],"picked":"SKIP","floor":19.0},{"not_picked":["Cloak And Dagger+1","Dodge and Roll"],"picked":"Deadly Poison","floor":20.0}],"player_experience":487616,"relics_obtained":[{"floor":6.0,"key":"Vajra"},{"floor":8.0,"key":"Orichalcum"},{"floor":9.0,"key":"Art of War"}],"event_choices":[{"cards_removed":["Strike_G"],"damage_healed":0.0,"max_hp_gain":0.0,"max_hp_loss":0.0,"gold_gain":0.0,"event_name":"Golden Wing","player_choice":"Card Removal","floor":3.0,"gold_loss":0.0,"damage_taken":7.0},{"damage_healed":23.0,"max_hp_gain":0.0,"max_hp_loss":0.0,"gold_gain":0.0,"event_name":"Big Fish","player_choice":"Banana","floor":10.0,"gold_loss":0.0,"damage_taken":0.0},{"damage_healed":0.0,"max_hp_gain":0.0,"max_hp_loss":0.0,"gold_gain":30.0,"event_name":"Dead Adventurer","player_choice":"Searched \u00271\u0027 times","floor":12.0,"gold_loss":0.0,"damage_taken":0.0},{"damage_healed":0.0,"max_hp_gain":0.0,"max_hp_loss":0.0,"gold_gain":0.0,"event_name":"Colosseum","player_choice":"Fight","floor":21.0,"gold_loss":0.0,"damage_taken":0.0},{"damage_healed":0.0,"max_hp_gain":0.0,"max_hp_loss":0.0,"gold_gain":0.0,"event_name":"Colosseum","player_choice":"Fled From Nobs","floor":21.0,"gold_loss":0.0,"damage_taken":0.0},{"damage_healed":0,"gold_gain":0,"player_choice":"Trade","damage_taken":0,"relics_obtained":["CultistMask"],"max_hp_gain":0,"max_hp_loss":0,"event_name":"FaceTrader","floor":22,"gold_loss":0}],"is_beta":false,"boss_relics":[{"not_picked":["Astrolabe","Eternal Feather"],"picked":"Snecko Eye"}],"items_purged_floors":[],"is_endless":false,"potions_floor_spawned":[4,5,8,18],"killed_by":"Book of Stabbing","ascension_level":9}