{"gold_per_floor":[116,131,143,157,157,157,187,209,209,209,209,236,22,38,38,113,113,113,113,33,33,33,33,33,33,33,33,33,33,33,33,33,33,33,33,33,33,33,33,33,33,33,33,33,33,33,33,33,33,33],"floor_reached":50,"playtime":4098,"items_purged":["Strike_G"],"score":1039,"play_id":"9df9f720-a643-4dc5-9383-00c74812205c","local_time":"20190117221754","is_ascension_mode":true,"campfire_choices":[{"data":"Neutralize","floor":6.0,"key":"SMITH"},{"floor":11.0,"key":"REST"},{"floor":15.0,"key":"REST"},{"data":"After Image","floor":23.0,"key":"SMITH"},{"data":"Crippling Poison","floor":25.0,"key":"SMITH"},{"data":"Cloak And Dagger","floor":28.0,"key":"SMITH"},{"data":"Envenom","floor":30.0,"key":"SMITH"},{"floor":32.0,"key":"REST"},{"floor":40.0,"key":"REST"},{"floor":44.0,"key":"REST"},{"floor":49,"key":"REST"}],"neow_cost":"NONE","seed_source_timestamp":187708213089216,"circlet_count":0,"master_deck":["AscendersBane","Defend_G+1","Defend_G+1","Defend_G+1","Defend_G+1","Defend_G+1","Strike_G+1","Strike_G+1","Strike_G+1","Survivor","Neutralize+1","Quick Slash","Flechettes","Envenom+1","Backflip+1","After Image+1","Crippling Poison+1","Well Laid Plans","Calculated Gamble+1","Cloak And Dagger+1","After Image","Blade Dance+1","Night Terror","Catalyst","Cloak And Dagger","Distraction+1","Catalyst","Writhe"],"special_seed":0,"relics":["Ring of the Snake","Vajra","Bottled Flame","Odd Mushroom","Sundial","Dodecahedron","Ectoplasm","Ice Cream","Centennial Puzzle","Orrery","MawBank","War Paint"],"potions_floor_usage":[46,46,50],"damage_taken":[{"damage":0.0,"enemies":"Cultist","floor":1.0,"turns":3.0},{"damage":0.0,"enemies":"2 Louse","floor":2.0,"turns":4.0},{"damage":0.0,"enemies":"Jaw Worm","floor":3.0,"turns":4.0},{"damage":24.0,"enemies":"Exordium Thugs","floor":4.0,"turns":6.0},{"damage":27.0,"enemies":"Lagavulin","floor":7.0,"turns":9.0},{"damage":20.0,"enemies":"The Mushroom Lair","floor":8.0,"turns":4.0},{"damage":12.0,"enemies":"Gremlin Nob","floor":12.0,"turns":3.0},{"damage":2.0,"enemies":"3 Louse","floor":14.0,"turns":4.0},{"damage":12.0,"enemies":"The Guardian","floor":16.0,"turns":11.0},{"damage":16.0,"enemies":"3 Byrds","floor":18.0,"turns":7.0},{"damage":6.0,"enemies":"Chosen","floor":21.0,"turns":5.0},{"damage":17.0,"enemies":"Shelled Parasite and Fungi","floor":22.0,"turns":7.0},{"damage":0.0,"enemies":"Book of Stabbing","floor":27.0,"turns":6.0},{"damage":2.0,"enemies":"Colosseum Slavers","floor":31.0,"turns":5.0},{"damage":5.0,"enemies":"Champ","floor":33.0,"turns":15.0},{"damage":2.0,"enemies":"Orb Walker","floor":35.0,"turns":4.0},{"damage":29.0,"enemies":"3 Darklings","floor":37.0,"turns":7.0},{"damage":32.0,"enemies":"Jaw Worm Horde","floor":38.0,"turns":6.0},{"damage":14.0,"enemies":"Nemesis","floor":41.0,"turns":7.0},{"damage":4.0,"enemies":"Spire Growth","floor":42.0,"turns":5.0},{"damage":10.0,"enemies":"Maw","floor":45.0,"turns":8.0},{"damage":7,"enemies":"3 Darklings","floor":46,"turns":6},{"damage":44,"enemies":"Time Eater","floor":50,"turns":6}],"seed_played":"-2169639647793176847","potions_obtained":[{"floor":3.0,"key":"FearPotion"},{"floor":8.0,"key":"Poison Potion"},{"floor":16.0,"key":"Strength Potion"},{"floor":21.0,"key":"Regen Potion"},{"floor":38.0,"key":"Weak Potion"},{"floor":42.0,"key":"FearPotion"},{"floor":45.0,"key":"PowerPotion"},{"floor":46,"key":"Strength Potion"}],"is_trial":false,"path_per_floor":["M","M","M","M","?","R","E","?","T","?","R","E","$","M","R","B",null,"M","?","$","M","M","R","?","R","T","E","R","?","R","?","R","B",null,"M","?","M","M","?","R","E","M","T","R","M","M","$","?","R","B"],"character_chosen":"THE_SILENT","items_purchased":["SkillPotion","LiquidBronze","Well Laid Plans"],"campfire_rested":6,"item_purchase_floors":[13,13,20],"current_hp_per_floor":[59,59,59,35,57,57,30,10,10,10,29,17,17,15,34,22,55,39,39,39,33,31,31,31,31,31,31,31,44,44,42,61,56,64,62,62,33,1,1,20,6,2,2,21,11,4,4,17,36,0],"gold":33,"neow_bonus":"RANDOM_COMMON_RELIC","is_prod":false,"is_daily":false,"chose_seed":false,"campfire_upgraded":5,"win_rate":0,"timestamp":1547759874,"path_taken":["M","?","?","M","?","R","E","?","T","?","R","E","?","M","R","BOSS","M","?","$","M","M","R","?","R","T","E","R","?","R","?","R","BOSS","M","?","M","?","?","R","E","?","T","R","M","M","$","?","R","BOSS"],"build_version":"2019-01-10","purchased_purges":1,"victory":false,"max_hp_per_floor":[66,66,66,66,66,66,66,66,66,66,66,66,66,66,66,66,66,66,66,66,66,66,66,66,66,66,66,66,66,66,66,66,66,66,66,66,66,66,66,66,66,66,66,66,66,66,66,66,66,66],"card_choices":[{"not_picked":["Deflect","PiercingWail","Blade Dance"],"picked":"SKIP","floor":1.0},{"not_picked":["Deflect","Deadly Poison","Acrobatics"],"picked":"SKIP","floor":2.0},{"not_picked":["Dagger Throw","Blade Dance"],"picked":"Quick Slash","floor":3.0},{"not_picked":["Underhanded Strike","Prepared","Setup"],"picked":"SKIP","floor":4.0},{"not_picked":["Catalyst","Flying Knee"],"picked":"Flechettes","floor":7.0},{"not_picked":["Prepared","Catalyst"],"picked":"Envenom","floor":12.0},{"not_picked":["Bane","Blade Dance"],"picked":"Backflip","floor":14.0},{"not_picked":["Storm of Steel","Glass Knife"],"picked":"After Image","floor":16.0},{"not_picked":["Expertise","Dagger Throw"],"picked":"Crippling Poison","floor":18.0},{"not_picked":["Riddle With Holes","Prepared"],"picked":"Calculated Gamble","floor":21.0},{"not_picked":["Finisher","Quick Slash","Dagger Spray"],"picked":"SKIP","floor":22.0},{"not_picked":["Crippling Poison","Outmaneuver"],"picked":"Cloak And Dagger","floor":27.0},{"not_picked":["Malaise","Venomology"],"picked":"After Image","floor":33.0},{"not_picked":["Prepared","Dagger Throw"],"picked":"Blade Dance+1","floor":34.0},{"not_picked":["Sucker Punch","Heel Hook+1"],"picked":"Night Terror","floor":34.0},{"not_picked":["Choke","Dagger Spray"],"picked":"Catalyst","floor":35.0},{"not_picked":["Skewer","Outmaneuver","Deflect+1"],"picked":"SKIP","floor":37.0},{"not_picked":["Dash","Accuracy+1"],"picked":"Cloak And Dagger","floor":38.0},{"not_picked":["Dodge and Roll","Dagger Throw"],"picked":"Distraction+1","floor":41.0},{"not_picked":["Blade Dance","Acrobatics","Predator"],"picked":"SKIP","floor":42.0},{"not_picked":["Outmaneuver","Deadly Poison","Backstab"],"picked":"SKIP","floor":45.0},{"not_picked":["All Out Attack","Adrenaline"],"picked":"Catalyst","floor":46}],"player_experience":923949,"relics_obtained":[{"floor":7.0,"key":"Bottled Flame"},{"floor":8.0,"key":"Odd Mushroom"},{"floor":9.0,"key":"Sundial"},{"floor":12.0,"key":"Dodecahedron"},{"floor":26.0,"key":"Ice Cream"},{"floor":27.0,"key":"Centennial Puzzle"},{"floor":41.0,"key":"MawBank"},{"floor":43.0,"key":"War Paint"}],"event_choices":[{"damage_healed":22.0,"max_hp_gain":0.0,"max_hp_loss":0.0,"gold_gain":0.0,"event_name":"Big Fish","player_choice":"Banana","floor":5.0,"gold_loss":0.0,"damage_taken":0.0},{"damage_healed":0.0,"max_hp_gain":0.0,"max_hp_loss":0.0,"gold_gain":0.0,"event_name":"Mushrooms","player_choice":"Fought Mushrooms","floor":8.0,"gold_loss":0.0,"damage_taken":0.0},{"damage_healed":0.0,"max_hp_gain":0.0,"max_hp_loss":0.0,"gold_gain":0.0,"event_name":"Liars Game","player_choice":"Ignored","floor":10.0,"gold_loss":0.0,"damage_taken":0.0},{"damage_healed":0.0,"max_hp_gain":0.0,"max_hp_loss":0.0,"gold_gain":0.0,"event_name":"Back to Basics","player_choice":"Simplicity","floor":19.0,"gold_loss":0.0,"damage_taken":0.0,"cards_upgraded":["Defend_G","Defend_G","Defend_G","Defend_G","Defend_G","Strike_G","Strike_G","Strike_G","Strike_G"]},{"damage_healed":0.0,"max_hp_gain":0.0,"max_hp_loss":0.0,"gold_gain":0.0,"event_name":"Ghosts","player_choice":"Ignored","floor":24.0,"gold_loss":0.0,"damage_taken":0.0},{"damage_healed":13.0,"max_hp_gain":0.0,"max_hp_loss":0.0,"gold_gain":0.0,"event_name":"The Library","player_choice":"Heal","floor":29.0,"gold_loss":0.0,"damage_taken":0.0},{"damage_healed":0.0,"max_hp_gain":0.0,"max_hp_loss":0.0,"gold_gain":0.0,"event_name":"Colosseum","player_choice":"Fight","floor":31.0,"gold_loss":0.0,"damage_taken":0.0},{"damage_healed":0.0,"max_hp_gain":0.0,"max_hp_loss":0.0,"gold_gain":0.0,"event_name":"Colosseum","player_choice":"Fled From Nobs","floor":31.0,"gold_loss":0.0,"damage_taken":0.0},{"damage_healed":0.0,"max_hp_gain":0.0,"max_hp_loss":0.0,"gold_gain":0.0,"event_name":"SecretPortal","player_choice":"Ignored","floor":36.0,"gold_loss":0.0,"damage_taken":0.0},{"cards_removed":["Strike_G"],"damage_healed":0.0,"max_hp_gain":0.0,"max_hp_loss":0.0,"gold_gain":0.0,"event_name":"Purifier","player_choice":"Purged","floor":39.0,"gold_loss":0.0,"damage_taken":0.0},{"damage_healed":13,"gold_gain":0,"player_choice":"Writhe","damage_taken":0,"max_hp_gain":0,"max_hp_loss":0,"event_name":"Winding Halls","floor":48,"gold_loss":0,"cards_obtained":["Writhe"]}],"is_beta":false,"boss_relics":[{"not_picked":["Lizard Tail","Empty Cage"],"picked":"Ectoplasm"},{"not_picked":["WristBlade","Sozu"],"picked":"Orrery"}],"items_purged_floors":[13],"is_endless":false,"potions_floor_spawned":[3,8,16,21,31,38,42,45,46],"killed_by":"Time Eater","ascension_level":17}