{"path_per_floor":["M","$","M","?","?","E","R","M","T","R","$","R","?","M","R","B",null,"M","?","M","$","M","R","M","R","T","?","R","?","?","M","R"],"character_chosen":"THE_SILENT","items_purchased":["Accuracy"],"gold_per_floor":[211,60,70,145,95,130,130,142,142,142,42,42,42,59,59,160,160,175,175,191,66,78,78,93,93,169,169,169,84,9,25,25],"floor_reached":33,"campfire_rested":3,"playtime":3066,"current_hp_per_floor":[69,69,65,54,54,36,57,56,70,70,70,70,84,84,84,14,84,49,49,47,47,41,41,27,52,52,52,52,52,52,37,62],"items_purged":["Strike_G","Strike_G","Strike_G"],"gold":25,"score":255,"play_id":"bf34d458-097f-4236-bf39-2e6c83aa89e6","is_prod":false,"is_daily":false,"is_ascension_mode":true,"campfire_upgraded":5,"path_taken":["M","$","?","?","?","E","R","M","T","R","$","R","?","M","R","BOSS","M","?","M","$","M","R","M","R","T","?","R","?","?","M","R","BOSS"],"build_version":"2018-02-22-PROD2","purchased_purges":3,"victory":false,"master_deck":["Defend_G","Defend_G","Defend_G","Strike_G+1","Survivor+1","Neutralize","Endless Agony+1","Accuracy+1","Flying Knee+1","Backflip","Dagger Throw+1","Cloak And Dagger+1","All Out Attack+1","Storm of Steel+1","Prepared+1"],"max_hp_per_floor":[70,70,70,70,70,70,70,70,84,84,84,84,84,84,84,84,84,84,84,84,84,84,84,84,84,84,84,84,84,84,84,84],"relics":["Ring of the Snake","Whetstone","Mango","Orrery","Paper Crane","Orichalcum"],"card_choices":[{"not_picked":["Slice","PiercingWail"],"picked":"Endless Agony"},{"not_picked":["Prepared","Footwork"],"picked":"Flying Knee"},{"not_picked":["Prepared","Bane"],"picked":"Backflip"},{"not_picked":["Underhanded Strike","Flechettes"],"picked":"Dagger Throw"},{"not_picked":["PiercingWail","Sucker Punch"],"picked":"All Out Attack"},{"not_picked":["Backflip","Prepared"],"picked":"Storm of Steel"},{"not_picked":["Quick Slash","Terror"],"picked":"Prepared"}],"player_experience":89544,"potions_floor_usage":[6,16,18,20,22,33,33],"damage_taken":[{"damage":1,"enemies":"Cultist","floor":1,"turns":4},{"damage":4,"enemies":"Jaw Worm","floor":3,"turns":4},{"damage":18,"enemies":"3 Sentries","floor":6,"turns":11},{"damage":1,"enemies":"Small Slimes","floor":8,"turns":4},{"damage":0,"enemies":"2 Fungi Beasts","floor":14,"turns":3},{"damage":70,"enemies":"Slime Boss","floor":16,"turns":18},{"damage":35,"enemies":"Spheric Guardian","floor":18,"turns":8},{"damage":2,"enemies":"Shell Parasite","floor":20,"turns":8},{"damage":6,"enemies":"3 Cultists","floor":22,"turns":4},{"damage":14,"enemies":"Sentry and Sphere","floor":24,"turns":5},{"damage":15,"enemies":"Cultist and Chosen","floor":31,"turns":7},{"damage":63,"enemies":"Automaton","floor":33,"turns":12}],"event_choices":[{"event_name":"World of Goop","player_choice":"Gather Gold","floor":4,"damage_taken":0},{"event_name":"The Cleric","player_choice":"Card Removal","floor":5,"damage_taken":0},{"event_name":"Big Fish","player_choice":"Banana","floor":13,"damage_taken":0},{"event_name":"The Library","player_choice":"Read","floor":19,"damage_taken":0},{"event_name":"Back to Basics","player_choice":"Elegance","floor":27,"damage_taken":0},{"event_name":"Addict","player_choice":"Obtained Relic","floor":29,"damage_taken":0},{"event_name":"Beggar","player_choice":"Gave Gold","floor":30,"damage_taken":0}],"boss_relics":[{"not_picked":["Astrolabe","White Beast Statue"],"picked":"Orrery"}],"potions_floor_spawned":[3,6,8,16,20,22,31],"seed_played":"-4883374350010766550","killed_by":"Automaton","ascension_level":1,"is_trial":false}