{"gold_per_floor":[116,136,86,86,37,37,37,50,50,80,80,93,93,124,136,246,258,281,169,188,199,199,230,230,230,230,259,259,269,280,305,305,305],"floor_reached":33,"playtime":3570,"items_purged":[],"score":342,"play_id":"24ba5bf5-0da0-46bd-89c5-683bac94b4ce","local_time":"20190118205959","is_ascension_mode":true,"campfire_choices":[{"data":"Blade Dance","floor":6,"key":"SMITH"},{"data":"Finisher","floor":11,"key":"SMITH"},{"data":"Finisher","floor":15,"key":"SMITH"},{"floor":24,"key":"REST"},{"floor":28,"key":"REST"},{"floor":32,"key":"REST"}],"neow_cost":"NONE","seed_source_timestamp":25619790240000,"circlet_count":0,"master_deck":["Defend_G","Defend_G","Defend_G","Defend_G","Defend_G","Strike_G","Strike_G","Strike_G","Survivor","Neutralize+1","Blade Dance+1","Cloak And Dagger+1","Finisher+1","Backflip","Finisher+1","A Thousand Cuts","Slice","Footwork","Blade Dance","Calculated Gamble","Acrobatics","Cloak And Dagger","Malaise+1","PiercingWail+1","Deflect+1"],"relics":["Ring of the Snake","StoneCalendar","Du-Vu Doll","MawBank","Lizard Tail","Tingsha","Toxic Egg 2","Girya","Red Mask"],"potions_floor_usage":[16,21,30,31,31,33,33],"damage_taken":[{"damage":0,"enemies":"Cultist","floor":1,"turns":4},{"damage":0,"enemies":"2 Louse","floor":2,"turns":3},{"damage":0,"enemies":"Small Slimes","floor":8,"turns":2},{"damage":18,"enemies":"Gremlin Nob","floor":10,"turns":4},{"damage":0,"enemies":"2 Fungi Beasts","floor":12,"turns":3},{"damage":0,"enemies":"Large Slime","floor":14,"turns":2},{"damage":39,"enemies":"Hexaghost","floor":16,"turns":11},{"damage":6,"enemies":"Chosen","floor":18,"turns":6},{"damage":0,"enemies":"Spheric Guardian","floor":20,"turns":1},{"damage":9,"enemies":"Snecko","floor":21,"turns":6},{"damage":60,"enemies":"Gremlin Leader","floor":23,"turns":8},{"damage":47,"enemies":"Book of Stabbing","floor":27,"turns":7},{"damage":12,"enemies":"3 Cultists","floor":29,"turns":5},{"damage":11,"enemies":"Sentry and Sphere","floor":30,"turns":4},{"damage":0,"enemies":"Masked Bandits","floor":31,"turns":2},{"damage":53,"enemies":"Collector","floor":33,"turns":7}],"seed_played":"5673968190960336465","potions_obtained":[{"floor":14,"key":"Block Potion"},{"floor":16,"key":"SteroidPotion"},{"floor":27,"key":"AttackPotion"},{"floor":29,"key":"EssenceOfSteel"},{"floor":30,"key":"SteroidPotion"},{"floor":31,"key":"Energy Potion"}],"is_trial":false,"path_per_floor":["M","M","?","?","$","R","?","M","T","E","R","M","?","M","R","B",null,"M","$","M","M","?","E","R","?","T","E","R","M","M","?","R","B"],"character_chosen":"THE_SILENT","items_purchased":["Fire Potion","Footwork","Blade Dance"],"campfire_rested":3,"item_purchase_floors":[5,19,19],"current_hp_per_floor":[70,70,70,70,70,70,75,75,75,57,57,57,54,54,54,15,75,69,69,69,60,60,37,59,59,59,12,34,22,11,11,33,0],"gold":305,"neow_bonus":"UPGRADE_CARD","is_prod":false,"is_daily":false,"chose_seed":false,"campfire_upgraded":3,"win_rate":0,"timestamp":1547866799,"path_taken":["M","M","?","?","$","R","?","M","T","E","R","M","?","M","R","BOSS","M","$","M","M","?","E","R","?","T","E","R","?","M","?","R","BOSS"],"build_version":"2019-01-17v2","purchased_purges":0,"victory":false,"max_hp_per_floor":[70,70,70,70,70,70,75,75,75,75,75,75,75,75,75,75,75,75,75,75,75,75,75,75,75,75,75,75,75,75,75,75,75],"card_choices":[{"not_picked":["All Out Attack","Slice"],"picked":"Blade Dance","floor":1},{"not_picked":["Deadly Poison","Bane"],"picked":"Cloak And Dagger","floor":2},{"not_picked":["Bane","Setup"],"picked":"Finisher","floor":8},{"not_picked":["Dodge and Roll","Cloak And Dagger","Terror"],"picked":"SKIP","floor":10},{"not_picked":["Bane","Sucker Punch"],"picked":"Backflip","floor":12},{"not_picked":["Cloak And Dagger","Quick Slash"],"picked":"Finisher","floor":14},{"not_picked":["Envenom","Tools of the Trade"],"picked":"A Thousand Cuts","floor":16},{"not_picked":["Skewer+1","Bane"],"picked":"Slice","floor":18},{"not_picked":["Poisoned Stab","Flechettes"],"picked":"Calculated Gamble","floor":20},{"not_picked":["Leg Sweep+1","Quick Slash"],"picked":"Acrobatics","floor":21},{"not_picked":["Concentrate","Prepared","Slice"],"picked":"SKIP","floor":23},{"not_picked":["Slice+1","Bane","Deadly Poison+1"],"picked":"SKIP","floor":27},{"not_picked":["Dagger Spray+1","Deadly Poison+1"],"picked":"Malaise+1","floor":29},{"not_picked":["Masterful Stab","All Out Attack+1"],"picked":"PiercingWail+1","floor":30},{"not_picked":["Underhanded Strike","Prepared+1"],"picked":"Deflect+1","floor":31}],"player_experience":425850,"relics_obtained":[{"floor":9,"key":"StoneCalendar"},{"floor":10,"key":"Du-Vu Doll"},{"floor":23,"key":"Tingsha"},{"floor":26,"key":"Toxic Egg 2"},{"floor":27,"key":"Girya"},{"floor":31,"key":"Red Mask"}],"event_choices":[{"cards_removed":["Strike_G"],"damage_healed":0,"gold_gain":0,"player_choice":"Card Removal","damage_taken":0,"max_hp_gain":0,"max_hp_loss":0,"event_name":"The Cleric","floor":3,"gold_loss":50},{"damage_healed":0,"gold_gain":0,"player_choice":"Grow","damage_taken":0,"max_hp_gain":0,"max_hp_loss":0,"event_name":"Living Wall","floor":4,"gold_loss":0,"cards_upgraded":["Cloak And Dagger"]},{"damage_healed":0,"gold_gain":0,"player_choice":"Donut","damage_taken":0,"max_hp_gain":5,"max_hp_loss":0,"event_name":"Big Fish","floor":7,"gold_loss":0},{"damage_healed":0,"gold_gain":0,"player_choice":"Success","damage_taken":3,"relics_obtained":["MawBank"],"max_hp_gain":0,"max_hp_loss":0,"event_name":"Scrap Ooze","floor":13,"gold_loss":0},{"damage_healed":0,"gold_gain":0,"player_choice":"Ignored","damage_taken":0,"max_hp_gain":0,"max_hp_loss":0,"event_name":"Beggar","floor":22,"gold_loss":0},{"damage_healed":0,"gold_gain":0,"cards_transformed":["Strike_G"],"player_choice":"Transformed","damage_taken":0,"max_hp_gain":0,"max_hp_loss":0,"event_name":"Transmorgrifier","floor":25,"gold_loss":0,"cards_obtained":["Cloak And Dagger"]},{"damage_healed":0,"gold_gain":0,"player_choice":"Fought Bandits","damage_taken":0,"max_hp_gain":0,"max_hp_loss":0,"event_name":"Masked Bandits","floor":31,"gold_loss":0}],"is_beta":false,"boss_relics":[{"not_picked":["Calling Bell","White Beast Statue"],"picked":"Lizard Tail"}],"items_purged_floors":[],"is_endless":false,"potions_floor_spawned":[8,14,16,27,29,30,31],"killed_by":"Collector","ascension_level":4}