{"gold_per_floor":[113,113,125,139,18,48,48,80,80,80,98,63,89,14,14,87,87,97,9,9,9,19,69,69,69,92,14,41,55,85,96,96,173,173,190,202,1,1,13,44,44,59,59,59,70,87,107,107,107,107,107],"floor_reached":52,"playtime":7513,"items_purged":["Strike_G","Malaise"],"score":1985,"play_id":"5119f0c5-0f2f-4120-b10d-c96b192ad31c","local_time":"20190128175927","is_ascension_mode":true,"campfire_choices":[{"floor":7.0,"key":"REST"},{"floor":15.0,"key":"REST"},{"data":"Footwork","floor":32.0,"key":"SMITH"},{"data":"Crippling Poison","floor":41.0,"key":"SMITH"},{"data":"Catalyst","floor":44.0,"key":"SMITH"},{"floor":49.0,"key":"REST"}],"neow_cost":"NONE","seed_source_timestamp":524498252968312,"circlet_count":0,"master_deck":["AscendersBane","Survivor","Neutralize+1","Dagger Throw","Noxious Fumes","Well Laid Plans","Crippling Poison+1","Backflip","PiercingWail","Well Laid Plans","Cloak And Dagger","Catalyst+1","Prepared","Poisoned Stab","Footwork+1","Backflip","Escape Plan","Ghostly","Ghostly","Ghostly","Footwork","Backflip","Poisoned Stab+1","Dodge and Roll","Leg Sweep+1","Noxious Fumes","Burst","Backflip+1","Noxious Fumes+1","Deflect","Footwork","Neutralize+1"],"special_seed":0,"relics":["Ring of the Snake","Turnip","Gremlin Horn","Centennial Puzzle","Singing Bowl","Odd Mushroom","Pandora\u0027s Box","Lantern","Molten Egg 2","Paper Crane","Empty Cage","Matryoshka","Snake Skull","Mercury Hourglass"],"potions_floor_usage":[51,51],"damage_taken":[{"damage":1.0,"enemies":"Cultist","floor":1.0,"turns":4.0},{"damage":4.0,"enemies":"Jaw Worm","floor":3.0,"turns":6.0},{"damage":2.0,"enemies":"Small Slimes","floor":4.0,"turns":5.0},{"damage":37.0,"enemies":"3 Sentries","floor":6.0,"turns":10.0},{"damage":19.0,"enemies":"Lagavulin","floor":8.0,"turns":9.0},{"damage":0.0,"enemies":"2 Fungi Beasts","floor":11.0,"turns":3.0},{"damage":10.0,"enemies":"The Mushroom Lair","floor":13.0,"turns":4.0},{"damage":23.0,"enemies":"The Guardian","floor":16.0,"turns":15.0},{"damage":9.0,"enemies":"3 Byrds","floor":18.0,"turns":6.0},{"damage":25.0,"enemies":"Colosseum Slavers","floor":20.0,"turns":7.0},{"damage":1.0,"enemies":"Shell Parasite","floor":22.0,"turns":7.0},{"damage":11.0,"enemies":"Gremlin Leader","floor":28.0,"turns":8.0},{"damage":0.0,"enemies":"Sentry and Sphere","floor":29.0,"turns":8.0},{"damage":1.0,"enemies":"Book of Stabbing","floor":30.0,"turns":9.0},{"damage":0.0,"enemies":"Centurion and Healer","floor":31.0,"turns":9.0},{"damage":19.0,"enemies":"Champ","floor":33.0,"turns":18.0},{"damage":1.0,"enemies":"3 Shapes","floor":35.0,"turns":8.0},{"damage":16.0,"enemies":"3 Darklings","floor":36.0,"turns":11.0},{"damage":9.0,"enemies":"Jaw Worm Horde","floor":39.0,"turns":7.0},{"damage":0.0,"enemies":"Reptomancer","floor":40.0,"turns":8.0},{"damage":0.0,"enemies":"Writhing Mass","floor":42.0,"turns":8.0},{"damage":0.0,"enemies":"Spire Growth","floor":45.0,"turns":7.0},{"damage":3.0,"enemies":"4 Shapes","floor":46.0,"turns":7.0},{"damage":0.0,"enemies":"Jaw Worm Horde","floor":47.0,"turns":6.0},{"damage":10.0,"enemies":"Time Eater","floor":50.0,"turns":9.0},{"damage":0,"enemies":"Awakened One","floor":51,"turns":18}],"seed_played":"-3826891942361427592","potions_obtained":[{"floor":8.0,"key":"Dexterity Potion"},{"floor":11.0,"key":"SpeedPotion"},{"floor":13.0,"key":"Fire Potion"},{"floor":18.0,"key":"EssenceOfSteel"},{"floor":30.0,"key":"Fruit Juice"},{"floor":40.0,"key":"Poison Potion"},{"floor":46.0,"key":"Ancient Potion"}],"is_trial":false,"path_per_floor":["M","T","M","M","$","E","R","E","T","?","M","?","?","$","R","B",null,"M","$","?","?","M","?","?","T","T","$","E","M","E","M","R","B",null,"M","M","$","?","M","E","R","M","T","R","M","M","M","?","R","B","B",null],"character_chosen":"THE_SILENT","items_purchased":["Well Laid Plans","Skewer","Escape Plan","Footwork","Noxious Fumes","Dexterity Potion"],"campfire_rested":3,"item_purchase_floors":[5,5,19,27,37,37],"current_hp_per_floor":[58,58,54,52,52,15,34,15,15,8,8,24,14,14,33,10,52,43,43,18,31,32,32,32,32,32,32,21,23,22,24,24,12,37,36,20,20,20,13,13,13,13,13,13,15,12,12,12,26,16,16],"gold":107,"neow_bonus":"UPGRADE_CARD","is_prod":false,"is_daily":false,"chose_seed":false,"campfire_upgraded":3,"win_rate":0,"timestamp":1548694767,"path_taken":["M","?","M","M","?","E","R","E","T","?","M","?","?","$","R","BOSS","M","$","?","?","M","?","?","?","T","$","E","?","E","M","R","BOSS","M","M","$","?","M","E","R","M","T","R","M","M","?","?","R","BOSS","BOSS"],"build_version":"2019-01-23","purchased_purges":2,"victory":true,"max_hp_per_floor":[66,66,66,66,66,66,66,66,66,66,66,66,66,66,66,66,66,66,66,66,66,68,68,34,34,34,34,34,36,36,38,38,45,45,45,45,45,45,47,47,47,47,47,47,49,49,49,49,49,49,49],"card_choices":[{"not_picked":["Cloak And Dagger","Bane"],"picked":"Dagger Throw","floor":1.0},{"not_picked":["Deadly Poison","Underhanded Strike","Reflex"],"picked":"SKIP","floor":3.0},{"not_picked":["Catalyst","Masterful Stab"],"picked":"Noxious Fumes","floor":4.0},{"not_picked":["Heel Hook","Sucker Punch"],"picked":"Crippling Poison","floor":6.0},{"not_picked":["Calculated Gamble","Bane","Infinite Blades"],"picked":"SKIP","floor":8.0},{"not_picked":["Calculated Gamble","Crippling Poison"],"picked":"Backflip","floor":11.0},{"not_picked":["Blade Dance","Tactician"],"picked":"PiercingWail","floor":13.0},{"not_picked":["Unload","Tools of the Trade"],"picked":"Malaise","floor":16.0},{"not_picked":["Underhanded Strike","Bouncing Flask"],"picked":"Backflip","floor":18.0},{"not_picked":["Poisoned Stab","Sucker Punch+1","Slice"],"picked":"Singing Bowl","floor":22.0},{"not_picked":["Blade Dance","Blur"],"picked":"Backflip","floor":28.0},{"not_picked":["Underhanded Strike+1","Acrobatics","Tactician"],"picked":"Singing Bowl","floor":29.0},{"not_picked":["Bane+1","Slice+1"],"picked":"Poisoned Stab+1","floor":30.0},{"not_picked":["Dagger Spray+1","Cloak And Dagger","Acrobatics"],"picked":"Singing Bowl","floor":31.0},{"not_picked":["Phantasmal Killer","Doppelganger","Tools of the Trade"],"picked":"Singing Bowl","floor":33.0},{"not_picked":["Deadly Poison","Flying Knee+1"],"picked":"Dodge and Roll","floor":35.0},{"not_picked":["Dagger Throw+1","Poisoned Stab+1"],"picked":"Leg Sweep+1","floor":36.0},{"not_picked":["Concentrate","Poisoned Stab+1","Choke+1"],"picked":"Singing Bowl","floor":39.0},{"not_picked":["Cloak And Dagger","Backstab+1"],"picked":"Backflip+1","floor":40.0},{"not_picked":["Outmaneuver","Reflex+1"],"picked":"Noxious Fumes+1","floor":42.0},{"not_picked":["Burst","Predator+1","Bane+1"],"picked":"Singing Bowl","floor":45.0},{"not_picked":["Backflip+1","Cloak And Dagger+1"],"picked":"Deflect","floor":46.0},{"not_picked":["Bane+1","Bouncing Flask"],"picked":"Footwork","floor":47.0}],"player_experience":1034563,"relics_obtained":[{"floor":2.0,"key":"Turnip"},{"floor":6.0,"key":"Gremlin Horn"},{"floor":8.0,"key":"Centennial Puzzle"},{"floor":9.0,"key":"Singing Bowl"},{"floor":13.0,"key":"Odd Mushroom"},{"floor":26.0,"key":"Lantern"},{"floor":28.0,"key":"Molten Egg 2"},{"floor":30.0,"key":"Paper Crane"},{"floor":40.0,"key":"Matryoshka"},{"floor":43.0,"key":"Snake Skull"},{"floor":43.0,"key":"Mercury Hourglass"}],"event_choices":[{"cards_removed":["Strike_G"],"damage_healed":0.0,"max_hp_gain":0.0,"max_hp_loss":0.0,"gold_gain":0.0,"event_name":"Golden Wing","player_choice":"Card Removal","floor":10.0,"gold_loss":0.0,"damage_taken":7.0},{"damage_healed":16.0,"max_hp_gain":0.0,"max_hp_loss":0.0,"gold_gain":0.0,"event_name":"The Cleric","player_choice":"Healed","floor":12.0,"gold_loss":35.0,"damage_taken":0.0},{"damage_healed":0.0,"max_hp_gain":0.0,"max_hp_loss":0.0,"gold_gain":0.0,"event_name":"Mushrooms","player_choice":"Fought Mushrooms","floor":13.0,"gold_loss":0.0,"damage_taken":0.0},{"damage_healed":0.0,"max_hp_gain":0.0,"max_hp_loss":0.0,"gold_gain":0.0,"event_name":"Colosseum","player_choice":"Fight","floor":20.0,"gold_loss":0.0,"damage_taken":0.0},{"damage_healed":0.0,"max_hp_gain":0.0,"max_hp_loss":0.0,"gold_gain":0.0,"event_name":"Colosseum","player_choice":"Fled From Nobs","floor":20.0,"gold_loss":0.0,"damage_taken":0.0},{"damage_healed":13.0,"max_hp_gain":0.0,"max_hp_loss":0.0,"gold_gain":0.0,"event_name":"The Library","player_choice":"Heal","floor":21.0,"gold_loss":0.0,"damage_taken":0.0},{"damage_healed":0.0,"max_hp_gain":0.0,"max_hp_loss":0.0,"gold_gain":50.0,"event_name":"Nest","player_choice":"Stole From Cult","floor":23.0,"gold_loss":0.0,"damage_taken":0.0},{"damage_healed":0.0,"max_hp_gain":0.0,"max_hp_loss":34.0,"gold_gain":0.0,"event_name":"Ghosts","player_choice":"Became a Ghost","floor":24.0,"gold_loss":0.0,"damage_taken":0.0,"cards_obtained":["Ghostly","Ghostly","Ghostly"]},{"damage_healed":0.0,"max_hp_gain":0.0,"max_hp_loss":0.0,"gold_gain":0.0,"cards_transformed":["Skewer"],"event_name":"Transmorgrifier","player_choice":"Transformed","floor":38.0,"gold_loss":0.0,"damage_taken":0.0,"cards_obtained":["Burst"]},{"damage_healed":0.0,"max_hp_gain":0.0,"max_hp_loss":0.0,"gold_gain":0.0,"event_name":"Match and Keep!","player_choice":"1 cards matched","floor":48.0,"gold_loss":0.0,"damage_taken":0.0,"cards_obtained":["Neutralize"]}],"is_beta":false,"boss_relics":[{"not_picked":["Velvet Choker","Ring of the Serpent"],"picked":"Pandora\u0027s Box"},{"not_picked":["Runic Pyramid","Eternal Feather"],"picked":"Empty Cage"}],"items_purged_floors":[14,37],"is_endless":false,"potions_floor_spawned":[8,11,13,18,20,30,40,42,45,46],"ascension_level":20}