{"gold_per_floor":[115,115,115,127,145,145,70,70,70,20,50,50,76,96,96,201,201,215,215,62,62,45,45,63,63,63,80,113,212,212,224,224,326,326,338,338,438,438,452,480,66,66,66,93,127,159,173,73,73,73],"floor_reached":51,"playtime":5198,"items_purged":["Strike_G","Strike_G"],"score":1091,"play_id":"27f9c2a2-aef1-45b9-aee4-94fee6df1812","local_time":"20190114144951","is_ascension_mode":true,"campfire_choices":[{"data":"Neutralize","floor":6.0,"key":"SMITH"},{"data":"Storm of Steel","floor":12.0,"key":"SMITH"},{"floor":15.0,"key":"REST"},{"data":"Tools of the Trade","floor":23.0,"key":"SMITH"},{"data":"Blade Dance","floor":25.0,"key":"SMITH"},{"data":"All Out Attack","floor":32.0,"key":"SMITH"},{"data":"Noxious Fumes","floor":42,"key":"SMITH"},{"data":"Escape Plan","floor":49,"key":"SMITH"}],"neow_cost":"NONE","seed_source_timestamp":0,"circlet_count":0,"master_deck":["Defend_G","Defend_G","Defend_G","Defend_G","Defend_G","Strike_G","Survivor","Neutralize+1","Escape Plan+1","Blade Dance+1","All Out Attack+1","Storm of Steel+1","Cloak And Dagger+1","Flying Knee","Tools of the Trade+1","Backflip+1","Blade Dance+1","Backflip+1","Backflip+1","Cloak And Dagger+1","A Thousand Cuts+1","Noxious Fumes+1","Thinking Ahead+1","Blade Dance+1","Sucker Punch+1","Blur+1","Terror+1"],"special_seed":0,"relics":["Ring of the Snake","Kunai","Pen Nib","Toxic Egg 2","Sozu","Lantern","Molten Egg 2","Dodecahedron","Eternal Feather","WingedGreaves","Letter Opener","Tough Bandages","Orichalcum","Art of War","Darkstone Periapt","Bronze Scales"],"potions_floor_usage":[50],"damage_taken":[{"damage":0.0,"enemies":"Jaw Worm","floor":1.0,"turns":5.0},{"damage":0.0,"enemies":"2 Louse","floor":4.0,"turns":3.0},{"damage":6.0,"enemies":"Cultist","floor":5.0,"turns":4.0},{"damage":33.0,"enemies":"Lagavulin","floor":11.0,"turns":9.0},{"damage":11.0,"enemies":"Gremlin Nob","floor":13.0,"turns":3.0},{"damage":0.0,"enemies":"Looter","floor":14.0,"turns":4.0},{"damage":40.0,"enemies":"Hexaghost","floor":16.0,"turns":12.0},{"damage":3.0,"enemies":"Chosen","floor":18.0,"turns":5.0},{"damage":3.0,"enemies":"2 Thieves","floor":22.0,"turns":4.0},{"damage":1.0,"enemies":"Chosen and Byrds","floor":24.0,"turns":5.0},{"damage":11.0,"enemies":"Sentry and Sphere","floor":27.0,"turns":4.0},{"damage":0.0,"enemies":"Gremlin Leader","floor":28.0,"turns":5.0},{"damage":0.0,"enemies":"3 Cultists","floor":31.0,"turns":5.0},{"damage":5.0,"enemies":"Automaton","floor":33.0,"turns":14.0},{"damage":12.0,"enemies":"3 Darklings","floor":35.0,"turns":5.0},{"damage":2.0,"enemies":"Mind Bloom Boss Battle","floor":37.0,"turns":9.0},{"damage":0.0,"enemies":"3 Shapes","floor":39.0,"turns":3.0},{"damage":29,"enemies":"Giant Head","floor":40,"turns":9},{"damage":0,"enemies":"Nemesis","floor":44,"turns":6},{"damage":0,"enemies":"Giant Head","floor":45,"turns":8},{"damage":0,"enemies":"Nemesis","floor":46,"turns":7},{"damage":7,"enemies":"Spire Growth","floor":47,"turns":4},{"damage":41,"enemies":"Donu and Deca","floor":50,"turns":9}],"seed_played":"-8812084044180690129","potions_obtained":[{"floor":4.0,"key":"SteroidPotion"},{"floor":13.0,"key":"PowerPotion"},{"floor":14.0,"key":"Block Potion"}],"is_trial":false,"path_per_floor":["M","?","?","M","M","R","$","?","T","?","E","R","E","M","R","B",null,"M","?","$","?","M","R","M","R","T","M","E","?","?","M","R","B",null,"M","?","?","?","M","E","$","R","T","E","E","E","M","$","R","B",null],"character_chosen":"THE_SILENT","items_purchased":["All Out Attack","Lantern","Tough Bandages","Sucker Punch+1"],"campfire_rested":1,"item_purchase_floors":[7,20,41,41],"current_hp_per_floor":[70,70,75,75,69,69,69,62,62,62,29,29,18,18,42,2,62,59,59,59,59,56,56,55,55,55,44,44,44,44,44,44,39,71,59,59,57,57,57,28,28,43,43,43,43,43,36,36,51,10],"gold":73,"neow_bonus":"TEN_PERCENT_HP_BONUS","is_prod":false,"is_daily":false,"chose_seed":false,"campfire_upgraded":7,"win_rate":0,"timestamp":1547498991,"path_taken":["M","?","?","M","M","R","$","?","T","?","E","R","E","M","R","BOSS","M","?","?","?","M","R","M","R","T","?","E","?","?","M","R","BOSS","M","?","?","?","M","E","$","R","T","E","E","E","?","$","R","BOSS"],"build_version":"2019-01-10","purchased_purges":2,"victory":true,"max_hp_per_floor":[77,77,82,82,82,82,82,82,82,82,82,82,82,82,82,82,82,82,82,82,82,82,82,82,82,82,82,82,82,82,82,82,82,82,82,82,82,82,82,82,82,82,82,82,82,82,82,82,82,82],"card_choices":[{"not_picked":["Prepared","PiercingWail"],"picked":"Escape Plan","floor":1.0},{"not_picked":["Outmaneuver","PiercingWail"],"picked":"Blade Dance","floor":4.0},{"not_picked":["Endless Agony","Underhanded Strike","Poisoned Stab"],"picked":"SKIP","floor":5.0},{"not_picked":["Endless Agony","Underhanded Strike","Poisoned Stab"],"picked":"SKIP","floor":5.0},{"not_picked":["Venomology","Flying Knee"],"picked":"Storm of Steel","floor":11.0},{"not_picked":["Tactician","Deflect"],"picked":"Cloak And Dagger","floor":13.0},{"not_picked":["Setup+1","Sucker Punch"],"picked":"Flying Knee","floor":14.0},{"not_picked":["Night Terror+1","Corpse Explosion+1"],"picked":"Tools of the Trade","floor":16.0},{"not_picked":["Dodge and Roll+1","Prepared+1"],"picked":"Backflip+1","floor":18.0},{"not_picked":["Slice+1","Masterful Stab"],"picked":"Blade Dance+1","floor":22.0},{"not_picked":["Blade Dance+1","Heel Hook","Quick Slash"],"picked":"SKIP","floor":24.0},{"not_picked":["Reflex+1","Sucker Punch+1"],"picked":"Backflip+1","floor":27.0},{"not_picked":["Blade Dance+1","Underhanded Strike+1"],"picked":"Backflip+1","floor":28.0},{"not_picked":["Flying Knee+1","Sucker Punch+1"],"picked":"Cloak And Dagger+1","floor":31.0},{"not_picked":["Malaise+1","After Image"],"picked":"A Thousand Cuts","floor":33.0},{"not_picked":["Poisoned Stab+1","Backflip+1"],"picked":"Noxious Fumes","floor":35.0},{"not_picked":["Bandage Up+1","Purity+1"],"picked":"Thinking Ahead+1","floor":36.0},{"not_picked":["Prepared+1","Underhanded Strike+1"],"picked":"Blade Dance+1","floor":37.0},{"not_picked":["Poisoned Stab+1","Crippling Poison+1","Backflip+1"],"picked":"SKIP","floor":39.0},{"not_picked":["A Thousand Cuts","Dagger Throw+1","Phantasmal Killer+1"],"picked":"SKIP","floor":40},{"not_picked":["Quick Slash+1","Flying Knee+1","Distraction+1"],"picked":"SKIP","floor":44},{"not_picked":["Flying Knee+1","Setup+1"],"picked":"Blur+1","floor":45},{"not_picked":["Acrobatics+1","Eviscerate+1"],"picked":"Terror+1","floor":46},{"not_picked":["Dagger Spray+1","Quick Slash+1","Tactician+1"],"picked":"SKIP","floor":47}],"player_experience":179390,"relics_obtained":[{"floor":9.0,"key":"Kunai"},{"floor":11.0,"key":"Pen Nib"},{"floor":13.0,"key":"Toxic Egg 2"},{"floor":26.0,"key":"Molten Egg 2"},{"floor":28.0,"key":"Dodecahedron"},{"floor":37.0,"key":"WingedGreaves"},{"floor":40,"key":"Letter Opener"},{"floor":43,"key":"Orichalcum"},{"floor":44,"key":"Art of War"},{"floor":45,"key":"Darkstone Periapt"},{"floor":46,"key":"Bronze Scales"}],"event_choices":[{"damage_healed":0.0,"max_hp_gain":0.0,"max_hp_loss":0.0,"gold_gain":0.0,"event_name":"Liars Game","player_choice":"Ignored","floor":2.0,"gold_loss":0.0,"damage_taken":0.0},{"damage_healed":0.0,"max_hp_gain":5.0,"max_hp_loss":0.0,"gold_gain":0.0,"event_name":"Big Fish","player_choice":"Donut","floor":3.0,"gold_loss":0.0,"damage_taken":0.0},{"cards_removed":["Strike_G"],"damage_healed":0.0,"max_hp_gain":0.0,"max_hp_loss":0.0,"gold_gain":0.0,"event_name":"Golden Wing","player_choice":"Card Removal","floor":8.0,"gold_loss":0.0,"damage_taken":7.0},{"cards_removed":["Strike_G"],"damage_healed":0.0,"max_hp_gain":0.0,"max_hp_loss":0.0,"gold_gain":0.0,"event_name":"The Cleric","player_choice":"Card Removal","floor":10.0,"gold_loss":50.0,"damage_taken":0.0},{"damage_healed":0.0,"max_hp_gain":0.0,"max_hp_loss":0.0,"gold_gain":0.0,"event_name":"The Woman in Blue","player_choice":"Bought 0 Potions","floor":19.0,"gold_loss":0.0,"damage_taken":0.0},{"damage_healed":0.0,"max_hp_gain":0.0,"max_hp_loss":0.0,"gold_gain":0.0,"event_name":"Beggar","player_choice":"Ignored","floor":21.0,"gold_loss":0.0,"damage_taken":0.0},{"damage_healed":0.0,"max_hp_gain":0.0,"max_hp_loss":0.0,"gold_gain":99.0,"event_name":"Nest","player_choice":"Stole From Cult","floor":29.0,"gold_loss":0.0,"damage_taken":0.0},{"damage_healed":0.0,"max_hp_gain":0.0,"max_hp_loss":0.0,"gold_gain":0.0,"event_name":"Ghosts","player_choice":"Ignored","floor":30.0,"gold_loss":0.0,"damage_taken":0.0},{"damage_healed":0.0,"max_hp_gain":0.0,"max_hp_loss":0.0,"gold_gain":0.0,"event_name":"SensoryStone","player_choice":"Memory 1","floor":36.0,"gold_loss":0.0,"damage_taken":0.0},{"damage_healed":0.0,"max_hp_gain":0.0,"max_hp_loss":0.0,"gold_gain":0.0,"event_name":"MindBloom","player_choice":"Fight","floor":37.0,"gold_loss":0.0,"damage_taken":0.0},{"damage_healed":0.0,"max_hp_gain":0.0,"max_hp_loss":0.0,"gold_gain":0.0,"event_name":"Upgrade Shrine","player_choice":"Upgraded","floor":38.0,"gold_loss":0.0,"damage_taken":0.0,"cards_upgraded":["A Thousand Cuts"]}],"is_beta":false,"boss_relics":[{"not_picked":["Empty Cage","HoveringKite"],"picked":"Sozu"},{"not_picked":["Ring of the Serpent","Orrery"],"picked":"Eternal Feather"}],"items_purged_floors":[41,48],"is_endless":false,"potions_floor_spawned":[4,13,14,27,33,37,40,44],"ascension_level":6}