{"gold_per_floor":[115,190,207,207,223,248,248,282,282,282,114,131,158,178,178,281,281,298,298,310,96,195,214,230,230,253,287,287,341,388,410,422,532,544,568,32,49,49,69,96,96,113,160,177,177,177,177,193,193,193],"floor_reached":51,"playtime":3937,"items_purged":["Strike_G","Strike_G"],"score":1118,"play_id":"31ed4470-2b56-46b0-a8ed-2618ff647225","local_time":"20181210163457","is_ascension_mode":true,"campfire_choices":[{"data":"Neutralize","floor":7,"key":"SMITH"},{"data":"Dodge and Roll","floor":10,"key":"SMITH"},{"floor":15,"key":"REST"},{"floor":25,"key":"REST"},{"data":"Footwork","floor":28,"key":"SMITH"},{"data":"Doppelganger","floor":32,"key":"SMITH"},{"data":"Tools of the Trade","floor":41,"key":"SMITH"},{"data":"Noxious Fumes","floor":45,"key":"SMITH"},{"data":"Noxious Fumes","floor":49,"key":"SMITH"}],"neow_cost":"NONE","seed_source_timestamp":69540487237416,"circlet_count":0,"master_deck":["AscendersBane","Defend_G","Defend_G","Defend_G","Defend_G","Defend_G","Strike_G+1","Strike_G","Strike_G+1","Survivor","Neutralize+1","Noxious Fumes+1","Noxious Fumes+1","Riddle With Holes","Doppelganger+1","Dodge and Roll+1","Bandage Up+1","Infinite Blades","Escape Plan","Dash","Malaise+1","Dodge and Roll+1","Footwork+1","Blur","Noxious Fumes+1","Noxious Fumes","Crippling Poison","Dodge and Roll+1","Tools of the Trade+1","Doppelganger","Deflect"],"relics":["Ring of the Snake","NeowsBlessing","Whetstone","Paper Crane","Vajra","Regal Pillow","Sozu","Oddly Smooth Stone","War Paint","MawBank","Blood Vial","Busted Crown","Mummified Hand","Ice Cream","Incense Burner","Orichalcum"],"potions_floor_usage":[8,8,14],"damage_taken":[{"damage":0,"enemies":"Small Slimes","floor":1,"turns":1},{"damage":0,"enemies":"2 Louse","floor":3,"turns":1},{"damage":0,"enemies":"Cultist","floor":5,"turns":1},{"damage":33,"enemies":"Lagavulin","floor":6,"turns":8},{"damage":6,"enemies":"Gremlin Nob","floor":8,"turns":4},{"damage":11,"enemies":"Large Slime","floor":12,"turns":6},{"damage":16,"enemies":"3 Sentries","floor":13,"turns":7},{"damage":5,"enemies":"Gremlin Gang","floor":14,"turns":3},{"damage":22,"enemies":"Slime Boss","floor":16,"turns":9},{"damage":16,"enemies":"Shell Parasite","floor":18,"turns":6},{"damage":4,"enemies":"Chosen","floor":20,"turns":7},{"damage":4,"enemies":"Snake Plant","floor":23,"turns":6},{"damage":19,"enemies":"Centurion and Healer","floor":24,"turns":7},{"damage":0,"enemies":"Book of Stabbing","floor":27,"turns":8},{"damage":14,"enemies":"Gremlin Leader","floor":30,"turns":8},{"damage":7,"enemies":"Sentry and Sphere","floor":31,"turns":6},{"damage":27,"enemies":"Champ","floor":33,"turns":13},{"damage":0,"enemies":"3 Darklings","floor":35,"turns":6},{"damage":0,"enemies":"3 Shapes","floor":37,"turns":6},{"damage":2,"enemies":"Spire Growth","floor":39,"turns":7},{"damage":11,"enemies":"Nemesis","floor":40,"turns":9},{"damage":21,"enemies":"3 Darklings","floor":42,"turns":5},{"damage":0,"enemies":"Sphere and 2 Shapes","floor":44,"turns":6},{"damage":0,"enemies":"Writhing Mass","floor":48,"turns":7},{"damage":26,"enemies":"Donu and Deca","floor":50,"turns":9}],"seed_played":"-787331290329312242","potions_obtained":[{"floor":1,"key":"Energy Potion"},{"floor":3,"key":"Explosive Potion"},{"floor":6,"key":"Block Potion"}],"is_trial":false,"path_per_floor":["M","?","M","?","M","E","R","E","T","R","$","M","E","M","R","B",null,"M","?","M","$","?","M","M","R","T","E","R","T","E","M","R","B",null,"M","$","M","?","M","E","R","M","T","M","R","?","?","M","R","B",null],"character_chosen":"THE_SILENT","items_purchased":["Bandage Up","Footwork","Blur","Mummified Hand","Ice Cream"],"campfire_rested":2,"item_purchase_floors":[11,21,21,36,36],"current_hp_per_floor":[63,52,52,70,70,37,37,31,31,31,31,24,12,7,43,25,59,47,47,47,47,47,47,32,68,68,70,70,70,62,63,63,43,63,70,70,70,70,68,65,65,52,52,60,60,60,60,66,66,46],"gold":193,"neow_bonus":"THREE_ENEMY_KILL","is_prod":false,"is_daily":false,"chose_seed":false,"campfire_upgraded":7,"win_rate":0,"timestamp":1544456097,"path_taken":["M","?","M","?","?","E","R","E","T","R","$","M","E","M","R","BOSS","M","?","?","$","?","M","M","R","T","E","R","?","E","M","R","BOSS","M","$","M","?","M","E","R","M","T","?","R","?","?","M","R","BOSS"],"build_version":"2018-12-06","purchased_purges":2,"victory":true,"max_hp_per_floor":[70,70,70,70,70,70,70,70,70,70,70,70,70,70,70,70,70,70,70,70,70,70,70,70,70,70,70,70,70,70,70,70,70,70,70,70,70,70,70,70,70,70,70,70,70,66,66,66,66,66],"card_choices":[{"not_picked":["Slice","All Out Attack"],"picked":"Noxious Fumes","floor":1},{"not_picked":["All Out Attack","Underhanded Strike"],"picked":"Noxious Fumes","floor":3},{"not_picked":["Underhanded Strike","Escape Plan"],"picked":"Riddle With Holes","floor":5},{"not_picked":["Dagger Throw","Doppelganger","Heel Hook"],"picked":"SKIP","floor":6},{"not_picked":["Dagger Throw","Heel Hook"],"picked":"Doppelganger","floor":6},{"not_picked":["Prepared","Tactician"],"picked":"Dodge and Roll","floor":8},{"not_picked":["Quick Slash","Underhanded Strike"],"picked":"Infinite Blades","floor":12},{"not_picked":["Dagger Throw","Prepared"],"picked":"Escape Plan","floor":13},{"not_picked":["Deflect","Masterful Stab"],"picked":"Dash","floor":14},{"not_picked":["Envenom","Grand Finale"],"picked":"Malaise","floor":16},{"not_picked":["Leg Sweep+1","Sucker Punch"],"picked":"Dodge and Roll+1","floor":18},{"not_picked":["Slice","Poisoned Stab","Sucker Punch"],"picked":"SKIP","floor":20},{"not_picked":["Masterful Stab+1","Dagger Spray"],"picked":"Noxious Fumes+1","floor":23},{"not_picked":["Masterful Stab","Sucker Punch+1","Deadly Poison"],"picked":"SKIP","floor":24},{"not_picked":["Heel Hook","Flying Knee+1"],"picked":"Noxious Fumes","floor":27},{"not_picked":["Slice","Dash+1"],"picked":"Crippling Poison","floor":30},{"not_picked":["Bouncing Flask+1","Dagger Spray"],"picked":"Dodge and Roll+1","floor":31},{"not_picked":["Unload","Envenom"],"picked":"Tools of the Trade","floor":33},{"not_picked":["Underhanded Strike+1"],"picked":"SKIP","floor":35},{"not_picked":["Setup"],"picked":"SKIP","floor":37},{"not_picked":["Acrobatics"],"picked":"SKIP","floor":39},{"not_picked":[],"picked":"Doppelganger","floor":40},{"not_picked":["Infinite Blades+1"],"picked":"SKIP","floor":42},{"not_picked":["Dagger Throw+1"],"picked":"SKIP","floor":44},{"not_picked":[],"picked":"Deflect","floor":48}],"player_experience":547815,"relics_obtained":[{"floor":6,"key":"Whetstone"},{"floor":8,"key":"Paper Crane"},{"floor":9,"key":"Vajra"},{"floor":13,"key":"Regal Pillow"},{"floor":26,"key":"Oddly Smooth Stone"},{"floor":27,"key":"War Paint"},{"floor":29,"key":"MawBank"},{"floor":30,"key":"Blood Vial"},{"floor":40,"key":"Incense Burner"},{"floor":43,"key":"Orichalcum"}],"event_choices":[{"damage_healed":0,"gold_gain":75,"player_choice":"Gather Gold","damage_taken":11,"max_hp_gain":0,"max_hp_loss":0,"event_name":"World of Goop","floor":2,"gold_loss":0},{"damage_healed":18,"gold_gain":0,"player_choice":"Full Heal","damage_taken":0,"max_hp_gain":0,"max_hp_loss":0,"event_name":"Wheel of Change","floor":4,"gold_loss":0},{"damage_healed":0,"gold_gain":0,"player_choice":"Bought 0 Potions","damage_taken":0,"max_hp_gain":0,"max_hp_loss":0,"event_name":"The Woman in Blue","floor":19,"gold_loss":0},{"damage_healed":0,"gold_gain":99,"player_choice":"Stole From Cult","damage_taken":0,"max_hp_gain":0,"max_hp_loss":0,"event_name":"Nest","floor":22,"gold_loss":0},{"damage_healed":0,"gold_gain":0,"player_choice":"Ignored","damage_taken":0,"max_hp_gain":0,"max_hp_loss":0,"event_name":"WeMeetAgain","floor":38,"gold_loss":0},{"damage_healed":0,"gold_gain":0,"player_choice":"Max HP","damage_taken":0,"max_hp_gain":0,"max_hp_loss":4,"event_name":"Winding Halls","floor":46,"gold_loss":0},{"damage_healed":0,"gold_gain":0,"player_choice":"Memory 1","damage_taken":0,"max_hp_gain":0,"max_hp_loss":0,"event_name":"SensoryStone","floor":47,"gold_loss":0}],"is_beta":false,"boss_relics":[{"not_picked":["Eternal Feather","Calling Bell"],"picked":"Sozu"},{"not_picked":["Fusion Hammer","Runic Dome"],"picked":"Busted Crown"}],"items_purged_floors":[11,21],"is_endless":false,"potions_floor_spawned":[1,3,6,18,30,33,39,44],"ascension_level":10}