{"gold_per_floor":[119,44,62,62,85,85,119,294,294,66,66,101,116,137,137,261,261,277,293,243,257,276,276,276,151,151,104,124,40,78,129,129,260,260,279,297,297,297,630,630,648,658,705,705,720,737,178,231,231,231],"floor_reached":51,"playtime":2579,"items_purged":["Strike_G","Doubt","Injury","Strike_G"],"score":752,"play_id":"ef59bd94-5378-4de4-ab6a-f37087bfac0f","local_time":"20190131115450","is_ascension_mode":false,"campfire_choices":[{"data":"Dash","floor":6,"key":"SMITH"},{"data":"Neutralize","floor":11,"key":"SMITH"},{"floor":15,"key":"REST"},{"floor":23,"key":"REST"},{"data":"After Image","floor":32,"key":"SMITH"},{"floor":40,"key":"REST"},{"floor":44,"key":"REST"},{"floor":49,"key":"REST"}],"neow_cost":"NONE","seed_source_timestamp":292027858101840,"circlet_count":0,"master_deck":["Defend_G","Defend_G","Defend_G","Defend_G","Defend_G","Strike_G","Strike_G","Strike_G","Survivor","Neutralize+1","Flying Knee","Dash+1","Crippling Poison","Terror","Dagger Spray+1","Footwork","Deadly Poison","Deadly Poison","Blur","Backflip","After Image+1","Adrenaline","Dagger Spray+1","Footwork","Leg Sweep","Bullet Time","Well Laid Plans+1","Riddle With Holes+1","Backflip+1","Deadly Poison+1","Parasite","Blur+1","Deadly Poison","Noxious Fumes","Dagger Spray+1","Deadly Poison","Dash+1"],"relics":["Ring of the Serpent","NeowsBlessing","Sundial","Molten Egg 2","The Specimen","Torii","Dodecahedron","Boot","Fusion Hammer","Juzu Bracelet","Snake Skull","Thread and Needle"],"potions_floor_usage":[16,16,18,28,30,33,33,33,42,50,50,50],"damage_taken":[{"damage":0,"enemies":"Cultist","floor":1,"turns":1},{"damage":0,"enemies":"Jaw Worm","floor":3,"turns":1},{"damage":0,"enemies":"2 Louse","floor":5,"turns":1},{"damage":20,"enemies":"Gremlin Nob","floor":7,"turns":6},{"damage":3,"enemies":"Lagavulin","floor":12,"turns":5},{"damage":0,"enemies":"2 Fungi Beasts","floor":13,"turns":3},{"damage":0,"enemies":"Red Slaver","floor":14,"turns":2},{"damage":34,"enemies":"Slime Boss","floor":16,"turns":13},{"damage":13,"enemies":"Shell Parasite","floor":18,"turns":6},{"damage":14,"enemies":"Chosen","floor":19,"turns":6},{"damage":0,"enemies":"Snecko","floor":21,"turns":7},{"damage":21,"enemies":"3 Cultists","floor":22,"turns":6},{"damage":1,"enemies":"Centurion and Healer","floor":28,"turns":6},{"damage":8,"enemies":"Gremlin Leader","floor":30,"turns":7},{"damage":33,"enemies":"Collector","floor":33,"turns":10},{"damage":2,"enemies":"3 Shapes","floor":35,"turns":6},{"damage":30,"enemies":"3 Darklings","floor":36,"turns":7},{"damage":12,"enemies":"Sphere and 2 Shapes","floor":41,"turns":5},{"damage":0,"enemies":"Maw","floor":42,"turns":8},{"damage":0,"enemies":"Writhing Mass","floor":45,"turns":6},{"damage":10,"enemies":"Spire Growth","floor":46,"turns":6},{"damage":30,"enemies":"2 Orb Walkers","floor":48,"turns":6},{"damage":23,"enemies":"Donu and Deca","floor":50,"turns":10}],"seed_played":"-8841159455685321400","potions_obtained":[{"floor":12,"key":"Ancient Potion"},{"floor":13,"key":"Fire Potion"},{"floor":16,"key":"Energy Potion"},{"floor":18,"key":"SteroidPotion"},{"floor":21,"key":"Ancient Potion"},{"floor":28,"key":"Explosive Potion"},{"floor":30,"key":"Block Potion"},{"floor":35,"key":"Explosive Potion"},{"floor":42,"key":"Fruit Juice"}],"is_trial":false,"path_per_floor":["M","$","M","?","M","R","E","?","T","$","R","E","M","M","R","B",null,"M","M","?","M","M","R","?","$","T","$","M","$","E","T","R","B",null,"M","M","?","?","?","R","M","M","T","R","M","M","$","?","R","B",null],"character_chosen":"THE_SILENT","items_purchased":["Dagger Spray+1","Footwork","Deadly Poison","Dagger Spray+1","Footwork","Fire Potion","PowerPotion","Fire Potion","Snake Skull","Noxious Fumes","Dagger Spray+1","Deadly Poison"],"campfire_rested":5,"item_purchase_floors":[10,10,10,27,29,29,47,47,47,47,47,47],"current_hp_per_floor":[70,70,70,70,70,70,50,50,50,50,50,47,47,47,68,34,70,57,43,43,43,22,43,66,66,66,66,65,65,57,57,57,24,70,68,38,38,38,38,59,47,52,52,74,74,64,64,34,56,33],"gold":231,"neow_bonus":"THREE_ENEMY_KILL","is_prod":false,"is_daily":false,"chose_seed":false,"campfire_upgraded":3,"win_rate":0.0,"timestamp":1548953690,"path_taken":["M","$","?","?","M","R","E","?","T","$","R","E","M","M","R","BOSS","M","M","?","?","M","R","?","$","T","$","M","$","E","?","R","BOSS","M","M","?","?","?","R","M","M","T","R","M","M","$","?","R","BOSS"],"build_version":"2019-01-23","purchased_purges":4,"victory":true,"max_hp_per_floor":[70,70,70,70,70,70,70,70,70,70,70,70,70,70,70,70,70,70,70,70,70,70,70,70,70,70,70,70,70,70,70,70,70,70,70,70,70,70,70,70,70,75,75,75,75,75,75,75,75,75],"card_choices":[{"not_picked":["Outmaneuver","Sucker Punch"],"picked":"Flying Knee","floor":1},{"not_picked":["Choke","Outmaneuver"],"picked":"Dash","floor":3},{"not_picked":["Dodge and Roll","Terror"],"picked":"Crippling Poison","floor":5},{"not_picked":["Envenom","Poisoned Stab"],"picked":"Terror","floor":7},{"not_picked":["Calculated Gamble","Dagger Spray+1"],"picked":"Deadly Poison","floor":12},{"not_picked":["PiercingWail","Dagger Spray+1"],"picked":"Blur","floor":13},{"not_picked":["Tactician","PiercingWail"],"picked":"Backflip","floor":14},{"not_picked":["Night Terror","Envenom"],"picked":"After Image","floor":16},{"not_picked":["Acrobatics","Well Laid Plans","Prepared+1"],"picked":"SKIP","floor":18},{"not_picked":["Flechettes+1","Underhanded Strike+1","Flying Knee+1"],"picked":"SKIP","floor":19},{"not_picked":["Underhanded Strike+1","Flying Knee+1","Dagger Throw+1"],"picked":"SKIP","floor":21},{"not_picked":["Riddle With Holes+1","Flying Knee+1"],"picked":"Adrenaline","floor":22},{"not_picked":["Calculated Gamble","Deflect","Acrobatics"],"picked":"SKIP","floor":28},{"not_picked":["Flying Knee+1","Dagger Spray+1"],"picked":"Leg Sweep","floor":30},{"not_picked":["Adrenaline","A Thousand Cuts"],"picked":"Bullet Time","floor":33},{"not_picked":["Choke+1","Infinite Blades"],"picked":"Well Laid Plans+1","floor":35},{"not_picked":["Quick Slash+1","Acrobatics+1"],"picked":"Riddle With Holes+1","floor":36},{"not_picked":["PiercingWail","Outmaneuver"],"picked":"Backflip+1","floor":41},{"not_picked":["Finisher+1","Poisoned Stab+1"],"picked":"Deadly Poison+1","floor":42},{"not_picked":["Dodge and Roll","Terror+1"],"picked":"Blur+1","floor":45},{"not_picked":["Underhanded Strike+1","After Image"],"picked":"Deadly Poison","floor":46},{"not_picked":["Skewer+1","Endless Agony+1"],"picked":"Dash+1","floor":48}],"player_experience":3932,"relics_obtained":[{"floor":7,"key":"Sundial"},{"floor":9,"key":"Molten Egg 2"},{"floor":12,"key":"The Specimen"},{"floor":26,"key":"Torii"},{"floor":30,"key":"Dodecahedron"},{"floor":31,"key":"Boot"},{"floor":43,"key":"Juzu Bracelet"},{"floor":48,"key":"Thread and Needle"}],"event_choices":[{"damage_healed":0,"gold_gain":0,"player_choice":"Take Wound","damage_taken":0,"relics_obtained":["Golden Idol"],"max_hp_gain":0,"max_hp_loss":0,"event_name":"Golden Idol","floor":4,"gold_loss":0,"cards_obtained":["Injury"]},{"damage_healed":0,"gold_gain":175,"player_choice":"AGREE","damage_taken":0,"max_hp_gain":0,"max_hp_loss":0,"event_name":"Liars Game","floor":8,"gold_loss":0,"cards_obtained":["Doubt"]},{"damage_healed":0,"gold_gain":0,"player_choice":"Bet on Owner","damage_taken":0,"max_hp_gain":0,"max_hp_loss":0,"event_name":"The Joust","floor":20,"gold_loss":50},{"damage_healed":23,"gold_gain":0,"player_choice":"Heal","damage_taken":0,"max_hp_gain":0,"max_hp_loss":0,"event_name":"The Library","floor":24,"gold_loss":0},{"damage_healed":0,"gold_gain":0,"player_choice":"Ignored","damage_taken":0,"max_hp_gain":0,"max_hp_loss":0,"event_name":"Tomb of Lord Red Mask","floor":37,"gold_loss":0},{"damage_healed":0,"gold_gain":0,"player_choice":"Memory 1","damage_taken":0,"max_hp_gain":0,"max_hp_loss":0,"event_name":"SensoryStone","floor":38,"gold_loss":0},{"damage_healed":0,"gold_gain":333,"player_choice":"Gave Idol","damage_taken":0,"max_hp_gain":0,"max_hp_loss":0,"event_name":"The Moai Head","floor":39,"relics_lost":["Golden Idol"],"gold_loss":0},{"damage_healed":0,"gold_gain":0,"player_choice":"Fight","damage_taken":0,"max_hp_gain":0,"max_hp_loss":0,"event_name":"Mysterious Sphere","floor":48,"gold_loss":0}],"is_beta":false,"boss_relics":[{"not_picked":["Eternal Feather","Busted Crown"],"picked":"Ring of the Serpent"},{"not_picked":["Coffee Dripper","Tiny House"],"picked":"Fusion Hammer"}],"items_purged_floors":[2,10,25,47],"is_endless":false,"potions_floor_spawned":[12,13,16,18,21,28,30,35,42],"ascension_level":0}