{"gold_per_floor":[113,113,128,57,81,81,96,135,185,206,236,236,236,254,254,350,350,374,68,83,83,106,106,106],"floor_reached":24,"playtime":1398,"items_purged":["Strike_G"],"score":347,"play_id":"37999110-ba52-413e-be8a-6dde47c64c28","local_time":"20181225230351","is_ascension_mode":true,"campfire_choices":[{"data":"Neutralize","floor":6.0,"key":"SMITH"},{"floor":13.0,"key":"REST"},{"floor":15.0,"key":"REST"},{"floor":23.0,"key":"REST"}],"neow_cost":"NONE","seed_source_timestamp":0,"circlet_count":0,"master_deck":["AscendersBane","Defend_G","Defend_G","Defend_G","Defend_G","Defend_G","Strike_G","Strike_G","Strike_G","Strike_G","Survivor","Neutralize+1","Dagger Spray","Noxious Fumes","Poisoned Stab","Venomology","PiercingWail","Noxious Fumes","Malaise","Dodge and Roll","PiercingWail","Noxious Fumes","Envenom","Crippling Poison","Crippling Poison","Footwork"],"special_seed":0,"relics":["Ring of the Snake","NeowsBlessing","Golden Idol","Molten Egg 2","Ancient Tea Set","CultistMask","Orrery","OrangePellets","The Courier"],"potions_floor_usage":[24],"damage_taken":[{"damage":0.0,"enemies":"Jaw Worm","floor":1.0,"turns":1.0},{"damage":0.0,"enemies":"2 Louse","floor":3.0,"turns":1.0},{"damage":0.0,"enemies":"Cultist","floor":5.0,"turns":1.0},{"damage":23.0,"enemies":"Exordium Thugs","floor":7.0,"turns":5.0},{"damage":31.0,"enemies":"Lagavulin","floor":8.0,"turns":8.0},{"damage":2.0,"enemies":"2 Fungi Beasts","floor":10.0,"turns":4.0},{"damage":10.0,"enemies":"Exordium Wildlife","floor":14.0,"turns":5.0},{"damage":7.0,"enemies":"Hexaghost","floor":16.0,"turns":11.0},{"damage":17.0,"enemies":"3 Byrds","floor":18.0,"turns":5.0},{"damage":8.0,"enemies":"2 Thieves","floor":20.0,"turns":4.0},{"damage":11.0,"enemies":"Snecko","floor":22.0,"turns":7.0},{"damage":35,"enemies":"Book of Stabbing","floor":24,"turns":4}],"seed_played":"-6326304090121068039","potions_obtained":[{"floor":1.0,"key":"AttackPotion"},{"floor":8.0,"key":"SneckoOil"},{"floor":10.0,"key":"SpeedPotion"},{"floor":18.0,"key":"GamblersBrew"}],"is_trial":false,"path_per_floor":["M","?","M","$","M","R","M","E","T","M","?","?","R","M","R","B",null,"M","$","M","T","M","R","E"],"character_chosen":"THE_SILENT","items_purchased":["Noxious Fumes","OrangePellets","Crippling Poison"],"campfire_rested":3,"item_purchase_floors":[4,19,19],"current_hp_per_floor":[59,59,59,59,59,59,36,5,5,3,3,3,21,11,29,22,51,34,34,26,26,15,33,0],"gold":106,"neow_bonus":"THREE_ENEMY_KILL","is_prod":false,"is_daily":false,"chose_seed":false,"campfire_upgraded":1,"win_rate":0,"timestamp":1545775431,"path_taken":["M","?","M","$","M","R","M","E","T","M","?","?","R","M","R","BOSS","M","?","M","?","M","R","E"],"build_version":"2018-12-20","purchased_purges":1,"victory":false,"max_hp_per_floor":[66,60,60,60,60,60,60,60,60,60,60,60,60,60,60,60,60,60,60,60,60,60,60,60],"card_choices":[{"not_picked":["Catalyst","Underhanded Strike","Slice"],"picked":"SKIP","floor":1.0},{"not_picked":["Bane","Distraction"],"picked":"Dagger Spray","floor":3.0},{"not_picked":["Underhanded Strike","Flying Knee","Caltrops"],"picked":"SKIP","floor":5.0},{"not_picked":["Escape Plan","Cloak And Dagger"],"picked":"Poisoned Stab","floor":7.0},{"not_picked":["Deadly Poison","Dagger Throw"],"picked":"Venomology","floor":8.0},{"not_picked":["Backflip","Setup"],"picked":"PiercingWail","floor":10.0},{"not_picked":["Escape Plan","Heel Hook+1"],"picked":"Noxious Fumes","floor":14.0},{"not_picked":["Envenom","Die Die Die+1"],"picked":"Malaise","floor":16.0},{"not_picked":["Prepared","Infinite Blades"],"picked":"Dodge and Roll","floor":17.0},{"not_picked":["Dagger Spray+1","Dodge and Roll"],"picked":"PiercingWail","floor":17.0},{"not_picked":["Bane+1","Poisoned Stab+1"],"picked":"Noxious Fumes","floor":17.0},{"not_picked":["Dagger Throw+1","Sucker Punch+1"],"picked":"Envenom","floor":17.0},{"not_picked":["Outmaneuver","Terror+1"],"picked":"Crippling Poison","floor":18.0},{"not_picked":["Blur","PiercingWail"],"picked":"Footwork","floor":20.0},{"not_picked":["Quick Slash+1","Phantasmal Killer","Caltrops"],"picked":"SKIP","floor":22.0}],"player_experience":677262,"relics_obtained":[{"floor":8.0,"key":"Molten Egg 2"},{"floor":9.0,"key":"Ancient Tea Set"},{"floor":21.0,"key":"The Courier"}],"event_choices":[{"damage_healed":0.0,"max_hp_gain":0.0,"max_hp_loss":6.0,"gold_gain":0.0,"event_name":"Golden Idol","player_choice":"Lose Max HP","floor":2.0,"gold_loss":0.0,"damage_taken":0.0,"relics_obtained":["Golden Idol"]},{"damage_healed":0.0,"max_hp_gain":0.0,"max_hp_loss":0.0,"gold_gain":30.0,"event_name":"Dead Adventurer","player_choice":"Searched \u00272\u0027 times","floor":11.0,"gold_loss":0.0,"damage_taken":0.0},{"damage_healed":0.0,"max_hp_gain":0.0,"max_hp_loss":0.0,"gold_gain":0.0,"event_name":"FaceTrader","player_choice":"Trade","floor":12.0,"gold_loss":0.0,"damage_taken":0.0,"relics_obtained":["CultistMask"]}],"is_beta":false,"boss_relics":[{"not_picked":["WristBlade","Runic Dome"],"picked":"Orrery"}],"items_purged_floors":[19],"is_endless":false,"potions_floor_spawned":[1,8,10,18],"killed_by":"Book of Stabbing","ascension_level":15}