{"gold_per_floor":[217,217,492,35,48,48,64,64,90,90,109,167,132,32,32,104,104,117,133,133,133,233,233,233,261,336,336,346,346,64,64,64,140,140,150,15,33,0,0,0],"floor_reached":40,"playtime":1176,"items_purged":["Regret","Strike_G","Strike_G"],"score":764,"play_id":"e72d48a3-c96a-4959-984c-39df21f90fa6","local_time":"20190204023501","is_ascension_mode":true,"campfire_choices":[{"data":"Deadly Poison","floor":6.0,"key":"SMITH"},{"data":"Corpse Explosion","floor":8.0,"key":"SMITH"},{"data":"Bane","floor":10.0,"key":"SMITH"},{"data":"Neutralize","floor":15.0,"key":"SMITH"},{"floor":23.0,"key":"REST"},{"data":"Catalyst","floor":27.0,"key":"SMITH"},{"data":"Venomology","floor":29.0,"key":"SMITH"},{"floor":32.0,"key":"REST"}],"neow_cost":"NONE","seed_source_timestamp":22763587681400,"circlet_count":0,"master_deck":["AscendersBane","Defend_G","Defend_G","Defend_G","Defend_G","Defend_G","Survivor","Neutralize+1","All Out Attack","Well Laid Plans","Deadly Poison+1","Bane+1","Corpse Explosion+1","Venomology+1","Backstab+1","Well Laid Plans+1","Catalyst+1","PiercingWail","Backstab","Backstab","Noxious Fumes","PiercingWail","The Bomb"],"special_seed":0,"relics":["Ring of the Snake","Dodecahedron","Bottled Lightning","Blood Vial","Mercury Hourglass","Astrolabe","WingedGreaves","Ornamental Fan","Torii","Matryoshka","Cursed Key","Red Mask"],"potions_floor_usage":[37,37,37,37,40],"damage_taken":[{"damage":1.0,"enemies":"2 Louse","floor":1.0,"turns":4.0},{"damage":7.0,"enemies":"Small Slimes","floor":5.0,"turns":3.0},{"damage":0.0,"enemies":"Cultist","floor":7.0,"turns":3.0},{"damage":4.0,"enemies":"3 Louse","floor":11.0,"turns":2.0},{"damage":15.0,"enemies":"Lagavulin Event","floor":12.0,"turns":5.0},{"damage":7.0,"enemies":"Hexaghost","floor":16.0,"turns":8.0},{"damage":18.0,"enemies":"Spheric Guardian","floor":18.0,"turns":5.0},{"damage":4.0,"enemies":"Chosen","floor":19.0,"turns":4.0},{"damage":0.0,"enemies":"Colosseum Slavers","floor":22.0,"turns":1.0},{"damage":17.0,"enemies":"Colosseum Nobs","floor":22.0,"turns":3.0},{"damage":32.0,"enemies":"Gremlin Leader","floor":25.0,"turns":5.0},{"damage":12.0,"enemies":"Shelled Parasite and Fungi","floor":28.0,"turns":3.0},{"damage":15.0,"enemies":"Champ","floor":33.0,"turns":8.0},{"damage":0.0,"enemies":"3 Shapes","floor":35.0,"turns":6.0},{"damage":9,"enemies":"3 Darklings","floor":37,"turns":5},{"damage":72,"enemies":"Reptomancer","floor":40,"turns":3}],"seed_played":"499391917496421308","potions_obtained":[{"floor":1.0,"key":"Ancient Potion"},{"floor":5.0,"key":"SkillPotion"},{"floor":25.0,"key":"Block Potion"},{"floor":28.0,"key":"SteroidPotion"},{"floor":35.0,"key":"SteroidPotion"}],"is_trial":false,"path_per_floor":["M","?","?","$","M","R","M","R","T","R","M","?","?","$","R","B",null,"M","M","?","?","?","R","?","E","T","R","M","R","$","?","R","B",null,"M","$","M","?","?","E"],"character_chosen":"THE_SILENT","items_purchased":["Well Laid Plans","Deadly Poison","Bottled Lightning","PiercingWail","Backstab","PowerPotion","Noxious Fumes","PiercingWail"],"campfire_rested":2,"item_purchase_floors":[4,4,4,30,30,30,36,36],"current_hp_per_floor":[58,32,32,32,25,25,25,25,25,25,23,10,26,26,26,21,55,39,37,19,33,20,41,71,39,39,39,29,29,29,29,50,37,63,65,65,58,58,58,0],"gold":0,"neow_bonus":"HUNDRED_GOLD","is_prod":false,"is_daily":false,"chose_seed":false,"campfire_upgraded":6,"win_rate":0,"timestamp":1549240501,"path_taken":["M","?","?","$","M","R","?","R","T","R","M","?","?","$","R","BOSS","M","M","?","?","?","R","?","E","T","R","?","R","$","?","R","BOSS","M","$","M","?","?","E"],"build_version":"2019-01-23","purchased_purges":3,"victory":false,"max_hp_per_floor":[66,66,66,66,66,66,66,66,66,66,66,66,66,66,66,66,66,66,66,71,71,71,71,71,71,71,71,71,71,71,71,71,71,71,71,71,71,71,71,71],"card_choices":[{"not_picked":["Tactician","Infinite Blades"],"picked":"All Out Attack","floor":1.0},{"not_picked":["Deflect","Poisoned Stab"],"picked":"Bane","floor":5.0},{"not_picked":["Leg Sweep","Backflip"],"picked":"Corpse Explosion","floor":7.0},{"not_picked":["Setup","Dodge and Roll","Flechettes"],"picked":"SKIP","floor":11.0},{"not_picked":["Storm of Steel","Envenom"],"picked":"Venomology","floor":16.0},{"not_picked":["Bane","Deflect","Quick Slash+1"],"picked":"SKIP","floor":18.0},{"not_picked":["Underhanded Strike","Terror"],"picked":"Catalyst","floor":19.0},{"not_picked":["Accuracy","Deadly Poison","Infinite Blades"],"picked":"SKIP","floor":25.0},{"not_picked":["Caltrops","Blade Dance","Quick Slash"],"picked":"SKIP","floor":28.0},{"not_picked":["Riddle With Holes","Poisoned Stab"],"picked":"Backstab","floor":35.0},{"not_picked":["Prepared+1","Terror","Acrobatics"],"picked":"SKIP","floor":37},{"not_picked":["Deep Breath","Good Instincts"],"picked":"The Bomb","floor":39}],"player_experience":602314,"relics_obtained":[{"floor":9.0,"key":"Blood Vial"},{"floor":12.0,"key":"Mercury Hourglass"},{"floor":22.0,"key":"WingedGreaves"},{"floor":22.0,"key":"Ornamental Fan"},{"floor":25.0,"key":"Torii"},{"floor":26.0,"key":"Matryoshka"}],"event_choices":[{"damage_healed":0.0,"max_hp_gain":0.0,"max_hp_loss":0.0,"gold_gain":0.0,"event_name":"Scrap Ooze","player_choice":"Success","floor":2.0,"gold_loss":0.0,"damage_taken":26.0,"relics_obtained":["Dodecahedron"]},{"damage_healed":0.0,"max_hp_gain":0.0,"max_hp_loss":0.0,"gold_gain":275.0,"event_name":"Golden Shrine","player_choice":"Desecrate","floor":3.0,"gold_loss":0.0,"damage_taken":0.0,"cards_obtained":["Regret"]},{"damage_healed":0.0,"max_hp_gain":0.0,"max_hp_loss":0.0,"gold_gain":30.0,"event_name":"Dead Adventurer","player_choice":"Searched \u00272\u0027 times","floor":12.0,"gold_loss":0.0,"damage_taken":0.0},{"damage_healed":16.0,"max_hp_gain":0.0,"max_hp_loss":0.0,"gold_gain":0.0,"event_name":"The Cleric","player_choice":"Healed","floor":13.0,"gold_loss":35.0,"damage_taken":0.0},{"damage_healed":0.0,"max_hp_gain":5.0,"max_hp_loss":0.0,"gold_gain":0.0,"event_name":"Forgotten Altar","player_choice":"Shed Blood","floor":20.0,"gold_loss":0.0,"damage_taken":23.0},{"damage_healed":14.0,"max_hp_gain":0.0,"max_hp_loss":0.0,"gold_gain":0.0,"event_name":"The Library","player_choice":"Heal","floor":21.0,"gold_loss":0.0,"damage_taken":0.0},{"damage_healed":0.0,"max_hp_gain":0.0,"max_hp_loss":0.0,"gold_gain":0.0,"event_name":"Colosseum","player_choice":"Fight","floor":22.0,"gold_loss":0.0,"damage_taken":0.0},{"damage_healed":0.0,"max_hp_gain":0.0,"max_hp_loss":0.0,"gold_gain":0.0,"event_name":"Colosseum","player_choice":"Fought Nobs","floor":22.0,"gold_loss":0.0,"damage_taken":0.0},{"cards_removed":["Setup"],"damage_healed":30.0,"max_hp_gain":0.0,"max_hp_loss":0.0,"gold_gain":0.0,"event_name":"Bonfire Elementals","player_choice":"Offered Uncommon","floor":24.0,"gold_loss":0.0,"damage_taken":0.0},{"damage_healed":0.0,"max_hp_gain":0.0,"max_hp_loss":0.0,"gold_gain":0.0,"event_name":"Ghosts","player_choice":"Ignored","floor":31.0,"gold_loss":0.0,"damage_taken":0.0},{"damage_healed":0,"gold_gain":0,"player_choice":"Paid","damage_taken":0,"relics_obtained":["Red Mask"],"max_hp_gain":0,"max_hp_loss":0,"event_name":"Tomb of Lord Red Mask","floor":38,"gold_loss":33},{"damage_healed":0,"gold_gain":0,"player_choice":"Memory 1","damage_taken":0,"max_hp_gain":0,"max_hp_loss":0,"event_name":"SensoryStone","floor":39,"gold_loss":0}],"is_beta":false,"boss_relics":[{"not_picked":["Ectoplasm","Black Star"],"picked":"Astrolabe"},{"not_picked":["Tiny House","Calling Bell"],"picked":"Cursed Key"}],"items_purged_floors":[4,14,30],"is_endless":false,"potions_floor_spawned":[1,5,18,19,25,28,35],"killed_by":"Reptomancer","ascension_level":17}