{"gold_per_floor":[116,116,129,3,178,178,178,178,201,101,101,134,144,155,155,258,258,269,368,368,378,378,378,407,424,424,442,442],"floor_reached":28,"playtime":920,"items_purged":["Defend_G","Defend_G"],"score":236,"play_id":"064ee146-7cb7-4938-9ca4-4b7f18794385","local_time":"20180726164737","is_ascension_mode":false,"campfire_choices":[{"data":"Deadly Poison","floor":6,"key":"SMITH"},{"data":"Backflip","floor":8,"key":"SMITH"},{"data":"Deflect","floor":11,"key":"SMITH"},{"floor":15,"key":"REST"},{"floor":23,"key":"REST"}],"neow_cost":"NONE","seed_source_timestamp":511616487756725,"circlet_count":0,"master_deck":["Defend_G","Defend_G","Defend_G","Strike_G","Strike_G","Strike_G+1","Strike_G+1","Survivor","Neutralize","Backflip+1","Deflect+1","Deadly Poison+1","Doubt","Poisoned Stab","Poisoned Stab","Doppelganger","Catalyst","Poisoned Stab","Bane","Deadly Poison"],"relics":["Ring of the Snake","Snake Skull","Whetstone","WristBlade","Nilry\u0027s Codex","Kunai","Dream Catcher"],"potions_floor_usage":[12,16,24,25,27,28],"damage_taken":[{"damage":2,"enemies":"Small Slimes","floor":1,"turns":3},{"damage":0,"enemies":"Cultist","floor":3,"turns":4},{"damage":5,"enemies":"Lagavulin","floor":12,"turns":6},{"damage":0,"enemies":"2 Louse","floor":13,"turns":2},{"damage":7,"enemies":"Gremlin Gang","floor":14,"turns":4},{"damage":20,"enemies":"The Guardian","floor":16,"turns":8},{"damage":24,"enemies":"2 Thieves","floor":18,"turns":4},{"damage":0,"enemies":"Chosen","floor":21,"turns":4},{"damage":23,"enemies":"Book of Stabbing","floor":24,"turns":4},{"damage":18,"enemies":"Snake Plant","floor":25,"turns":3},{"damage":0,"enemies":"Centurion and Healer","floor":27,"turns":5},{"damage":11,"enemies":"Slaver and Parasite","floor":28,"turns":3}],"seed_played":"1087547554864321624","potions_obtained":[{"floor":1,"key":"SteroidPotion"},{"floor":3,"key":"Poison Potion"},{"floor":13,"key":"AttackPotion"},{"floor":24,"key":"LiquidBronze"},{"floor":25,"key":"FearPotion"},{"floor":27,"key":"GamblersBrew"}],"is_trial":false,"path_per_floor":["M","?","M","$","?","R","?","R","T","$","R","E","M","M","R","B",null,"M","?","?","M","?","R","E","M","T","M"],"character_chosen":"THE_SILENT","items_purchased":["Deadly Poison"],"campfire_rested":2,"item_purchase_floors":[4],"current_hp_per_floor":[75,75,75,75,75,75,68,68,68,68,68,63,63,56,77,57,77,53,53,39,39,23,47,24,6,6,6,0],"gold":442,"neow_bonus":"TEN_PERCENT_HP_BONUS","is_prod":false,"is_daily":false,"chose_seed":false,"campfire_upgraded":3,"win_rate":0.0,"timestamp":1532641657,"path_taken":["M","?","?","?","?","R","?","R","T","?","R","E","M","M","R","BOSS","M","?","?","M","?","R","E","M","T","?","M"],"build_version":"2018-07-19v2","purchased_purges":2,"victory":false,"max_hp_per_floor":[77,77,77,77,77,77,77,77,77,77,77,77,77,77,77,77,77,77,77,82,82,82,82,82,82,82,82,82],"card_choices":[{"not_picked":["Heel Hook","Choke"],"picked":"Backflip","floor":1},{"not_picked":["Acrobatics","Underhanded Strike"],"picked":"Deflect","floor":3},{"not_picked":["Concentrate","Dagger Spray"],"picked":"Poisoned Stab","floor":12},{"not_picked":["Deadly Poison","Reflex"],"picked":"Poisoned Stab","floor":13},{"not_picked":["Flying Knee","Acrobatics","Outmaneuver"],"picked":"SKIP","floor":14},{"not_picked":["Unload","Burst"],"picked":"Doppelganger","floor":16},{"not_picked":["Caltrops+1","Deadly Poison"],"picked":"Catalyst","floor":18},{"not_picked":["PiercingWail","Dodge and Roll"],"picked":"Poisoned Stab","floor":21},{"not_picked":["Sucker Punch+1","Deflect"],"picked":"Bane","floor":24},{"not_picked":["Infinite Blades","Dash","Underhanded Strike"],"picked":"SKIP","floor":25},{"not_picked":["Concentrate","Eviscerate+1"],"picked":"Deadly Poison","floor":27}],"player_experience":76637,"relics_obtained":[{"floor":9,"key":"Snake Skull"},{"floor":12,"key":"Whetstone"},{"floor":22,"key":"Nilry\u0027s Codex"},{"floor":24,"key":"Kunai"},{"floor":26,"key":"Dream Catcher"}],"event_choices":[{"event_name":"Purifier","player_choice":"One Purge","floor":2,"damage_taken":0},{"event_name":"Liars Game","player_choice":"agreed","floor":5,"damage_taken":0},{"event_name":"Wheel of Change","player_choice":"Damage","floor":7,"damage_taken":0},{"event_name":"Nest","player_choice":"Stole From Cult","floor":19,"damage_taken":0},{"event_name":"Forgotten Altar","player_choice":"Shed Blood","floor":20,"damage_taken":0},{"event_name":"Cursed Tome","player_choice":"Obtained Book","floor":22,"damage_taken":0}],"is_beta":false,"boss_relics":[{"not_picked":["Pandora\u0027s Box","White Beast Statue"],"picked":"WristBlade"}],"items_purged_floors":[4,10],"is_endless":false,"potions_floor_spawned":[1,3,13,24,25,27],"killed_by":"Slaver and Parasite","ascension_level":0}