{"gold_per_floor":[119,14,14,28,43,72,82,97,97,97,117,117,129,129,129,232,232,244,264,121,121,136,136,136],"floor_reached":24,"playtime":3339,"items_purged":["Strike_G"],"score":200,"play_id":"074f434d-1b3e-4cc8-8483-890594b46721","local_time":"20180704194302","is_ascension_mode":false,"campfire_choices":[{"floor":10,"key":"REST"},{"floor":12,"key":"REST"},{"floor":15,"key":"REST"},{"floor":23,"key":"REST"}],"neow_cost":"","seed_source_timestamp":774808474130,"circlet_count":0,"master_deck":["Defend_G","Defend_G","Defend_G","Defend_G","Defend_G","Strike_G","Strike_G","Strike_G","Strike_G","Survivor","Neutralize","Outmaneuver","Mind Blast","Eviscerate","Predator","Poisoned Stab","Deadly Poison","Terror","Backflip","Doppelganger","Bouncing Flask","Slice","Bullet Time","Envenom","Slice","Slice","Crippling Poison","Bullet Time","Finisher","Outmaneuver+1"],"relics":["Ring of the Snake","Torii","Dream Catcher","Snake Skull","Sozu"],"potions_floor_usage":[],"damage_taken":[{"damage":3,"enemies":"Jaw Worm","floor":1,"turns":4},{"damage":13,"enemies":"Cultist","floor":4,"turns":8},{"damage":1,"enemies":"Small Slimes","floor":5,"turns":6},{"damage":24,"enemies":"3 Sentries","floor":6,"turns":11},{"damage":10,"enemies":"Exordium Thugs","floor":7,"turns":5},{"damage":5,"enemies":"Looter","floor":8,"turns":4},{"damage":15,"enemies":"Blue Slaver","floor":11,"turns":3},{"damage":5,"enemies":"Lots of Slimes","floor":13,"turns":5},{"damage":8,"enemies":"Hexaghost","floor":16,"turns":8},{"damage":21,"enemies":"Shell Parasite","floor":18,"turns":5},{"damage":9,"enemies":"3 Byrds","floor":19,"turns":5},{"damage":25,"enemies":"Centurion and Healer","floor":22,"turns":7},{"damage":36,"enemies":"Book of Stabbing","floor":24,"turns":4}],"seed_played":"9140930719554013882","potions_obtained":[{"floor":4,"key":"SpeedPotion"},{"floor":8,"key":"Poison Potion"},{"floor":11,"key":"Ancient Potion"}],"is_trial":false,"path_per_floor":["M","$","?","M","M","E","M","M","T","R","M","R","M","?","R","B",null,"M","M","$","?","M","R"],"character_chosen":"THE_SILENT","items_purchased":["Mind Blast","Crippling Poison"],"campfire_rested":4,"item_purchase_floors":[2,20],"current_hp_per_floor":[67,67,67,54,53,29,19,14,14,35,20,41,36,29,50,42,70,49,40,40,40,15,36,0],"gold":136,"neow_bonus":"","is_prod":false,"is_daily":false,"chose_seed":false,"campfire_upgraded":0,"win_rate":0.0,"timestamp":1530751382,"path_taken":["M","$","?","?","M","E","M","M","T","R","M","R","M","?","R","BOSS","M","M","$","?","?","R","E"],"build_version":"2018-06-28","purchased_purges":1,"victory":false,"max_hp_per_floor":[70,70,70,70,70,70,70,70,70,70,70,70,70,70,70,70,70,70,70,70,70,70,70,70],"card_choices":[{"not_picked":["Deadly Poison","Underhanded Strike"],"picked":"Outmaneuver","floor":1},{"not_picked":["Terror","Underhanded Strike"],"picked":"Eviscerate","floor":4},{"not_picked":["Prepared","Venomology"],"picked":"Predator","floor":5},{"not_picked":["Underhanded Strike","Heel Hook"],"picked":"Poisoned Stab","floor":6},{"not_picked":["Dodge and Roll","Deflect"],"picked":"Deadly Poison","floor":7},{"not_picked":["Dodge and Roll","Deflect"],"picked":"Terror","floor":8},{"not_picked":["Masterful Stab","Flying Knee"],"picked":"Backflip","floor":10},{"not_picked":["Dodge and Roll","Flying Knee"],"picked":"Doppelganger","floor":11},{"not_picked":["Poisoned Stab","Outmaneuver"],"picked":"Bouncing Flask","floor":12},{"not_picked":["Outmaneuver","Choke"],"picked":"Slice","floor":13},{"not_picked":["Infinite Blades","Acrobatics"],"picked":"Bullet Time","floor":15},{"not_picked":["Night Terror","Wraith Form v2"],"picked":"Envenom","floor":16},{"not_picked":["Blur","Dodge and Roll"],"picked":"Slice","floor":18},{"not_picked":["Heel Hook","Backflip"],"picked":"Slice","floor":19},{"not_picked":["Infinite Blades+1","Dagger Throw+1"],"picked":"Finisher","floor":22},{"not_picked":["Masterful Stab","Dagger Throw"],"picked":"Outmaneuver+1","floor":23}],"player_experience":1534,"relics_obtained":[{"floor":6,"key":"Dream Catcher"},{"floor":9,"key":"Snake Skull"}],"event_choices":[{"event_name":"Big Fish","player_choice":"Box","floor":3,"damage_taken":0},{"event_name":"Golden Wing","player_choice":"Card Removal","floor":14,"damage_taken":0},{"event_name":"Duplicator","player_choice":"One dupe","floor":21,"damage_taken":0}],"boss_relics":[{"not_picked":["Orrery","Snecko Eye"],"picked":"Sozu"}],"items_purged_floors":[20],"is_endless":false,"potions_floor_spawned":[4,8,11,22],"killed_by":"Book of Stabbing","ascension_level":0}