{"gold_per_floor":[112,187,187,201,219,219,229,10,10,37,37,37,37,37,37,140,140,154,154,164,176,101,101,101,115,142,162,162,6,6],"floor_reached":30,"playtime":1241,"items_purged":["Strike_G"],"score":253,"play_id":"56ff3074-18ed-4179-87af-c158f86e1207","local_time":"20180715202547","is_ascension_mode":false,"campfire_choices":[{"data":"Noxious Fumes","floor":6,"key":"SMITH"},{"floor":11,"key":"REST"},{"data":"Crippling Poison","floor":13,"key":"SMITH"},{"data":"Phantasmal Killer","floor":15,"key":"SMITH"},{"floor":23,"key":"REST"}],"neow_cost":"NONE","seed_source_timestamp":271951616627093,"circlet_count":0,"master_deck":["Defend_G","Defend_G","Defend_G","Defend_G","Defend_G","Strike_G","Strike_G","Survivor","Neutralize","Noxious Fumes+1","Terror","Noxious Fumes","Phantasmal Killer+1","Deadly Poison","Bane","Crippling Poison+1","Glass Knife","Doubt","Normality","Doubt","Deadly Poison","Catalyst","PiercingWail+1","Outmaneuver+1","Catalyst","Writhe"],"relics":["Ring of the Snake","Bag of Marbles","Calipers","Tingsha","Calling Bell","Regal Pillow","Pear","Torii","Boot","Dodecahedron","Lantern"],"potions_floor_usage":[],"damage_taken":[{"damage":4,"enemies":"2 Louse","floor":1,"turns":3},{"damage":1,"enemies":"Cultist","floor":4,"turns":4},{"damage":1,"enemies":"Jaw Worm","floor":5,"turns":4},{"damage":9,"enemies":"Large Slime","floor":7,"turns":6},{"damage":11,"enemies":"3 Sentries","floor":10,"turns":5},{"damage":22,"enemies":"Slime Boss","floor":16,"turns":9},{"damage":21,"enemies":"Spheric Guardian","floor":18,"turns":5},{"damage":33,"enemies":"2 Thieves","floor":20,"turns":5},{"damage":24,"enemies":"Centurion and Healer","floor":21,"turns":5},{"damage":3,"enemies":"Snake Plant","floor":25,"turns":4},{"damage":27,"enemies":"Chosen and Byrds","floor":27,"turns":6},{"damage":6,"enemies":"Snecko","floor":30,"turns":3}],"seed_played":"-7570275815682796761","potions_obtained":[{"floor":4,"key":"Swift Potion"},{"floor":7,"key":"AttackPotion"},{"floor":10,"key":"Strength Potion"}],"is_trial":false,"path_per_floor":["M","?","?","M","M","R","M","$","T","E","R","$","R","?","R","B",null,"M","?","M","M","$","R","?","M","T","M","?","$"],"character_chosen":"THE_SILENT","items_purchased":["Deadly Poison","Bane","Bag of Marbles","Lantern"],"campfire_rested":2,"item_purchase_floors":[8,8,8,29],"current_hp_per_floor":[73,66,66,65,64,64,55,55,55,44,67,67,67,60,60,38,87,66,66,33,9,9,50,33,30,30,3,3,3,0],"gold":6,"neow_bonus":"TEN_PERCENT_HP_BONUS","is_prod":false,"is_daily":false,"chose_seed":false,"campfire_upgraded":3,"win_rate":0.0,"timestamp":1531704347,"path_taken":["M","?","?","M","?","R","M","?","T","E","R","$","R","?","R","BOSS","M","?","M","M","$","R","?","M","T","M","?","$","M"],"build_version":"2018-07-12","purchased_purges":1,"victory":false,"max_hp_per_floor":[77,77,77,77,77,77,77,77,77,77,77,77,77,77,77,77,87,87,87,87,87,87,87,92,92,92,92,92,92,92],"card_choices":[{"not_picked":["Cloak And Dagger","Underhanded Strike"],"picked":"Noxious Fumes","floor":1},{"not_picked":["Backflip","Quick Slash"],"picked":"Terror","floor":4},{"not_picked":["Underhanded Strike","Leg Sweep"],"picked":"Noxious Fumes","floor":5},{"not_picked":["Acrobatics","Footwork"],"picked":"Phantasmal Killer","floor":7},{"not_picked":["Distraction","Deflect"],"picked":"Crippling Poison","floor":10},{"not_picked":["Unload","Tactician"],"picked":"Glass Knife","floor":16},{"not_picked":["Acrobatics","Dagger Throw"],"picked":"Deadly Poison","floor":18},{"not_picked":["Acrobatics+1","Prepared+1"],"picked":"PiercingWail+1","floor":20},{"not_picked":["Flechettes","Masterful Stab+1","Slice"],"picked":"SKIP","floor":21},{"not_picked":["Prepared","Noxious Fumes"],"picked":"Outmaneuver+1","floor":25},{"not_picked":["Flying Knee","Acrobatics"],"picked":"Catalyst","floor":27}],"player_experience":44645,"relics_obtained":[{"floor":9,"key":"Calipers"},{"floor":10,"key":"Tingsha"},{"floor":17,"key":"Regal Pillow"},{"floor":17,"key":"Pear"},{"floor":17,"key":"Torii"},{"floor":26,"key":"Boot"}],"event_choices":[{"event_name":"FaceTrader","player_choice":"Touch","floor":2,"damage_taken":0},{"event_name":"Bonfire Elementals","player_choice":"BASIC","floor":3,"damage_taken":0},{"event_name":"Golden Wing","player_choice":"Card Removal","floor":14,"damage_taken":0},{"event_name":"The Library","player_choice":"Read","floor":19,"damage_taken":0},{"event_name":"Forgotten Altar","player_choice":"Shed Blood","floor":24,"damage_taken":0},{"event_name":"The Mausoleum","player_choice":"Yes","floor":28,"damage_taken":0}],"boss_relics":[{"not_picked":["Runic Dome","Ectoplasm"],"picked":"Calling Bell"}],"items_purged_floors":[22],"is_endless":false,"potions_floor_spawned":[4,7,10,18,20,25],"killed_by":"Snecko","ascension_level":0}