{"gold_per_floor":[112,112,112,112,112,133,158,158,158,83,29,29,49,74,74,200,200,216,316,316,134,9,34,47,146,146,160,160,195,195,218,218,218],"floor_reached":33,"playtime":1589,"items_purged":["Strike_R","Defend_R","Defend_R"],"score":255,"play_id":"b6fb7f7d-0220-4674-9312-cbb60f582e35","local_time":"20180729144400","is_ascension_mode":false,"campfire_choices":[{"floor":8,"key":"REST"},{"data":"Shrug It Off","floor":12,"key":"SMITH"},{"data":"Heavy Blade","floor":15,"key":"SMITH"},{"floor":28,"key":"REST"},{"floor":30,"key":"REST"},{"floor":32,"key":"REST"}],"neow_cost":"NONE","seed_source_timestamp":762729410528090,"circlet_count":0,"master_deck":["Strike_R","Strike_R","Strike_R+1","Defend_R+1","Defend_R","Bash","Pommel Strike+1","Pommel Strike","Shockwave","Shrug It Off+1","Heavy Blade+1","Inflame","Reaper","Heavy Blade","Intimidate","Anger","Flame Barrier","Iron Wave","Cleave","Flex"],"relics":["Burning Blood","Golden Idol","Dodecahedron","Runic Pyramid","FaceOfCleric","Incense Burner","Kunai"],"potions_floor_usage":[16,16,29,33,33,33],"damage_taken":[{"damage":10,"enemies":"Jaw Worm","floor":1,"turns":4},{"damage":6,"enemies":"Cultist","floor":6,"turns":3},{"damage":0,"enemies":"2 Louse","floor":7,"turns":2},{"damage":2,"enemies":"Looter","floor":13,"turns":3},{"damage":2,"enemies":"Large Slime","floor":14,"turns":7},{"damage":59,"enemies":"Slime Boss","floor":16,"turns":15},{"damage":36,"enemies":"2 Thieves","floor":18,"turns":4},{"damage":43,"enemies":"Shell Parasite","floor":23,"turns":7},{"damage":25,"enemies":"Cultist and Chosen","floor":24,"turns":7},{"damage":1,"enemies":"Centurion and Healer","floor":27,"turns":10},{"damage":31,"enemies":"Book of Stabbing","floor":29,"turns":6},{"damage":24,"enemies":"Sentry and Sphere","floor":31,"turns":8},{"damage":98,"enemies":"Collector","floor":33,"turns":8}],"seed_played":"-3079080874003850145","potions_obtained":[{"floor":14,"key":"SkillPotion"},{"floor":23,"key":"SteroidPotion"},{"floor":24,"key":"LiquidBronze"},{"floor":29,"key":"Energy Potion"},{"floor":31,"key":"AttackPotion"}],"is_trial":false,"path_per_floor":["M","?","?","?","?","M","M","R","T","$","$","R","M","M","R","B",null,"M","?","?","$","$","M","M","?","T","M","R","E","R","M","R"],"character_chosen":"IRONCLAD","items_purchased":["Shrug It Off","Intimidate"],"campfire_rested":4,"item_purchase_floors":[11,21],"current_hp_per_floor":[76,76,69,49,33,33,39,63,63,63,63,63,67,71,71,18,80,50,50,50,50,50,18,8,8,8,22,46,31,56,39,64,0],"gold":218,"neow_bonus":"THREE_SMALL_POTIONS","is_prod":false,"is_daily":false,"chose_seed":false,"campfire_upgraded":2,"win_rate":0.0,"timestamp":1532893440,"path_taken":["M","?","?","?","?","M","M","R","T","?","$","R","M","M","R","BOSS","M","?","?","?","$","M","M","?","T","M","R","E","R","M","R","BOSS"],"build_version":"2018-07-26","purchased_purges":3,"victory":false,"max_hp_per_floor":[80,80,80,80,80,80,80,80,80,80,80,80,80,80,80,80,80,80,80,80,80,80,81,82,82,82,83,83,84,84,85,85,85],"card_choices":[{"not_picked":["Battle Trance","Flex"],"picked":"Pommel Strike","floor":1},{"not_picked":["Second Wind","Rupture"],"picked":"Pommel Strike","floor":6},{"not_picked":["Disarm","Clash"],"picked":"Shockwave","floor":7},{"not_picked":["Cleave","Twin Strike"],"picked":"Heavy Blade","floor":13},{"not_picked":["Shockwave","Searing Blow"],"picked":"Inflame","floor":14},{"not_picked":["Juggernaut","Berserk"],"picked":"Reaper","floor":16},{"not_picked":["Pommel Strike","Dual Wield"],"picked":"Heavy Blade","floor":18},{"not_picked":["Warcry","Pommel Strike"],"picked":"Anger","floor":23},{"not_picked":["Power Through","Headbutt"],"picked":"Flame Barrier","floor":24},{"not_picked":["Clash","Entrench"],"picked":"Iron Wave","floor":27},{"not_picked":["Dropkick+1","Power Through"],"picked":"Cleave","floor":29},{"not_picked":["Heavy Blade","Warcry"],"picked":"Flex","floor":31}],"player_experience":94798,"relics_obtained":[{"floor":9,"key":"Dodecahedron"},{"floor":26,"key":"Incense Burner"},{"floor":29,"key":"Kunai"}],"event_choices":[{"event_name":"Upgrade Shrine","player_choice":"Upgraded","floor":2,"damage_taken":0},{"event_name":"Golden Wing","player_choice":"Card Removal","floor":3,"damage_taken":0},{"event_name":"Golden Idol","player_choice":"Take Damage","floor":4,"damage_taken":0},{"event_name":"Shining Light","player_choice":"Entered Light","floor":5,"damage_taken":0},{"event_name":"Golden Shrine","player_choice":"Pray","floor":19,"damage_taken":0},{"event_name":"FaceTrader","player_choice":"Trade","floor":20,"damage_taken":0},{"event_name":"Nest","player_choice":"Stole From Cult","floor":25,"damage_taken":0}],"is_beta":false,"boss_relics":[{"not_picked":["Runic Cube","Ectoplasm"],"picked":"Runic Pyramid"}],"items_purged_floors":[10,21,22],"is_endless":false,"potions_floor_spawned":[1,14,23,24,29,31],"killed_by":"Collector","ascension_level":0}