{"gold_per_floor":[110,110,60,60,76,105,116,41,41,41,41,57,89,108,108,205,205,223,123,142,17,28,28,40,40,40,40,51,61,61,61,61,61],"floor_reached":33,"playtime":1236,"items_purged":["Defend_G","Strike_G","Strike_G"],"score":349,"play_id":"c4522e1b-cb5d-4a8f-a46b-b1b3381c1844","local_time":"20190612205012","is_ascension_mode":true,"campfire_choices":[{"data":"Survivor","floor":10,"key":"SMITH"},{"floor":15,"key":"REST"},{"floor":23,"key":"REST"},{"floor":25,"key":"REST"},{"floor":30,"key":"REST"},{"floor":32,"key":"REST"}],"neow_cost":"NONE","seed_source_timestamp":18398167643806,"circlet_count":0,"master_deck":["Defend_G","Defend_G","Defend_G","Strike_G","Strike_G","Survivor+1","Neutralize","Deadly Poison+1","Deadly Poison","Noxious Fumes+1","Poisoned Stab","Poisoned Stab","Pain","Bane+1"],"relics":["Ring of the Snake","NeowsBlessing","Kunai","Singing Bowl","Happy Flower","Cursed Key","Gremlin Horn"],"potions_floor_usage":[13,16,18,20,28,29,33],"damage_taken":[{"damage":0,"enemies":"Small Slimes","floor":1,"turns":1},{"damage":0,"enemies":"2 Louse","floor":5,"turns":1},{"damage":0,"enemies":"Gremlin Nob","floor":6,"turns":1},{"damage":0,"enemies":"Jaw Worm","floor":7,"turns":4},{"damage":5,"enemies":"Looter","floor":12,"turns":3},{"damage":18,"enemies":"Lagavulin","floor":13,"turns":7},{"damage":8,"enemies":"3 Louse","floor":14,"turns":4},{"damage":23,"enemies":"The Guardian","floor":16,"turns":8},{"damage":7,"enemies":"Spheric Guardian","floor":18,"turns":7},{"damage":16,"enemies":"2 Thieves","floor":20,"turns":4},{"damage":17,"enemies":"Centurion and Healer","floor":22,"turns":5},{"damage":25,"enemies":"Snecko","floor":24,"turns":5},{"damage":27,"enemies":"3 Cultists","floor":28,"turns":4},{"damage":27,"enemies":"Shelled Parasite and Fungi","floor":29,"turns":4},{"damage":63,"enemies":"Champ","floor":33,"turns":7}],"seed_played":"31098775519164949","potions_obtained":[{"floor":6,"key":"Swift Potion"},{"floor":12,"key":"Strength Potion"},{"floor":16,"key":"EssenceOfSteel"},{"floor":18,"key":"SpeedPotion"},{"floor":22,"key":"PowerPotion"},{"floor":24,"key":"Dexterity Potion"},{"floor":29,"key":"EssenceOfSteel"}],"is_trial":false,"path_per_floor":["M","?","?","$","M","E","M","$","T","R","?","M","E","M","R","B",null,"M","$","M","$","M","R","M","R","T","?","M","M","R","?","R","B"],"character_chosen":"THE_SILENT","items_purchased":[],"campfire_rested":5,"item_purchase_floors":[],"current_hp_per_floor":[70,70,70,70,70,70,70,70,70,70,63,60,44,36,58,37,76,69,69,53,53,38,61,36,59,59,59,32,7,31,16,41,0],"gold":61,"neow_bonus":"THREE_ENEMY_KILL","is_prod":false,"is_daily":false,"chose_seed":false,"campfire_upgraded":1,"win_rate":0,"timestamp":1560390612,"path_taken":["M","?","?","?","M","E","M","$","T","R","?","M","E","M","R","BOSS","M","$","M","$","M","R","M","R","T","?","M","M","R","?","R","BOSS"],"build_version":"2019-01-23","purchased_purges":3,"victory":false,"max_hp_per_floor":[70,70,70,70,70,70,70,70,70,70,70,72,74,74,74,76,76,76,76,76,76,78,78,78,78,78,78,78,80,80,85,85,85],"card_choices":[{"not_picked":["Backflip","Deflect"],"picked":"Deadly Poison","floor":1},{"not_picked":["Backstab","Expertise","Prepared"],"picked":"SKIP","floor":5},{"not_picked":["Tactician","Accuracy","Expertise"],"picked":"SKIP","floor":6},{"not_picked":["Escape Plan","Dodge and Roll","Flechettes"],"picked":"SKIP","floor":7},{"not_picked":["Sucker Punch","PiercingWail","Underhanded Strike"],"picked":"Singing Bowl","floor":12},{"not_picked":["Skewer","Finisher","Prepared"],"picked":"Singing Bowl","floor":13},{"not_picked":["Flying Knee","Poisoned Stab"],"picked":"Deadly Poison","floor":14},{"not_picked":["Storm of Steel","Venomology","Die Die Die"],"picked":"Singing Bowl","floor":16},{"not_picked":["Dodge and Roll","Reflex"],"picked":"Noxious Fumes+1","floor":18},{"not_picked":["Sucker Punch","Setup"],"picked":"Poisoned Stab","floor":20},{"not_picked":["Dagger Throw+1","Outmaneuver","PiercingWail"],"picked":"Singing Bowl","floor":22},{"not_picked":["Blur","Riddle With Holes"],"picked":"Poisoned Stab","floor":24},{"not_picked":["Poisoned Stab","Distraction"],"picked":"Bane+1","floor":28},{"not_picked":["Skewer","Slice+1","Flying Knee"],"picked":"Singing Bowl","floor":29}],"player_experience":159632,"relics_obtained":[{"floor":6,"key":"Kunai"},{"floor":9,"key":"Singing Bowl"},{"floor":13,"key":"Happy Flower"},{"floor":26,"key":"Gremlin Horn"}],"event_choices":[{"damage_healed":0,"gold_gain":0,"player_choice":"Grow","damage_taken":0,"max_hp_gain":0,"max_hp_loss":0,"event_name":"Living Wall","floor":2,"gold_loss":0,"cards_upgraded":["Deadly Poison"]},{"cards_removed":["Strike_G"],"damage_healed":0,"gold_gain":0,"player_choice":"Card Removal","damage_taken":0,"max_hp_gain":0,"max_hp_loss":0,"event_name":"The Cleric","floor":3,"gold_loss":50},{"cards_removed":["Defend_G"],"damage_healed":0,"gold_gain":0,"player_choice":"Card Removal","damage_taken":7,"max_hp_gain":0,"max_hp_loss":0,"event_name":"Golden Wing","floor":11,"gold_loss":0},{"damage_healed":0,"gold_gain":0,"player_choice":"Ignored","damage_taken":0,"max_hp_gain":0,"max_hp_loss":0,"event_name":"Ghosts","floor":27,"gold_loss":0},{"damage_healed":0,"gold_gain":0,"player_choice":"Shed Blood","damage_taken":20,"max_hp_gain":5,"max_hp_loss":0,"event_name":"Forgotten Altar","floor":31,"gold_loss":0}],"is_beta":false,"boss_relics":[{"not_picked":["White Beast Statue","Snecko Eye"],"picked":"Cursed Key"}],"items_purged_floors":[8,19,21],"is_endless":false,"potions_floor_spawned":[6,12,16,18,22,24,29],"killed_by":"Champ","ascension_level":3}