{"gold_per_floor":[109,109,14,14,28,28,44,44,44,44,44,44,61,13,13,116,116,41,17,17,33,6,6,6,6,29,58,58,69,69,85,85,85],"floor_reached":33,"playtime":2955,"items_purged":[],"score":249,"play_id":"70059c23-9a02-4348-953c-c045f395f1c2","local_time":"20180704203348","is_ascension_mode":false,"campfire_choices":[{"data":"Loop","floor":6,"key":"SMITH"},{"data":"Zap","floor":10,"key":"SMITH"},{"data":"BootSequence","floor":12,"key":"SMITH"},{"data":"Sweeping Beam","floor":15,"key":"SMITH"},{"floor":23,"key":"REST"},{"data":"Streamline","floor":25,"key":"SMITH"},{"floor":30,"key":"REST"},{"floor":32,"key":"REST"}],"neow_cost":"","seed_source_timestamp":4177766234282,"circlet_count":0,"master_deck":["Strike_B","Defend_B","Defend_B","Defend_B","Zap+1","Dualcast","Beam Cell","Loop+1","Redo","BootSequence+1","Coolheaded","Genetic Algorithm","Sweeping Beam+1","Buffer","Loop+1","Streamline+1","Barrage+1","Go for the Eyes+1","Compile Driver+1","Self Repair","Leap"],"relics":["Cracked Core","Gremlin Horn","Orichalcum","Empty Cage","Vajra","Whetstone"],"potions_floor_usage":[],"damage_taken":[{"damage":5,"enemies":"2 Louse","floor":1,"turns":2},{"damage":1,"enemies":"Cultist","floor":5,"turns":3},{"damage":0,"enemies":"Small Slimes","floor":7,"turns":3},{"damage":5,"enemies":"Exordium Thugs","floor":13,"turns":5},{"damage":49,"enemies":"Slime Boss","floor":16,"turns":10},{"damage":22,"enemies":"2 Thieves","floor":18,"turns":5},{"damage":5,"enemies":"Chosen","floor":21,"turns":5},{"damage":40,"enemies":"Book of Stabbing","floor":27,"turns":6},{"damage":23,"enemies":"Snecko","floor":29,"turns":5},{"damage":11,"enemies":"Snake Plant","floor":31,"turns":4},{"damage":54,"enemies":"Champ","floor":33,"turns":9}],"seed_played":"7019167994574859469","potions_obtained":[{"floor":1,"key":"Poison Potion"},{"floor":2,"key":"Swift Potion"},{"floor":2,"key":"Strength Potion"},{"floor":2,"key":"Fire Potion"}],"is_trial":false,"path_per_floor":["M","?","$","T","M","R","M","?","T","R","?","R","M","$","R","B",null,"M","$","?","M","$","R","$","R","T","E","?","M","R","M","R"],"character_chosen":"DEFECT","items_purchased":["Loop","Redo","Sweeping Beam","Streamline","Go for the Eyes"],"campfire_rested":3,"item_purchase_floors":[3,3,14,19,22],"current_hp_per_floor":[70,70,70,70,69,69,69,69,69,69,62,62,57,57,57,8,75,53,53,53,48,48,70,70,70,70,30,30,7,29,25,47,0],"gold":85,"neow_bonus":"","is_prod":false,"is_daily":false,"chose_seed":false,"campfire_upgraded":5,"win_rate":0.0,"timestamp":1530754428,"path_taken":["M","?","$","?","M","R","?","?","T","R","?","R","M","$","R","BOSS","M","$","?","M","$","R","$","R","T","E","?","M","R","M","R","BOSS"],"build_version":"2018-06-28","purchased_purges":0,"victory":false,"max_hp_per_floor":[75,75,75,75,75,75,75,75,75,75,75,75,75,75,75,75,75,75,75,75,75,75,75,75,75,75,75,75,75,75,75,75,75],"card_choices":[{"not_picked":["Barrage","Stack"],"picked":"Beam Cell","floor":1},{"not_picked":["Capacitor","Steam"],"picked":"BootSequence","floor":5},{"not_picked":["Gash","Stack"],"picked":"Coolheaded","floor":7},{"not_picked":["Hello World","Conserve Battery"],"picked":"Genetic Algorithm","floor":13},{"not_picked":["Seek","Multi-Cast"],"picked":"Buffer","floor":16},{"not_picked":["Genetic Algorithm","Steam+1"],"picked":"Loop+1","floor":18},{"not_picked":["Beam Cell+1","Cold Snap"],"picked":"Barrage","floor":21},{"not_picked":["Stack+1","Hologram+1"],"picked":"Compile Driver+1","floor":27},{"not_picked":["Cold Snap+1","Amplify"],"picked":"Self Repair","floor":29},{"not_picked":["Barrage","Loop"],"picked":"Leap","floor":31}],"player_experience":4873,"relics_obtained":[{"floor":4,"key":"Gremlin Horn"},{"floor":9,"key":"Orichalcum"},{"floor":26,"key":"Vajra"},{"floor":27,"key":"Whetstone"}],"event_choices":[{"event_name":"The Lab","player_choice":"Got Potions","floor":2,"damage_taken":0},{"event_name":"Bonfire Elementals","player_choice":"BASIC","floor":8,"damage_taken":0},{"event_name":"Golden Wing","player_choice":"Card Removal","floor":11,"damage_taken":0},{"event_name":"Ghosts","player_choice":"Ignored","floor":20,"damage_taken":0},{"event_name":"Addict","player_choice":"Ignored","floor":28,"damage_taken":0}],"boss_relics":[{"not_picked":["Runic Dome","Philosopher\u0027s Stone"],"picked":"Empty Cage"}],"items_purged_floors":[],"is_endless":false,"potions_floor_spawned":[1,7,21],"killed_by":"Champ","ascension_level":0}