{"gold_per_floor":[112,112,130,130,146,146,165,165,190,204,204,204,28,41,41,161,161,151,76,23,23,23,23,23,23,103,103,128,128,128,141,141,261,261,284,284,284,105,105,105],"floor_reached":40,"playtime":1583,"items_purged":["Strike_G","Writhe"],"score":369,"play_id":"355a3f4d-9563-4df6-a2d3-fb1c03615f15","local_time":"20180721143740","is_ascension_mode":false,"campfire_choices":[{"data":"Backflip","floor":6,"key":"SMITH"},{"data":"Prepared","floor":8,"key":"SMITH"},{"data":"Bullet Time","floor":11,"key":"SMITH"},{"floor":15,"key":"REST"},{"floor":23,"key":"REST"},{"data":"A Thousand Cuts","floor":27,"key":"SMITH"},{"floor":30,"key":"REST"},{"data":"Noxious Fumes","floor":32,"key":"SMITH"}],"neow_cost":"","seed_source_timestamp":71162152084820,"circlet_count":0,"master_deck":["Defend_G","Defend_G","Defend_G","Defend_G","Strike_G","Strike_G","Strike_G","Survivor","Neutralize","Deadly Poison+1","Backflip+1","Prepared+1","Bullet Time+1","Dagger Spray","Bane","Caltrops","All Out Attack","A Thousand Cuts+1","Poisoned Stab","Noxious Fumes+1","Phantasmal Killer","Poisoned Stab+1","Catalyst"],"relics":["Ring of the Snake","Golden Idol","Regal Pillow","Spirit Poop","Runic Pyramid","Enchiridion","Question Card","Anchor","Mummified Hand","Sozu","Pear"],"potions_floor_usage":[33,33,33],"damage_taken":[{"damage":0,"enemies":"2 Louse","floor":1,"turns":4},{"damage":0,"enemies":"Jaw Worm","floor":3,"turns":3},{"damage":2,"enemies":"Small Slimes","floor":5,"turns":4},{"damage":0,"enemies":"Looter","floor":7,"turns":4},{"damage":0,"enemies":"Blue Slaver","floor":10,"turns":4},{"damage":23,"enemies":"Gremlin Gang","floor":14,"turns":5},{"damage":52,"enemies":"Slime Boss","floor":16,"turns":10},{"damage":19,"enemies":"2 Thieves","floor":18,"turns":4},{"damage":26,"enemies":"Spheric Guardian","floor":28,"turns":5},{"damage":9,"enemies":"Centurion and Healer","floor":31,"turns":5},{"damage":59,"enemies":"Champ","floor":33,"turns":10},{"damage":8,"enemies":"Orb Walker","floor":35,"turns":3},{"damage":74,"enemies":"2 Orb Walkers","floor":40,"turns":4}],"seed_played":"2962810515827825969","potions_obtained":[{"floor":3,"key":"Swift Potion"},{"floor":7,"key":"SpeedPotion"},{"floor":10,"key":"Strength Potion"}],"is_trial":false,"path_per_floor":["M","?","M","?","M","R","M","R","T","M","R","?","$","M","R","B",null,"M","?","$","?","T","R","?","$","T","R","M","?","R","M","R","B",null,"M","?","?","$","?"],"character_chosen":"THE_SILENT","items_purchased":["Bane","Caltrops","Poisoned Stab","Catalyst"],"campfire_rested":3,"item_purchase_floors":[13,13,20,38],"current_hp_per_floor":[70,70,70,70,68,68,68,68,68,68,68,68,68,45,70,18,70,51,51,51,35,35,70,70,70,70,70,44,44,70,61,61,2,70,62,62,72,72,72,0],"gold":105,"neow_bonus":"","is_prod":false,"is_daily":false,"chose_seed":false,"campfire_upgraded":5,"win_rate":0.0,"timestamp":1532201860,"path_taken":["M","?","M","?","M","R","M","R","T","M","R","?","$","M","R","BOSS","M","?","$","?","?","R","?","$","T","R","M","?","R","M","R","BOSS","M","?","?","$","?","E"],"build_version":"2018-07-19v2","purchased_purges":2,"victory":false,"max_hp_per_floor":[70,70,70,70,70,70,70,70,70,70,70,70,70,70,70,70,70,70,70,70,70,70,70,70,70,70,70,70,70,70,70,70,70,70,70,70,80,80,80,80],"card_choices":[{"not_picked":["Dagger Spray","Skewer"],"picked":"Deadly Poison","floor":1},{"not_picked":["Acrobatics","Cloak And Dagger"],"picked":"Backflip","floor":3},{"not_picked":["Flechettes","Outmaneuver"],"picked":"Prepared","floor":5},{"not_picked":["Blade Dance","All Out Attack"],"picked":"Bullet Time","floor":7},{"not_picked":["Dagger Throw","Cloak And Dagger"],"picked":"Dagger Spray","floor":10},{"not_picked":["Deflect","Quick Slash"],"picked":"All Out Attack","floor":14},{"not_picked":["Wraith Form v2","Tools of the Trade"],"picked":"A Thousand Cuts","floor":16},{"not_picked":["Infinite Blades","Outmaneuver","Dodge and Roll"],"picked":"SKIP","floor":18},{"not_picked":["Underhanded Strike+1","Flying Knee","Expertise"],"picked":"Noxious Fumes","floor":28},{"not_picked":["Expertise+1","Eviscerate","Reflex"],"picked":"Phantasmal Killer","floor":31},{"not_picked":["Footwork+1","Underhanded Strike","Bane"],"picked":"Poisoned Stab+1","floor":35}],"player_experience":51969,"relics_obtained":[{"floor":9,"key":"Regal Pillow"},{"floor":21,"key":"Enchiridion"},{"floor":22,"key":"Question Card"},{"floor":26,"key":"Mummified Hand"}],"event_choices":[{"event_name":"Living Wall","player_choice":"Grow","floor":2,"damage_taken":0},{"event_name":"Golden Idol","player_choice":"Take Wound","floor":4,"damage_taken":0},{"event_name":"Bonfire Elementals","player_choice":"CURSE","floor":12,"damage_taken":0},{"event_name":"Beggar","player_choice":"Gave Gold","floor":19,"damage_taken":0},{"event_name":"Cursed Tome","player_choice":"Obtained Book","floor":21,"damage_taken":0},{"event_name":"The Mausoleum","player_choice":"Yes","floor":24,"damage_taken":0},{"event_name":"Drug Dealer","player_choice":"Ignored","floor":29,"damage_taken":0},{"event_name":"Tomb of Lord Red Mask","player_choice":"Ignored","floor":36,"damage_taken":0},{"event_name":"Accursed Blacksmith","player_choice":"Rummage","floor":37,"damage_taken":0},{"event_name":"Falling","player_choice":"Removed Attack","floor":39,"damage_taken":0}],"is_beta":false,"boss_relics":[{"not_picked":["Pandora\u0027s Box","Runic Dome"],"picked":"Runic Pyramid"},{"not_picked":["White Beast Statue","Tiny House"],"picked":"Sozu"}],"items_purged_floors":[13,38],"is_endless":false,"potions_floor_spawned":[3,7,10,31],"killed_by":"2 Orb Walkers","ascension_level":0}