{"gold_per_floor":[112,125,125,142,142,142,172,172,225,225,238,238,256,283,283,283],"floor_reached":16,"playtime":495,"items_purged":[],"score":220,"play_id":"44f9451e-130c-440d-b363-5b32010370b0","local_time":"20190616062838","is_ascension_mode":true,"campfire_choices":[{"data":"Bash","floor":6,"key":"SMITH"},{"data":"Dark Embrace","floor":8,"key":"SMITH"},{"floor":10,"key":"REST"},{"floor":15,"key":"REST"}],"neow_cost":"NONE","seed_source_timestamp":269143407629087,"circlet_count":0,"master_deck":["AscendersBane","Strike_R","Strike_R","Strike_R","Strike_R","Strike_R","Defend_R+1","Defend_R+1","Defend_R","Defend_R","Bash+1","Clothesline","Second Wind","Dark Embrace+1","Corruption","Flame Barrier","Power Through"],"special_seed":0,"relics":["Burning Blood","Bag of Marbles","Gambling Chip","Bronze Scales","Calipers"],"potions_floor_usage":[16],"damage_taken":[{"damage":1.0,"enemies":"2 Louse","floor":1.0,"turns":4.0},{"damage":7,"enemies":"Small Slimes","floor":2,"turns":4},{"damage":4,"enemies":"Jaw Worm","floor":4,"turns":3},{"damage":30,"enemies":"Gremlin Nob","floor":7,"turns":4},{"damage":9,"enemies":"3 Louse","floor":11,"turns":3},{"damage":7,"enemies":"2 Fungi Beasts","floor":13,"turns":4},{"damage":38,"enemies":"Lagavulin","floor":14,"turns":8},{"damage":37,"enemies":"Hexaghost","floor":16,"turns":10}],"seed_played":"-1743096661166131643","potions_obtained":[{"floor":2,"key":"SmokeBomb"},{"floor":14,"key":"EssenceOfSteel"}],"is_trial":false,"path_per_floor":["M","M","?","M","?","R","E","R","T","R","M","?","M","E","R","B"],"character_chosen":"IRONCLAD","items_purchased":[],"campfire_rested":2,"item_purchase_floors":[],"current_hp_per_floor":[80,79,68,70,70,70,46,46,46,70,67,42,41,9,33,0],"gold":283,"neow_bonus":"TEN_PERCENT_HP_BONUS","is_prod":false,"is_daily":false,"chose_seed":false,"campfire_upgraded":2,"win_rate":0,"timestamp":1560637718,"path_taken":["M","M","?","M","?","R","E","R","T","R","M","?","M","E","R","BOSS"],"build_version":"2019-01-23","purchased_purges":0,"victory":false,"max_hp_per_floor":[82,82,82,82,82,82,82,82,82,82,82,82,82,82,82,82],"card_choices":[{"not_picked":["Armaments","Flex"],"picked":"Clothesline","floor":1},{"not_picked":["Flex","Twin Strike"],"picked":"Second Wind","floor":2},{"not_picked":["Twin Strike","Body Slam"],"picked":"Dark Embrace","floor":4},{"not_picked":["Sever Soul","Anger","Thunderclap"],"picked":"SKIP","floor":7},{"not_picked":["Pummel","Anger"],"picked":"Corruption","floor":11},{"not_picked":["Clash","Heavy Blade"],"picked":"Flame Barrier","floor":13},{"not_picked":["True Grit","Rupture"],"picked":"Power Through","floor":14}],"player_experience":700525,"relics_obtained":[{"floor":7,"key":"Gambling Chip"},{"floor":9,"key":"Bronze Scales"},{"floor":14,"key":"Calipers"}],"event_choices":[{"damage_healed":0,"gold_gain":0,"player_choice":"Success","damage_taken":11,"relics_obtained":["Bag of Marbles"],"max_hp_gain":0,"max_hp_loss":0,"event_name":"Scrap Ooze","floor":3,"gold_loss":0},{"damage_healed":0,"gold_gain":0,"player_choice":"Ignored","damage_taken":0,"max_hp_gain":0,"max_hp_loss":0,"event_name":"Liars Game","floor":5,"gold_loss":0},{"damage_healed":0,"gold_gain":0,"player_choice":"Entered Light","damage_taken":25,"max_hp_gain":0,"max_hp_loss":0,"event_name":"Shining Light","floor":12,"gold_loss":0,"cards_upgraded":["Defend_R","Defend_R"]}],"is_beta":false,"boss_relics":[],"items_purged_floors":[],"is_endless":false,"potions_floor_spawned":[2,14],"killed_by":"Hexaghost","ascension_level":20}