{"gold_per_floor":[114,114,114,126,141,174,174,186,186,2,2,15,30,40,40,138,138,148,148,148,27,27,58,58,58,58,58],"floor_reached":27,"playtime":972,"items_purged":["Defend_G","Strike_G"],"score":276,"play_id":"22c12efd-e3fc-455d-9ffd-dbb9491f8360","local_time":"20180723085036","is_ascension_mode":false,"campfire_choices":[{"data":"Envenom","floor":7,"key":"SMITH"},{"floor":11,"key":"REST"},{"floor":15,"key":"REST"},{"floor":24,"key":"REST"}],"neow_cost":"NONE","seed_source_timestamp":223750454407800,"circlet_count":0,"master_deck":["Defend_G","Defend_G","Defend_G","Strike_G","Strike_G","Strike_G","Survivor","Neutralize","Quick Slash","Prepared","Flying Knee","Envenom+1","Dodge and Roll","Finisher","Quick Slash","Slice","After Image","Poisoned Stab+1","Poisoned Stab+1","Glass Knife"],"relics":["Ring of the Snake","NeowsBlessing","Bronze Scales","Pear","The Courier","Ancient Tea Set","Eternal Feather","Matryoshka","Whetstone","Frozen Egg 2"],"potions_floor_usage":[6,6,16,18,25],"damage_taken":[{"damage":0,"enemies":"2 Louse","floor":1,"turns":1},{"damage":0,"enemies":"Jaw Worm","floor":4,"turns":1},{"damage":0,"enemies":"Cultist","floor":5,"turns":1},{"damage":21,"enemies":"Lagavulin","floor":6,"turns":7},{"damage":19,"enemies":"Large Slime","floor":8,"turns":6},{"damage":0,"enemies":"2 Fungi Beasts","floor":12,"turns":3},{"damage":10,"enemies":"3 Louse","floor":13,"turns":3},{"damage":11,"enemies":"Lots of Slimes","floor":14,"turns":5},{"damage":23,"enemies":"Slime Boss","floor":16,"turns":9},{"damage":0,"enemies":"Chosen","floor":18,"turns":5},{"damage":84,"enemies":"Gremlin Leader","floor":23,"turns":7},{"damage":33,"enemies":"Slavers","floor":25,"turns":5},{"damage":6,"enemies":"Shell Parasite","floor":27,"turns":1}],"seed_played":"-1821579497285471358","potions_obtained":[{"floor":1,"key":"PowerPotion"},{"floor":4,"key":"Poison Potion"},{"floor":8,"key":"GamblersBrew"},{"floor":13,"key":"SmokeBomb"},{"floor":16,"key":"Block Potion"}],"is_trial":false,"path_per_floor":["M","?","?","M","M","E","R","M","T","$","R","M","M","M","R","B",null,"M","?","?","$","?","E","R","E","T"],"character_chosen":"THE_SILENT","items_purchased":["Ancient Tea Set","Poisoned Stab"],"campfire_rested":3,"item_purchase_floors":[10,21],"current_hp_per_floor":[70,63,68,68,68,57,57,38,38,38,63,63,53,42,67,44,85,85,85,85,85,85,1,38,5,5,0],"gold":58,"neow_bonus":"THREE_ENEMY_KILL","is_prod":false,"is_daily":false,"chose_seed":false,"campfire_upgraded":1,"win_rate":0.0,"timestamp":1532353836,"path_taken":["M","?","?","?","M","E","R","M","T","$","R","M","M","M","R","BOSS","M","?","?","$","?","E","R","E","T","M"],"build_version":"2018-07-19v2","purchased_purges":2,"victory":false,"max_hp_per_floor":[70,70,75,75,75,85,85,85,85,85,85,85,85,85,85,85,85,85,85,85,85,85,85,85,85,85,85],"card_choices":[{"not_picked":["Footwork","Dagger Throw"],"picked":"Quick Slash","floor":1},{"not_picked":["PiercingWail","Dagger Throw"],"picked":"Prepared","floor":4},{"not_picked":["Underhanded Strike","Quick Slash"],"picked":"Flying Knee","floor":5},{"not_picked":["Riddle With Holes","Flying Knee"],"picked":"Envenom","floor":6},{"not_picked":["Acrobatics","PiercingWail"],"picked":"Dodge and Roll","floor":8},{"not_picked":["Underhanded Strike","Flying Knee"],"picked":"Finisher","floor":12},{"not_picked":["Dodge and Roll","PiercingWail"],"picked":"Quick Slash","floor":13},{"not_picked":["Cloak And Dagger","Flying Knee"],"picked":"Slice","floor":14},{"not_picked":["Adrenaline","Die Die Die"],"picked":"After Image","floor":16},{"not_picked":["Flying Knee","Deflect"],"picked":"Poisoned Stab","floor":18},{"not_picked":["Flying Knee","Reflex"],"picked":"Glass Knife","floor":23}],"player_experience":65767,"relics_obtained":[{"floor":6,"key":"Pear"},{"floor":9,"key":"The Courier"},{"floor":23,"key":"Matryoshka"},{"floor":26,"key":"Whetstone"},{"floor":26,"key":"Frozen Egg 2"}],"event_choices":[{"event_name":"Scrap Ooze","player_choice":"success","floor":2,"damage_taken":7},{"event_name":"Big Fish","player_choice":"Donut","floor":3,"damage_taken":0},{"event_name":"Purifier","player_choice":"One Purge","floor":19,"damage_taken":0},{"event_name":"Back to Basics","player_choice":"Elegance","floor":20,"damage_taken":0},{"event_name":"Vampires","player_choice":"Ignored","floor":22,"damage_taken":0}],"is_beta":false,"boss_relics":[{"not_picked":["White Beast Statue","Coffee Dripper"],"picked":"Eternal Feather"}],"items_purged_floors":[10,21],"is_endless":false,"potions_floor_spawned":[1,4,8,13,16,25],"killed_by":"Shell Parasite","ascension_level":0}