{"gold_per_floor":[119,119,119,170,182,182,217,69,148,113,132,32,49,61,61,160,160,175,190,190,190,45,45,55,55,78,78,78,94,112,37,37,137,137,152,0,0,0,0,0,0],"floor_reached":41,"playtime":1264,"items_purged":["Strike_G","Defend_G"],"score":445,"play_id":"49a39012-812b-4c62-bcb6-4b6f9e0b9c45","local_time":"20190612155049","is_ascension_mode":true,"campfire_choices":[{"data":"Deadly Poison","floor":6,"key":"SMITH"},{"floor":15,"key":"REST"},{"floor":23,"key":"REST"},{"floor":28,"key":"REST"},{"floor":32,"key":"REST"},{"data":"Noxious Fumes","floor":40,"key":"SMITH"}],"neow_cost":"NONE","seed_source_timestamp":400067085222,"circlet_count":0,"master_deck":["Defend_G","Defend_G","Defend_G","Strike_G","Strike_G","Survivor","Neutralize","Deadly Poison+1","Bane","Terror","Caltrops","Deadly Poison","Poisoned Stab","Slice","Envenom+1","Deadly Poison","Noxious Fumes+1","Burst"],"relics":["Ring of the Snake","Vajra","Question Card","Sundial","Sozu","Meat on the Bone","Juzu Bracelet","Blood Vial","Runic Pyramid","Red Mask"],"potions_floor_usage":[14,16],"damage_taken":[{"damage":1,"enemies":"2 Louse","floor":1,"turns":3},{"damage":1,"enemies":"Jaw Worm","floor":5,"turns":3},{"damage":37,"enemies":"3 Sentries","floor":7,"turns":11},{"damage":0,"enemies":"Small Slimes","floor":11,"turns":2},{"damage":18,"enemies":"Exordium Wildlife","floor":13,"turns":4},{"damage":5,"enemies":"Large Slime","floor":14,"turns":6},{"damage":22,"enemies":"The Guardian","floor":16,"turns":8},{"damage":26,"enemies":"2 Thieves","floor":18,"turns":3},{"damage":4,"enemies":"3 Byrds","floor":19,"turns":2},{"damage":10,"enemies":"Snecko","floor":24,"turns":4},{"damage":21,"enemies":"Snake Plant","floor":29,"turns":3},{"damage":19,"enemies":"Cultist and Chosen","floor":30,"turns":6},{"damage":54,"enemies":"Champ","floor":33,"turns":10},{"damage":49,"enemies":"3 Shapes","floor":35,"turns":6},{"damage":77,"enemies":"Reptomancer","floor":41,"turns":2}],"seed_played":"7174800354975052733","potions_obtained":[{"floor":7,"key":"Dexterity Potion"},{"floor":13,"key":"Regen Potion"},{"floor":14,"key":"FearPotion"},{"floor":16,"key":"SpeedPotion"}],"is_trial":false,"path_per_floor":["M","?","?","T","M","R","E","$","T","?","M","$","M","M","R","B",null,"M","M","?","T","$","R","M","$","T","?","R","M","M","?","R","B",null,"M","?","?","?","?","R","E"],"character_chosen":"THE_SILENT","items_purchased":["Caltrops","Juzu Bracelet"],"campfire_rested":4,"item_purchase_floors":[8,22],"current_hp_per_floor":[76,69,69,69,68,68,31,31,31,50,50,50,32,42,65,43,77,51,47,33,33,33,57,47,47,47,47,71,52,47,47,71,31,82,45,45,45,66,66,66,0],"gold":0,"neow_bonus":"TEN_PERCENT_HP_BONUS","is_prod":false,"is_daily":false,"chose_seed":false,"campfire_upgraded":2,"win_rate":0,"timestamp":1560372649,"path_taken":["M","?","?","?","M","R","E","$","T","?","?","$","M","M","R","BOSS","M","M","?","?","$","R","M","?","T","?","R","M","M","?","R","BOSS","M","?","?","?","?","R","E"],"build_version":"2019-01-23","purchased_purges":2,"victory":false,"max_hp_per_floor":[77,77,77,77,77,77,77,77,77,77,77,77,77,77,77,77,77,77,77,82,82,82,82,82,82,82,82,82,82,82,82,82,82,82,82,82,82,82,82,82,82],"card_choices":[{"not_picked":["Choke","Blade Dance"],"picked":"Deadly Poison","floor":1},{"not_picked":["Blur","Blade Dance"],"picked":"Bane","floor":5},{"not_picked":["Sucker Punch","Skewer"],"picked":"Terror","floor":7},{"not_picked":["Underhanded Strike","Acrobatics","Glass Knife"],"picked":"Deadly Poison","floor":11},{"not_picked":["Choke","Underhanded Strike","Acrobatics"],"picked":"Poisoned Stab","floor":13},{"not_picked":["Sucker Punch","Predator","Blur"],"picked":"Slice","floor":14},{"not_picked":["Venomology","Tools of the Trade","After Image"],"picked":"Envenom","floor":16},{"not_picked":["Sucker Punch","Acrobatics","Flying Knee","Masterful Stab"],"picked":"SKIP","floor":18},{"not_picked":["Blur","Cloak And Dagger","Masterful Stab","Dodge and Roll"],"picked":"SKIP","floor":19},{"not_picked":["Flying Knee+1","Sucker Punch","Prepared+1"],"picked":"Deadly Poison","floor":24},{"not_picked":["Deflect","Acrobatics+1","Quick Slash","Blade Dance+1"],"picked":"SKIP","floor":29},{"not_picked":["Die Die Die","Deflect+1","Underhanded Strike"],"picked":"Noxious Fumes","floor":30},{"not_picked":["Grand Finale","Unload","Phantasmal Killer"],"picked":"Burst","floor":33},{"not_picked":["Sucker Punch+1","Backstab","Dagger Spray","Crippling Poison"],"picked":"SKIP","floor":35}],"player_experience":155014,"relics_obtained":[{"floor":4,"key":"Vajra"},{"floor":7,"key":"Question Card"},{"floor":9,"key":"Sundial"},{"floor":21,"key":"Meat on the Bone"},{"floor":26,"key":"Blood Vial"}],"event_choices":[{"cards_removed":["Strike_G"],"damage_healed":0,"gold_gain":0,"player_choice":"Card Removal","damage_taken":7,"max_hp_gain":0,"max_hp_loss":0,"event_name":"Golden Wing","floor":2,"gold_loss":0},{"cards_removed":["Defend_G"],"damage_healed":0,"gold_gain":0,"player_choice":"Forget","damage_taken":0,"max_hp_gain":0,"max_hp_loss":0,"event_name":"Living Wall","floor":3,"gold_loss":0},{"damage_healed":19,"gold_gain":0,"player_choice":"Healed","damage_taken":0,"max_hp_gain":0,"max_hp_loss":0,"event_name":"The Cleric","floor":10,"gold_loss":35},{"damage_healed":0,"gold_gain":0,"player_choice":"Shed Blood","damage_taken":19,"max_hp_gain":5,"max_hp_loss":0,"event_name":"Forgotten Altar","floor":20,"gold_loss":0},{"damage_healed":0,"gold_gain":0,"player_choice":"Upgraded","damage_taken":0,"max_hp_gain":0,"max_hp_loss":0,"event_name":"Upgrade Shrine","floor":27,"gold_loss":0,"cards_upgraded":["Envenom"]},{"cards_removed":["Strike_G"],"damage_healed":0,"gold_gain":0,"player_choice":"Gave Gold","damage_taken":0,"max_hp_gain":0,"max_hp_loss":0,"event_name":"Beggar","floor":31,"gold_loss":75},{"damage_healed":0,"gold_gain":0,"player_choice":"Paid","damage_taken":0,"relics_obtained":["Red Mask"],"max_hp_gain":0,"max_hp_loss":0,"event_name":"Tomb of Lord Red Mask","floor":36,"gold_loss":152},{"damage_healed":0,"gold_gain":0,"player_choice":"Ignored","damage_taken":0,"max_hp_gain":0,"max_hp_loss":0,"event_name":"Mysterious Sphere","floor":37,"gold_loss":0},{"damage_healed":21,"gold_gain":0,"player_choice":"Writhe","damage_taken":0,"max_hp_gain":0,"max_hp_loss":0,"event_name":"Winding Halls","floor":38,"gold_loss":0,"cards_obtained":["Writhe"]},{"cards_removed":["Writhe"],"damage_healed":0,"gold_gain":0,"player_choice":"Removed Curses","damage_taken":0,"max_hp_gain":0,"max_hp_loss":0,"event_name":"Fountain of Cleansing","floor":39,"gold_loss":0}],"is_beta":false,"boss_relics":[{"not_picked":["Astrolabe","Fusion Hammer"],"picked":"Sozu"},{"not_picked":["Snecko Eye","Pandora\u0027s Box"],"picked":"Runic Pyramid"}],"items_purged_floors":[8,12],"is_endless":false,"potions_floor_spawned":[7,13,14,16,18,30,33,35],"killed_by":"Reptomancer","ascension_level":3}