{"gold_per_floor":[111,111,111,130,130,130,164,164,190,209,209,209,236,7,7,7],"floor_reached":16,"playtime":283,"items_purged":[],"score":187,"play_id":"69cdb235-d8a7-44dd-9243-0500753ca6da","local_time":"20190615132550","is_ascension_mode":true,"campfire_choices":[{"data":"Glacier","floor":6,"key":"SMITH"},{"floor":8,"key":"REST"},{"floor":12,"key":"REST"},{"data":"Zap","floor":15,"key":"SMITH"}],"neow_cost":"NONE","seed_source_timestamp":208002908646705,"circlet_count":0,"master_deck":["AscendersBane","Strike_B","Strike_B+1","Strike_B","Strike_B","Defend_B+1","Defend_B","Defend_B","Zap+1","Dualcast+1","Glacier+1","Genetic Algorithm+1","Go for the Eyes+1","Ball Lightning+1","Gash+1"],"relics":["Cracked Core","Molten Egg 2","Omamori","Smiling Mask","War Paint"],"potions_floor_usage":[],"damage_taken":[{"damage":0,"enemies":"2 Louse","floor":1,"turns":2},{"damage":7,"enemies":"Small Slimes","floor":4,"turns":3},{"damage":32,"enemies":"Gremlin Nob","floor":7,"turns":4},{"damage":0,"enemies":"Jaw Worm","floor":10,"turns":3},{"damage":60,"enemies":"Hexaghost","floor":16,"turns":9}],"seed_played":"-7504910139855382611","potions_obtained":[{"floor":7,"key":"Explosive Potion"},{"floor":10,"key":"SmokeBomb"}],"is_trial":false,"path_per_floor":["M","?","?","M","$","R","E","R","T","M","$","R","T","$","R","B"],"character_chosen":"DEFECT","items_purchased":["War Paint","Gash+1"],"campfire_rested":2,"item_purchase_floors":[14,14],"current_hp_per_floor":[71,48,48,41,41,41,9,32,32,32,32,55,55,55,55,0],"gold":7,"neow_bonus":"TEN_PERCENT_HP_BONUS","is_prod":false,"is_daily":false,"chose_seed":false,"campfire_upgraded":2,"win_rate":0,"timestamp":1560576350,"path_taken":["M","?","?","M","?","R","E","R","T","M","$","R","?","$","R","BOSS"],"build_version":"2019-01-23","purchased_purges":0,"victory":false,"max_hp_per_floor":[78,78,78,78,78,78,78,78,78,78,78,78,78,78,78,78],"card_choices":[{"not_picked":["Rebound","Rip and Tear"],"picked":"Glacier","floor":1},{"not_picked":["Go for the Eyes","Turbo"],"picked":"Genetic Algorithm","floor":4},{"not_picked":["Turbo","Chaos"],"picked":"Go for the Eyes","floor":7},{"not_picked":["Turbo","Static Discharge"],"picked":"Ball Lightning+1","floor":10}],"player_experience":695108,"relics_obtained":[{"floor":7,"key":"Molten Egg 2"},{"floor":9,"key":"Omamori"},{"floor":13,"key":"Smiling Mask"}],"event_choices":[{"damage_healed":0,"gold_gain":0,"player_choice":"Entered Light","damage_taken":23,"max_hp_gain":0,"max_hp_loss":0,"event_name":"Shining Light","floor":2,"gold_loss":0,"cards_upgraded":["Dualcast","Strike_B"]},{"cards_removed":["Defend_B"],"damage_healed":0,"gold_gain":0,"player_choice":"Forget","damage_taken":0,"max_hp_gain":0,"max_hp_loss":0,"event_name":"Living Wall","floor":3,"gold_loss":0}],"is_beta":false,"boss_relics":[],"items_purged_floors":[],"is_endless":false,"potions_floor_spawned":[7,10],"killed_by":"Hexaghost","ascension_level":19}