{"gold_per_floor":[110,185,185,185,204,204,245,245,327,352,377,342,220,239,239,367,367,382,382,400,41,66,66,104,104,173,48,61,61,61],"floor_reached":30,"playtime":1140,"items_purged":["Strike_G","Defend_G","Defend_G"],"score":248,"play_id":"74cc0cef-851e-45ca-83b2-5f8aab2c6cc7","local_time":"20180724121838","is_ascension_mode":false,"campfire_choices":[{"floor":6,"key":"REST"},{"floor":8,"key":"REST"},{"data":"Caltrops","floor":15,"key":"SMITH"},{"floor":23,"key":"REST"},{"floor":25,"key":"REST"}],"neow_cost":"FIFTY_PERCENT_DAMAGE","seed_source_timestamp":322461729477763,"circlet_count":0,"master_deck":["Defend_G","Defend_G","Defend_G","Strike_G","Strike_G","Survivor","Neutralize","Backflip","Injury","Quick Slash","Catalyst","Caltrops+1","Poisoned Stab","Bane","Bane","Burst","Slice+1","Well Laid Plans","Terror","Crippling Poison","A Thousand Cuts","Deadly Poison+1"],"relics":["Ring of the Snake","Golden Idol","Unceasing Top","Ninja Scroll","Sozu","Bottled Lightning","Letter Opener","Matryoshka"],"potions_floor_usage":[7,16,16],"damage_taken":[{"damage":1,"enemies":"Cultist","floor":1,"turns":4},{"damage":0,"enemies":"Small Slimes","floor":5,"turns":5},{"damage":25,"enemies":"Gremlin Nob","floor":7,"turns":6},{"damage":2,"enemies":"Jaw Worm","floor":10,"turns":3},{"damage":2,"enemies":"3 Louse","floor":11,"turns":3},{"damage":4,"enemies":"Blue Slaver","floor":14,"turns":2},{"damage":36,"enemies":"The Guardian","floor":16,"turns":10},{"damage":14,"enemies":"Spheric Guardian","floor":18,"turns":4},{"damage":10,"enemies":"Chosen","floor":20,"turns":6},{"damage":55,"enemies":"Slaver and Parasite","floor":22,"turns":6},{"damage":17,"enemies":"Book of Stabbing","floor":24,"turns":4},{"damage":16,"enemies":"Chosen and Byrds","floor":28,"turns":5},{"damage":30,"enemies":"Sentry and Sphere","floor":30,"turns":5}],"seed_played":"7420249050934306807","potions_obtained":[{"floor":1,"key":"GhostInAJar"},{"floor":7,"key":"SteroidPotion"},{"floor":14,"key":"Fire Potion"}],"is_trial":false,"path_per_floor":["M","?","?","?","M","R","E","R","T","M","M","?","$","M","R","B",null,"M","?","M","$","M","R","E","R","T","$","M","?"],"character_chosen":"THE_SILENT","items_purchased":["Bane","Bottled Lightning"],"campfire_rested":4,"item_purchase_floors":[13,21],"current_hp_per_floor":[41,30,23,23,23,48,23,48,48,46,44,65,65,61,61,25,84,70,70,60,60,5,30,13,38,38,38,22,22,0],"gold":61,"neow_bonus":"TWENTY_PERCENT_HP_BONUS","is_prod":false,"is_daily":false,"chose_seed":false,"campfire_upgraded":1,"win_rate":0.0,"timestamp":1532452718,"path_taken":["M","?","?","?","M","R","E","R","T","?","M","?","$","M","R","BOSS","M","?","M","$","M","R","E","R","T","$","M","?","?"],"build_version":"2018-07-19v2","purchased_purges":3,"victory":false,"max_hp_per_floor":[84,84,84,84,84,84,84,84,84,84,84,84,84,84,84,84,84,84,84,84,84,84,84,84,84,84,84,84,84,84],"card_choices":[{"not_picked":["Reflex","Terror"],"picked":"Backflip","floor":1},{"not_picked":["Footwork","Cloak And Dagger"],"picked":"Quick Slash","floor":5},{"not_picked":["Underhanded Strike","Expertise"],"picked":"Catalyst","floor":7},{"not_picked":["Sucker Punch","Distraction"],"picked":"Caltrops","floor":10},{"not_picked":["Dagger Throw","Outmaneuver"],"picked":"Poisoned Stab","floor":11},{"not_picked":["Acrobatics","Finisher"],"picked":"Bane","floor":14},{"not_picked":["Adrenaline","Tools of the Trade"],"picked":"Burst","floor":16},{"not_picked":["Backflip","Endless Agony"],"picked":"Slice+1","floor":18},{"not_picked":["Bane","Sucker Punch"],"picked":"Terror","floor":20},{"not_picked":["Flechettes+1","Backflip"],"picked":"Crippling Poison","floor":22},{"not_picked":["Dodge and Roll+1","Underhanded Strike"],"picked":"A Thousand Cuts","floor":24},{"not_picked":["Bane+1","Flechettes+1"],"picked":"Deadly Poison+1","floor":28}],"player_experience":73483,"relics_obtained":[{"floor":7,"key":"Unceasing Top"},{"floor":9,"key":"Ninja Scroll"},{"floor":24,"key":"Letter Opener"},{"floor":26,"key":"Matryoshka"}],"event_choices":[{"event_name":"World of Goop","player_choice":"Gather Gold","floor":2,"damage_taken":0},{"event_name":"Golden Wing","player_choice":"Card Removal","floor":3,"damage_taken":0},{"event_name":"Golden Idol","player_choice":"Take Wound","floor":4,"damage_taken":0},{"event_name":"The Cleric","player_choice":"Healed","floor":12,"damage_taken":0},{"event_name":"Transmorgrifier","player_choice":"Transform","floor":19,"damage_taken":0},{"event_name":"Beggar","player_choice":"Ignored","floor":29,"damage_taken":0}],"is_beta":false,"boss_relics":[{"not_picked":["Black Star","Pandora\u0027s Box"],"picked":"Sozu"}],"items_purged_floors":[13,21,27],"is_endless":false,"potions_floor_spawned":[1,7,14,20],"killed_by":"Sentry and Sphere","ascension_level":0}