{"gold_per_floor":[109,121,121,121,141,141,156,156,156,171,44,44,44,80,80,204,204,220,220,243,243],"floor_reached":21,"playtime":818,"items_purged":["Defend_R"],"score":179,"play_id":"04680f86-3aa3-432a-9ea0-4a94034cb5d9","local_time":"20180804214730","is_ascension_mode":false,"campfire_choices":[{"data":"Thunderclap","floor":6,"key":"SMITH"},{"data":"Bash","floor":8,"key":"SMITH"},{"data":"Shrug It Off","floor":12,"key":"SMITH"},{"floor":15,"key":"REST"}],"neow_cost":"NONE","seed_source_timestamp":1307300246570770,"circlet_count":0,"master_deck":["Strike_R","Strike_R","Strike_R","Strike_R","Defend_R","Defend_R","Defend_R","Bash+1","Armaments","Thunderclap+1","Headbutt","True Grit","Shrug It Off+1","Iron Wave","Pommel Strike","Demon Form+1","Uppercut"],"relics":["Burning Blood","NeowsBlessing","Golden Idol","Frozen Egg 2","Magic Flower","Runic Pyramid"],"potions_floor_usage":[16,20,20],"damage_taken":[{"damage":0,"enemies":"2 Louse","floor":1,"turns":1},{"damage":0,"enemies":"Jaw Worm","floor":2,"turns":1},{"damage":0,"enemies":"Cultist","floor":5,"turns":1},{"damage":2,"enemies":"2 Fungi Beasts","floor":7,"turns":3},{"damage":6,"enemies":"Large Slime","floor":10,"turns":6},{"damage":33,"enemies":"Lagavulin","floor":14,"turns":7},{"damage":39,"enemies":"Slime Boss","floor":16,"turns":14},{"damage":51,"enemies":"3 Byrds","floor":18,"turns":7},{"damage":28,"enemies":"Shell Parasite","floor":20,"turns":8},{"damage":4,"enemies":"Chosen and Byrds","floor":21,"turns":2}],"seed_played":"1713071654292743221","potions_obtained":[{"floor":1,"key":"Swift Potion"},{"floor":5,"key":"Ancient Potion"},{"floor":7,"key":"Block Potion"},{"floor":14,"key":"Strength Potion"},{"floor":18,"key":"Energy Potion"}],"is_trial":false,"path_per_floor":["M","M","?","?","M","R","M","R","T","M","$","R","$","E","R","B",null,"M","?","M"],"character_chosen":"IRONCLAD","items_purchased":["Iron Wave"],"campfire_rested":1,"item_purchase_floors":[11],"current_hp_per_floor":[80,80,60,53,59,59,63,63,63,63,63,63,63,36,60,30,80,38,38,19,15],"gold":243,"neow_bonus":"THREE_ENEMY_KILL","is_prod":false,"is_daily":false,"chose_seed":false,"campfire_upgraded":3,"win_rate":0.0,"timestamp":1533437250,"path_taken":["M","M","?","?","M","R","M","R","T","M","$","R","$","E","R","BOSS","M","?","M","M"],"build_version":"2018-08-02","purchased_purges":1,"victory":false,"max_hp_per_floor":[80,80,80,80,80,80,80,80,80,80,80,80,80,80,80,80,80,80,80,80,80],"card_choices":[{"not_picked":["Dual Wield","Rampage"],"picked":"Armaments","floor":1},{"not_picked":["Body Slam","Wild Strike"],"picked":"Thunderclap","floor":2},{"not_picked":["Clash","Wild Strike"],"picked":"Headbutt","floor":5},{"not_picked":["Combust","Clash"],"picked":"True Grit","floor":7},{"not_picked":["Corruption+1","Feel No Pain+1"],"picked":"Shrug It Off","floor":10},{"not_picked":["Wild Strike","Disarm"],"picked":"Pommel Strike","floor":14},{"not_picked":["Barricade+1","Double Tap"],"picked":"Demon Form+1","floor":16},{"not_picked":["Burning Pact","Clash","Rupture+1"],"picked":"SKIP","floor":18},{"not_picked":["Burning Pact+1","Warcry"],"picked":"Uppercut","floor":20}],"player_experience":116841,"relics_obtained":[{"floor":9,"key":"Frozen Egg 2"},{"floor":14,"key":"Magic Flower"}],"event_choices":[{"event_name":"Golden Idol","player_choice":"Take Damage","floor":3,"damage_taken":0},{"event_name":"Golden Wing","player_choice":"Card Removal","floor":4,"damage_taken":0},{"event_name":"Ghosts","player_choice":"Ignored","floor":19,"damage_taken":0}],"is_beta":false,"boss_relics":[{"not_picked":["Runic Cube","Snecko Eye"],"picked":"Runic Pyramid"}],"items_purged_floors":[11],"is_endless":false,"potions_floor_spawned":[1,5,7,14,18],"killed_by":"Chosen and Byrds","ascension_level":0}