{"gold_per_floor":[110,185,185,24,39,69,69,69,121,21,37,2,2,37,37,139,139,150,150,163,163,18,51,51,51,51,51,61,71,71,88,88,88],"floor_reached":33,"playtime":1555,"items_purged":["Defend_G","Strike_G"],"score":271,"play_id":"e097ea48-d947-4fbf-89ee-f32af57bafad","local_time":"20180722120245","is_ascension_mode":false,"campfire_choices":[{"data":"Poisoned Stab","floor":7.0,"key":"SMITH"},{"data":"Poisoned Stab","floor":13.0,"key":"SMITH"},{"floor":15.0,"key":"REST"},{"floor":24.0,"key":"REST"},{"data":"Bane","floor":27.0,"key":"SMITH"},{"floor":32.0,"key":"REST"}],"neow_cost":"CURSE","seed_source_timestamp":0,"circlet_count":0,"master_deck":["Defend_G","Defend_G","Defend_G","Strike_G+1","Strike_G","Strike_G","Survivor","Neutralize","Decay","Slice+1","Poisoned Stab+1","Leg Sweep","Poisoned Stab+1","Blur","Crippling Poison","Quick Slash","Grand Finale","Deflect+1","Bane+1","Poisoned Stab+1","Catalyst"],"special_seed":0,"relics":["Ring of the Snake","Unceasing Top","Lantern","Blood Vial","Whetstone","Snecko Eye","Nilry\u0027s Codex","Anchor","Ornamental Fan","Tough Bandages","Kunai"],"potions_floor_usage":[33,33],"damage_taken":[{"damage":0.0,"enemies":"2 Louse","floor":1.0,"turns":3.0},{"damage":2.0,"enemies":"Cultist","floor":5.0,"turns":4.0},{"damage":21.0,"enemies":"Gremlin Nob","floor":6.0,"turns":5.0},{"damage":0.0,"enemies":"Jaw Worm","floor":11.0,"turns":3.0},{"damage":7.0,"enemies":"3 Sentries","floor":14.0,"turns":9.0},{"damage":60.0,"enemies":"The Guardian","floor":16.0,"turns":12.0},{"damage":0.0,"enemies":"3 Byrds","floor":18.0,"turns":4.0},{"damage":10.0,"enemies":"Shell Parasite","floor":20.0,"turns":6.0},{"damage":23.0,"enemies":"Book of Stabbing","floor":23.0,"turns":6.0},{"damage":32.0,"enemies":"Snecko","floor":28.0,"turns":6.0},{"damage":9.0,"enemies":"Sentry and Sphere","floor":29.0,"turns":5.0},{"damage":11.0,"enemies":"Centurion and Healer","floor":31.0,"turns":4.0},{"damage":44,"enemies":"Automaton","floor":33,"turns":6}],"seed_played":"7913608028831364467","potions_obtained":[{"floor":6.0,"key":"GhostInAJar"},{"floor":28.0,"key":"Weak Potion"},{"floor":29.0,"key":"Explosive Potion"}],"is_trial":false,"path_per_floor":["M","?","?","$","M","E","R","?","T","$","M","?","R","E","R","B",null,"M","?","M","?","$","E","R","$","T","R","M","M","T","M","R"],"character_chosen":"THE_SILENT","items_purchased":["Poisoned Stab","Leg Sweep","Anchor"],"campfire_rested":3,"item_purchase_floors":[4,4,22],"current_hp_per_floor":[84,73,73,73,71,50,50,50,50,50,52,73,73,68,84,24,84,84,84,74,58,58,37,62,62,62,62,32,25,25,16,41,0],"gold":88,"neow_bonus":"TWENTY_PERCENT_HP_BONUS","is_prod":false,"is_daily":false,"chose_seed":false,"campfire_upgraded":3,"win_rate":0.0,"timestamp":1532278965,"path_taken":["M","?","?","$","M","E","R","?","T","$","M","?","R","E","R","BOSS","M","?","?","?","$","E","R","$","T","R","M","M","?","M","R","BOSS"],"build_version":"2018-07-19v2","purchased_purges":2,"victory":false,"max_hp_per_floor":[84,84,84,84,84,84,84,84,84,84,84,84,84,84,84,84,84,84,84,84,84,84,84,84,84,84,84,84,84,84,84,84,84],"card_choices":[{"not_picked":["Masterful Stab","Escape Plan"],"picked":"Slice","floor":1.0},{"not_picked":["Cloak And Dagger","Sucker Punch"],"picked":"Poisoned Stab","floor":5.0},{"not_picked":["Sucker Punch","Masterful Stab"],"picked":"Blur","floor":6.0},{"not_picked":["Slice","PiercingWail"],"picked":"Crippling Poison","floor":11.0},{"not_picked":["Bullet Time","Prepared"],"picked":"Quick Slash","floor":14.0},{"not_picked":["A Thousand Cuts","Unload"],"picked":"Grand Finale","floor":16.0},{"not_picked":["PiercingWail","Distraction+1"],"picked":"Deflect+1","floor":18.0},{"not_picked":["Quick Slash","Dash"],"picked":"Bane","floor":20.0},{"not_picked":["Dodge and Roll","Footwork+1","Tactician"],"picked":"SKIP","floor":23.0},{"not_picked":["Slice","Unload"],"picked":"Poisoned Stab+1","floor":28.0},{"not_picked":["Noxious Fumes","Caltrops+1"],"picked":"Catalyst","floor":29.0},{"not_picked":["Quick Slash","Dodge and Roll","Poisoned Stab"],"picked":"SKIP","floor":31.0}],"player_experience":59663,"relics_obtained":[{"floor":6.0,"key":"Lantern"},{"floor":9.0,"key":"Blood Vial"},{"floor":14.0,"key":"Whetstone"},{"floor":21.0,"key":"Nilry\u0027s Codex"},{"floor":23.0,"key":"Ornamental Fan"},{"floor":26.0,"key":"Tough Bandages"},{"floor":30.0,"key":"Kunai"}],"event_choices":[{"event_name":"World of Goop","player_choice":"Gather Gold","floor":2.0,"damage_taken":0.0},{"event_name":"Accursed Blacksmith","player_choice":"Rummage","floor":3.0,"damage_taken":0.0},{"event_name":"Living Wall","player_choice":"Forget","floor":8.0,"damage_taken":0.0},{"event_name":"The Cleric","player_choice":"Healed","floor":12.0,"damage_taken":0.0},{"event_name":"Back to Basics","player_choice":"Elegance","floor":19.0,"damage_taken":0.0},{"event_name":"Cursed Tome","player_choice":"Obtained Book","floor":21.0,"damage_taken":0.0}],"is_beta":false,"boss_relics":[{"not_picked":["Ring of the Serpent","Philosopher\u0027s Stone"],"picked":"Snecko Eye"}],"items_purged_floors":[4,10],"is_endless":false,"potions_floor_spawned":[6,28,29],"killed_by":"Automaton","ascension_level":0}