{"gold_per_floor":[215,21,21,45,45,85,85,10,10,24,24,49,69,21,21,146,209,233,233,233,233,245,69,69,101,101,71,71,71,83,83,83,83],"floor_reached":33,"playtime":1293,"items_purged":["Defend_G","Strike_G"],"score":286,"play_id":"420201c8-89f9-444a-ad11-79b306e557b9","local_time":"20180727121933","is_ascension_mode":false,"campfire_choices":[{"floor":11,"key":"REST"},{"floor":15,"key":"REST"},{"data":"Noxious Fumes","floor":24,"key":"SMITH"},{"floor":29,"key":"REST"},{"floor":32,"key":"REST"}],"neow_cost":"NONE","seed_source_timestamp":0,"circlet_count":0,"master_deck":["Defend_G","Defend_G","Defend_G","Defend_G","Strike_G","Strike_G","Survivor","Neutralize","Deflect+1","Noxious Fumes","Slice","Bouncing Flask","Backflip","Poisoned Stab","Corpse Explosion","Bane","Poisoned Stab","Poisoned Stab+1","Noxious Fumes+1","Slice+1","Poisoned Stab+1"],"special_seed":0,"relics":["Ring of the Snake","TheAbacus","Bloody Idol","Tingsha","Potion Belt","Tiny House","Dream Catcher","Molten Egg 2"],"potions_floor_usage":[16,16,25,25,30,33,33,33],"damage_taken":[{"damage":0.0,"enemies":"Small Slimes","floor":1.0,"turns":4.0},{"damage":0.0,"enemies":"2 Louse","floor":4.0,"turns":4.0},{"damage":62.0,"enemies":"Gremlin Nob","floor":6.0,"turns":7.0},{"damage":0.0,"enemies":"Cultist","floor":10.0,"turns":4.0},{"damage":0,"enemies":"Blue Slaver","floor":12,"turns":4},{"damage":6,"enemies":"Exordium Wildlife","floor":13,"turns":5},{"damage":19,"enemies":"Hexaghost","floor":16,"turns":9},{"damage":17,"enemies":"3 Byrds","floor":18,"turns":3},{"damage":1,"enemies":"Shell Parasite","floor":22,"turns":5},{"damage":33,"enemies":"Slavers","floor":25,"turns":4},{"damage":6,"enemies":"Centurion and Healer","floor":30,"turns":4},{"damage":87,"enemies":"Automaton","floor":33,"turns":8}],"seed_played":"-5015764599809532908","potions_obtained":[{"floor":1.0,"key":"Ancient Potion"},{"floor":10,"key":"Block Potion"},{"floor":13,"key":"SmokeBomb"},{"floor":16,"key":"SpeedPotion"},{"floor":17,"key":"Strength Potion"},{"floor":18,"key":"Dexterity Potion"},{"floor":22,"key":"Fire Potion"},{"floor":27,"key":"Swift Potion"},{"floor":27,"key":"FearPotion"}],"is_trial":false,"path_per_floor":["M","$","?","M","?","E","?","$","T","M","R","M","M","$","R","B",null,"M","?","?","?","M","$","R","E","T","?","$","R","M","$","R"],"character_chosen":"THE_SILENT","items_purchased":["TheAbacus","Poisoned Stab","Noxious Fumes"],"campfire_rested":4,"item_purchase_floors":[2,14,23],"current_hp_per_floor":[70,70,70,70,63,1,1,1,1,1,22,22,16,16,37,18,75,58,58,58,58,62,62,62,34,34,34,34,56,55,55,75,0],"gold":83,"neow_bonus":"HUNDRED_GOLD","is_prod":false,"is_daily":false,"chose_seed":false,"campfire_upgraded":1,"win_rate":0.0,"timestamp":1532711973,"path_taken":["M","$","?","?","?","E","?","?","T","M","R","M","M","$","R","BOSS","M","?","?","?","?","$","R","E","T","?","$","R","M","$","R","BOSS"],"build_version":"2018-07-26","purchased_purges":2,"victory":false,"max_hp_per_floor":[70,70,70,70,70,70,70,70,70,70,70,70,70,70,70,70,75,75,75,75,75,75,75,75,75,75,75,75,75,75,75,75,75],"card_choices":[{"not_picked":["Leg Sweep","Sucker Punch"],"picked":"Deflect","floor":1.0},{"not_picked":["Outmaneuver","Catalyst"],"picked":"Noxious Fumes","floor":4.0},{"not_picked":["Wraith Form v2","PiercingWail"],"picked":"Slice","floor":6.0},{"not_picked":["Deadly Poison","Bane"],"picked":"Bouncing Flask","floor":10},{"not_picked":["Expertise","Eviscerate"],"picked":"Backflip","floor":12},{"not_picked":["Concentrate","Predator","Dodge and Roll"],"picked":"SKIP","floor":13},{"not_picked":["Die Die Die","Grand Finale"],"picked":"Corpse Explosion","floor":16},{"not_picked":["Backflip","Sucker Punch"],"picked":"Bane","floor":17},{"not_picked":["Underhanded Strike","Deadly Poison"],"picked":"Poisoned Stab","floor":18},{"not_picked":["Masterful Stab","Underhanded Strike"],"picked":"Poisoned Stab+1","floor":22},{"not_picked":["Expertise","Blade Dance","Predator+1"],"picked":"SKIP","floor":25},{"not_picked":["Poisoned Stab+1","Dagger Throw+1"],"picked":"Slice+1","floor":30},{"not_picked":["Backflip","Wraith Form v2"],"picked":"Poisoned Stab+1","floor":32}],"player_experience":77557,"relics_obtained":[{"floor":6.0,"key":"Tingsha"},{"floor":9.0,"key":"Potion Belt"},{"floor":25,"key":"Dream Catcher"},{"floor":26,"key":"Molten Egg 2"}],"event_choices":[{"event_name":"Golden Idol","player_choice":"Take Wound","floor":3.0,"damage_taken":0.0},{"event_name":"Golden Wing","player_choice":"Card Removal","floor":5.0,"damage_taken":0.0},{"event_name":"Fountain of Cleansing","player_choice":"Removed Curse","floor":7.0,"damage_taken":0.0},{"event_name":"Back to Basics","player_choice":"Elegance","floor":19,"damage_taken":0},{"event_name":"Forgotten Altar","player_choice":"Gave Idol","floor":20,"damage_taken":0},{"event_name":"Vampires","player_choice":"Ignored","floor":21,"damage_taken":0},{"event_name":"The Woman in Blue","player_choice":"Bought 2 Potions","floor":27,"damage_taken":0}],"is_beta":false,"boss_relics":[{"not_picked":["Fusion Hammer","Snecko Eye"],"picked":"Tiny House"}],"items_purged_floors":[8,23],"is_endless":false,"potions_floor_spawned":[1,10,13,16,18,22],"killed_by":"Automaton","ascension_level":0}