{"gold_per_floor":[116,116,128,128,142,142,67,96,96,107,121,121,131,31,31,31],"floor_reached":16,"playtime":778,"items_purged":["Defend_R","Strike_R"],"score":127,"play_id":"adfc08c9-c339-4c51-bb1d-c039788f96d6","local_time":"20180722021030","is_ascension_mode":false,"campfire_choices":[{"floor":6,"key":"REST"},{"floor":12,"key":"REST"},{"data":"Twin Strike","floor":15,"key":"SMITH"}],"neow_cost":"FIFTY_PERCENT_DAMAGE","seed_source_timestamp":113538609192082,"circlet_count":0,"master_deck":["Strike_R","Strike_R","Strike_R","Defend_R","Defend_R","Defend_R","Bash","Headbutt","Shrug It Off","Body Slam","Twin Strike+1","Iron Wave","Heavy Blade"],"relics":["Burning Blood","Dodecahedron","Kunai"],"potions_floor_usage":[8,10,16],"damage_taken":[{"damage":6,"enemies":"Jaw Worm","floor":1,"turns":3},{"damage":0,"enemies":"Small Slimes","floor":3,"turns":5},{"damage":0,"enemies":"Cultist","floor":5,"turns":4},{"damage":44,"enemies":"Lagavulin","floor":8,"turns":9},{"damage":3,"enemies":"Red Slaver","floor":10,"turns":3},{"damage":17,"enemies":"Exordium Wildlife","floor":11,"turns":5},{"damage":14,"enemies":"Gremlin Gang","floor":13,"turns":6},{"damage":73,"enemies":"Slime Boss","floor":16,"turns":12}],"seed_played":"4860522064262095712","potions_obtained":[{"floor":3,"key":"LiquidBronze"},{"floor":5,"key":"Energy Potion"},{"floor":8,"key":"SkillPotion"},{"floor":10,"key":"AttackPotion"}],"is_trial":false,"path_per_floor":["M","?","M","?","M","R","$","E","T","M","M","R","M","$","R"],"character_chosen":"IRONCLAD","items_purchased":[],"campfire_rested":2,"item_purchase_floors":[],"current_hp_per_floor":[48,53,59,59,65,95,95,57,57,60,49,79,71,71,71,0],"gold":31,"neow_bonus":"TWENTY_PERCENT_HP_BONUS","is_prod":false,"is_daily":false,"chose_seed":false,"campfire_upgraded":1,"win_rate":0.0,"timestamp":1532243430,"path_taken":["M","?","M","?","?","R","$","E","T","M","M","R","?","$","R","BOSS"],"build_version":"2018-07-19v2","purchased_purges":2,"victory":false,"max_hp_per_floor":[96,101,101,101,101,101,101,101,101,101,101,101,101,101,101,101],"card_choices":[{"not_picked":["Clothesline","Body Slam"],"picked":"Headbutt","floor":1},{"not_picked":["Thunderclap","Clash"],"picked":"Shrug It Off","floor":3},{"not_picked":["Clash","Dual Wield"],"picked":"Body Slam","floor":5},{"not_picked":["Flame Barrier","Rage"],"picked":"Twin Strike","floor":8},{"not_picked":["Body Slam","Bloodletting","Flame Barrier"],"picked":"SKIP","floor":10},{"not_picked":["Whirlwind","Sword Boomerang"],"picked":"Iron Wave","floor":11},{"not_picked":["Shrug It Off","Clothesline"],"picked":"Heavy Blade","floor":13}],"player_experience":57763,"relics_obtained":[{"floor":8,"key":"Dodecahedron"},{"floor":9,"key":"Kunai"}],"event_choices":[{"event_name":"Big Fish","player_choice":"Donut","floor":2,"damage_taken":0},{"event_name":"Purifier","player_choice":"One Purge","floor":4,"damage_taken":0}],"is_beta":false,"boss_relics":[],"items_purged_floors":[7,14],"is_endless":false,"potions_floor_spawned":[3,5,8,10],"killed_by":"Slime Boss","ascension_level":0}