{"gold_per_floor":[117,136,136,136,136,136,101,101,127,144,169,94,94,129,129,228,228,246,246,161,181,181],"floor_reached":22,"playtime":718,"items_purged":["Defend_G"],"score":219,"play_id":"c6d810b2-a712-49a0-8eaf-f783b5e8da44","local_time":"20190612202458","is_ascension_mode":true,"campfire_choices":[{"floor":6,"key":"REST"},{"data":"Bouncing Flask","floor":8,"key":"SMITH"},{"floor":15,"key":"REST"}],"neow_cost":"NONE","seed_source_timestamp":17400948382196,"circlet_count":0,"master_deck":["Defend_G","Defend_G","Defend_G","Defend_G+1","Strike_G","Strike_G","Strike_G","Strike_G","Survivor","Neutralize","Backflip+1","Bouncing Flask+1","Bouncing Flask","Envenom","Doubt","Parasite","Writhe","Bane","Terror+1"],"relics":["Ring of the Snake","PreservedInsect","Blood Vial","Centennial Puzzle","Mercury Hourglass","Nunchaku","Calling Bell","Bronze Scales","Gremlin Horn","Prayer Wheel","Molten Egg 2"],"potions_floor_usage":[11,16,22],"damage_taken":[{"damage":8,"enemies":"Small Slimes","floor":1,"turns":5},{"damage":1,"enemies":"Jaw Worm","floor":2,"turns":5},{"damage":6,"enemies":"2 Louse","floor":10,"turns":3},{"damage":32,"enemies":"3 Sentries","floor":11,"turns":5},{"damage":12,"enemies":"Gremlin Nob","floor":14,"turns":3},{"damage":18,"enemies":"Slime Boss","floor":16,"turns":9},{"damage":42,"enemies":"2 Thieves","floor":18,"turns":4},{"damage":7,"enemies":"Chosen","floor":21,"turns":3},{"damage":15,"enemies":"Centurion and Healer","floor":22,"turns":4}],"seed_played":"7505892122598142153","potions_obtained":[{"floor":10,"key":"Explosive Potion"},{"floor":11,"key":"GhostInAJar"},{"floor":14,"key":"SteroidPotion"},{"floor":18,"key":"Ancient Potion"}],"is_trial":false,"path_per_floor":["M","M","?","?","?","R","?","R","T","M","E","$","?","E","R","B",null,"M","?","?","M","M"],"character_chosen":"THE_SILENT","items_purchased":[],"campfire_rested":2,"item_purchase_floors":[],"current_hp_per_floor":[62,61,54,42,28,49,66,66,66,62,32,32,32,22,43,27,70,28,28,28,23,10],"gold":181,"neow_bonus":"RANDOM_COMMON_RELIC","is_prod":false,"is_daily":false,"chose_seed":false,"campfire_upgraded":1,"win_rate":0,"timestamp":1560389098,"path_taken":["M","M","?","?","?","R","?","R","T","M","E","$","?","E","R","BOSS","M","?","?","M","M"],"build_version":"2019-01-23","purchased_purges":1,"victory":false,"max_hp_per_floor":[70,70,70,70,70,70,70,70,70,70,70,70,70,70,70,70,70,70,70,70,70,70],"card_choices":[{"not_picked":["Masterful Stab","Prepared"],"picked":"Backflip","floor":1},{"not_picked":["Calculated Gamble","Sucker Punch"],"picked":"Bouncing Flask","floor":2},{"not_picked":["Flechettes","Dodge and Roll","Tactician"],"picked":"SKIP","floor":10},{"not_picked":["PiercingWail","Sucker Punch"],"picked":"Bouncing Flask","floor":11},{"not_picked":["Dodge and Roll","Night Terror","Heel Hook"],"picked":"SKIP","floor":14},{"not_picked":["Wraith Form v2","Unload"],"picked":"Envenom","floor":16},{"not_picked":["Caltrops","Accuracy"],"picked":"Bane","floor":18},{"not_picked":["Blade Dance","PiercingWail+1","Prepared"],"picked":"SKIP","floor":18},{"not_picked":["Dodge and Roll+1","Predator+1"],"picked":"Terror+1","floor":21},{"not_picked":["Acrobatics","PiercingWail","Leg Sweep"],"picked":"SKIP","floor":21}],"player_experience":158914,"relics_obtained":[{"floor":9,"key":"Centennial Puzzle"},{"floor":11,"key":"Mercury Hourglass"},{"floor":14,"key":"Nunchaku"},{"floor":17,"key":"Bronze Scales"},{"floor":17,"key":"Gremlin Horn"},{"floor":17,"key":"Prayer Wheel"}],"event_choices":[{"cards_removed":["Strike_G"],"damage_healed":0,"gold_gain":0,"player_choice":"Card Removal","damage_taken":7,"max_hp_gain":0,"max_hp_loss":0,"event_name":"Golden Wing","floor":3,"gold_loss":0},{"damage_healed":0,"gold_gain":0,"player_choice":"Success","damage_taken":12,"relics_obtained":["Blood Vial"],"max_hp_gain":0,"max_hp_loss":0,"event_name":"Scrap Ooze","floor":4,"gold_loss":0},{"damage_healed":0,"gold_gain":0,"player_choice":"Entered Light","damage_taken":14,"max_hp_gain":0,"max_hp_loss":0,"event_name":"Shining Light","floor":5,"gold_loss":0,"cards_upgraded":["Defend_G","Backflip"]},{"damage_healed":17,"gold_gain":0,"player_choice":"Healed","damage_taken":0,"max_hp_gain":0,"max_hp_loss":0,"event_name":"The Cleric","floor":7,"gold_loss":35},{"damage_healed":0,"gold_gain":0,"player_choice":"Searched \u00271\u0027 times","damage_taken":0,"max_hp_gain":0,"max_hp_loss":0,"event_name":"Dead Adventurer","floor":13,"gold_loss":0},{"damage_healed":0,"gold_gain":0,"player_choice":"Ignored","damage_taken":0,"max_hp_gain":0,"max_hp_loss":0,"event_name":"Cursed Tome","floor":19,"gold_loss":0},{"damage_healed":0,"gold_gain":0,"player_choice":"Obtained Relic","damage_taken":0,"relics_obtained":["Molten Egg 2"],"max_hp_gain":0,"max_hp_loss":0,"event_name":"Addict","floor":20,"gold_loss":85}],"is_beta":false,"boss_relics":[{"not_picked":["Coffee Dripper","Black Star"],"picked":"Calling Bell"}],"items_purged_floors":[12],"is_endless":false,"potions_floor_spawned":[10,11,14,18],"killed_by":"Centurion and Healer","ascension_level":3}