{"gold_per_floor":[114,114,74,74,29,29,62,62,62,72,8,8,66,66,66,140,140,151,161,180,197,197,197,226,226,253,253,271,306,318,350,362,451,463,490,518,530,562,585,597,644,672,684,696,708,720,743,95,95,95],"floor_reached":51,"playtime":2160,"items_purged":["Strike_B"],"score":1411,"play_id":"b3551dd4-25bb-435d-b7ed-e59e0298582c","local_time":"20190619022948","is_ascension_mode":true,"campfire_choices":[{"data":"Glacier","floor":6.0,"key":"SMITH"},{"data":"Genetic Algorithm","floor":8.0,"key":"SMITH"},{"data":"Barrage","floor":12.0,"key":"SMITH"},{"floor":15,"key":"REST"},{"floor":23,"key":"REST"},{"floor":25,"key":"REST"},{"floor":27,"key":"REST"},{"floor":30,"key":"REST"},{"floor":32,"key":"REST"},{"floor":40,"key":"REST"},{"floor":44,"key":"REST"},{"floor":46,"key":"REST"},{"floor":49,"key":"REST"}],"neow_cost":"NONE","seed_source_timestamp":512352365652768,"circlet_count":0,"master_deck":["AscendersBane","Strike_B","Strike_B","Zap","Dualcast","Cold Snap","Glacier+1","Genetic Algorithm+1","Cold Snap","Barrage+1","All For One","Cold Snap","Gash","Seek","Gash","Glacier","Sunder","Beam Cell","Barrage","Echo Form","Turbo+1","Go for the Eyes+1","Conserve Battery+1","Beam Cell","Go for the Eyes","Machine Learning","Coolheaded"],"special_seed":0,"relics":["Cracked Core","NeowsBlessing","Bag of Preparation","Mercury Hourglass","Darkstone Periapt","Tiny Chest","Fusion Hammer","FossilizedHelix","Bronze Scales","MawBank","Astrolabe","Boot","Ancient Tea Set","HandDrill","Pen Nib"],"potions_floor_usage":[24,29,31,33,47,50,50,50,50],"damage_taken":[{"damage":0.0,"enemies":"Small Slimes","floor":1.0,"turns":1.0},{"damage":0.0,"enemies":"Lagavulin","floor":7.0,"turns":1.0},{"damage":0.0,"enemies":"2 Louse","floor":10.0,"turns":1.0},{"damage":30.0,"enemies":"Gremlin Nob","floor":13.0,"turns":4.0},{"damage":17,"enemies":"The Guardian","floor":16,"turns":15},{"damage":0,"enemies":"Chosen","floor":18,"turns":5},{"damage":14,"enemies":"2 Thieves","floor":19,"turns":4},{"damage":15,"enemies":"Chosen and Byrds","floor":20,"turns":7},{"damage":14,"enemies":"3 Cultists","floor":21,"turns":6},{"damage":36,"enemies":"Book of Stabbing","floor":24,"turns":6},{"damage":0,"enemies":"Snecko","floor":28,"turns":5},{"damage":11,"enemies":"Gremlin Leader","floor":29,"turns":5},{"damage":0,"enemies":"Centurion and Healer","floor":31,"turns":8},{"damage":61,"enemies":"Collector","floor":33,"turns":12},{"damage":13,"enemies":"3 Darklings","floor":35,"turns":7},{"damage":0,"enemies":"3 Shapes","floor":36,"turns":4},{"damage":0,"enemies":"Maw","floor":38,"turns":8},{"damage":0,"enemies":"Transient","floor":39,"turns":6},{"damage":44,"enemies":"Giant Head","floor":41,"turns":7},{"damage":3,"enemies":"4 Shapes","floor":42,"turns":5},{"damage":9,"enemies":"Sphere and 2 Shapes","floor":47,"turns":6},{"damage":25,"enemies":"Donu and Deca","floor":50,"turns":9}],"seed_played":"-2210755644091763460","potions_obtained":[{"floor":13,"key":"EssenceOfSteel"},{"floor":16,"key":"Dexterity Potion"},{"floor":24,"key":"SteroidPotion"},{"floor":29,"key":"Energy Potion"},{"floor":31,"key":"Dexterity Potion"},{"floor":35,"key":"Fire Potion"},{"floor":47,"key":"Swift Potion"}],"is_trial":false,"path_per_floor":["M","?","$","?","$","R","E","R","T","M","?","R","E","$","R","B",null,"M","M","M","M","?","R","E","R","T","R","M","E","R","M","R","B",null,"M","M","?","M","M","R","E","M","T","R","?","R","M","$","R","B",null],"character_chosen":"DEFECT","items_purchased":["Glacier","Genetic Algorithm","HandDrill","FocusPotion","Pen Nib","EntropicBrew"],"campfire_rested":10,"item_purchase_floors":[3,5,48,48,48,48],"current_hp_per_floor":[64,64,64,64,64,64,64,64,64,64,64,64,34,34,55,38,63,63,49,34,20,20,41,5,26,26,47,47,36,57,57,71,10,56,43,43,43,43,43,64,20,17,17,38,38,59,50,50,71,46],"gold":95,"neow_bonus":"THREE_ENEMY_KILL","is_prod":false,"is_daily":false,"chose_seed":false,"campfire_upgraded":3,"win_rate":0,"timestamp":1560882588,"path_taken":["M","?","$","?","?","R","E","R","T","?","?","R","E","$","R","BOSS","M","?","?","M","?","R","E","R","T","R","M","E","R","M","R","BOSS","M","M","?","?","M","R","E","M","T","R","?","R","M","$","R","BOSS"],"build_version":"2019-01-23","purchased_purges":1,"victory":true,"max_hp_per_floor":[71,71,71,71,71,71,71,71,71,71,71,71,71,71,71,71,71,71,71,71,71,71,71,71,71,71,71,71,71,71,71,71,71,71,71,71,71,71,71,71,71,71,71,71,71,71,71,71,71,71],"card_choices":[{"not_picked":["Sweeping Beam","Steam"],"picked":"Cold Snap","floor":1.0},{"not_picked":["Static Discharge","Barrage"],"picked":"Cold Snap","floor":7.0},{"not_picked":["Stack","Storm"],"picked":"Barrage","floor":10.0},{"not_picked":["Beam Cell","Darkness","Barrage"],"picked":"SKIP","floor":13},{"not_picked":["Buffer","Machine Learning"],"picked":"All For One","floor":16},{"not_picked":["Barrage","Skim"],"picked":"Cold Snap","floor":18},{"not_picked":["Leap","Streamline"],"picked":"Gash","floor":19},{"not_picked":["Scrape","Leap"],"picked":"Seek","floor":20},{"not_picked":["Rebound","Recycle"],"picked":"Gash","floor":21},{"not_picked":["Sweeping Beam","Auto Shields"],"picked":"Glacier","floor":24},{"not_picked":["Force Field","Beam Cell"],"picked":"Sunder","floor":28},{"not_picked":["Meteor Strike","Darkness+1"],"picked":"Beam Cell","floor":29},{"not_picked":["Sweeping Beam","Aggregate"],"picked":"Barrage","floor":31},{"not_picked":["Core Surge","Biased Cognition"],"picked":"Echo Form","floor":33},{"not_picked":["Conserve Battery","Steam","Force Field"],"picked":"SKIP","floor":35},{"not_picked":["Steam Power","Steam+1","Force Field"],"picked":"SKIP","floor":36},{"not_picked":["Scrape","Compile Driver+1","Rebound"],"picked":"SKIP","floor":38},{"not_picked":["Redo","Leap"],"picked":"Beam Cell","floor":39},{"not_picked":["Sweeping Beam","Auto Shields"],"picked":"Go for the Eyes","floor":41},{"not_picked":["Turbo","Steam"],"picked":"Machine Learning","floor":42},{"not_picked":["Heatsinks","Rebound+1"],"picked":"Coolheaded","floor":47}],"player_experience":714961,"relics_obtained":[{"floor":7.0,"key":"Bag of Preparation"},{"floor":9.0,"key":"Mercury Hourglass"},{"floor":13,"key":"Tiny Chest"},{"floor":24,"key":"FossilizedHelix"},{"floor":26,"key":"Bronze Scales"},{"floor":29,"key":"MawBank"},{"floor":41,"key":"Boot"},{"floor":43,"key":"Ancient Tea Set"}],"event_choices":[{"cards_removed":["Defend_B"],"damage_healed":0.0,"max_hp_gain":0.0,"max_hp_loss":0.0,"gold_gain":0.0,"event_name":"Living Wall","player_choice":"Forget","floor":2.0,"gold_loss":0.0,"damage_taken":0.0},{"damage_healed":0.0,"max_hp_gain":0.0,"max_hp_loss":0.0,"gold_gain":0.0,"event_name":"Liars Game","player_choice":"Ignored","floor":4.0,"gold_loss":0.0,"damage_taken":0.0},{"damage_healed":0.0,"max_hp_gain":0.0,"max_hp_loss":0.0,"gold_gain":0.0,"event_name":"WeMeetAgain","player_choice":"Paid Gold","floor":11.0,"gold_loss":64.0,"damage_taken":0.0,"relics_obtained":["Darkstone Periapt"]},{"damage_healed":0,"gold_gain":0,"player_choice":"Ignored","damage_taken":0,"max_hp_gain":0,"max_hp_loss":0,"event_name":"Vampires","floor":22,"gold_loss":0},{"cards_removed":["Defend_B"],"damage_healed":0,"gold_gain":0,"player_choice":"Offered Basic","damage_taken":0,"max_hp_gain":0,"max_hp_loss":0,"event_name":"Bonfire Elementals","floor":37,"gold_loss":0},{"damage_healed":0,"gold_gain":0,"player_choice":"Leave","damage_taken":0,"max_hp_gain":0,"max_hp_loss":0,"event_name":"FaceTrader","floor":45,"gold_loss":0}],"is_beta":false,"boss_relics":[{"not_picked":["Velvet Choker","Lizard Tail"],"picked":"Fusion Hammer"},{"not_picked":["FrozenCore","Runic Dome"],"picked":"Astrolabe"}],"items_purged_floors":[48],"is_endless":false,"potions_floor_spawned":[13,16,18,20,21,24,29,31,35,38,42,47],"ascension_level":19}