{"gold_per_floor":[144,144,144,189,39,39,84,174,174,264,264,309,399,467,467,767,767,812,55,55,100,50,50,95,95,95,120,120,165,255,300,300,600,600,645,60,60,105,105,195,240,330,405,450,450,1,1,91,91,91],"floor_reached":51,"playtime":2340,"items_purged":["Machine Learning","Biased Cognition"],"score":921,"play_id":"e919c1fc-40a6-4110-9d00-c1019980b801","local_time":"20180728092556","daily_mods":["Shiny","Midas","Elite Swarm"],"is_ascension_mode":false,"campfire_choices":[{"floor":6,"key":"REST"},{"floor":11,"key":"REST"},{"floor":15,"key":"REST"},{"floor":23,"key":"REST"},{"floor":25,"key":"REST"},{"floor":32,"key":"REST"},{"floor":47,"key":"REST"},{"floor":49,"key":"REST"}],"neow_cost":"","seed_source_timestamp":0,"circlet_count":0,"master_deck":["Hyperbeam","Thunder Strike","Electrodynamics","Buffer","Rainbow","Seek","Meteor Strike","Echo Form","All For One","Reboot","Amplify","Creative AI","Fission","Core Surge","Ball Lightning","Glacier","Cold Snap","Compile Driver","Machine Learning","Beam Cell","Go for the Eyes","Fission","Barrage","Turbo","Apotheosis+1","Static Discharge+1","Rebound","Reinforced Body+1","Reprogram+1","Static Discharge+1","Stack+1","Storm","Conserve Battery+1","Ball Lightning","Turbo+1","Defragment","Melter","Sweeping Beam+1","Meteor Strike"],"special_seed":17740,"relics":["Cracked Core","Lantern","Dream Catcher","Cables","Incense Burner","Gremlin Horn","Sundial","Runic Pyramid","TheAbacus","Regal Pillow","Vajra","StoneCalendar","Potion Belt","Anchor","Sozu","Ice Cream","Juzu Bracelet","Pantograph","Orichalcum","Darkstone Periapt","The Courier","HandDrill","Symbiotic Virus","Dead Branch"],"potions_floor_usage":[16,16,16,21,31],"damage_taken":[{"damage":7,"enemies":"Jaw Worm","floor":1,"turns":4},{"damage":3,"enemies":"2 Louse","floor":4,"turns":2},{"damage":0,"enemies":"Small Slimes","floor":7,"turns":3},{"damage":0,"enemies":"Gremlin Nob","floor":8,"turns":3},{"damage":0,"enemies":"Lagavulin","floor":10,"turns":5},{"damage":0,"enemies":"Exordium Wildlife","floor":12,"turns":2},{"damage":9,"enemies":"Gremlin Nob","floor":13,"turns":3},{"damage":56,"enemies":"Hexaghost","floor":16,"turns":6},{"damage":10,"enemies":"Chosen","floor":18,"turns":5},{"damage":0,"enemies":"Shell Parasite","floor":21,"turns":4},{"damage":29,"enemies":"Snake Plant","floor":24,"turns":5},{"damage":15,"enemies":"Snecko","floor":29,"turns":3},{"damage":21,"enemies":"Book of Stabbing","floor":30,"turns":5},{"damage":1,"enemies":"3 Cultists","floor":31,"turns":3},{"damage":8,"enemies":"Champ","floor":33,"turns":10},{"damage":12,"enemies":"Orb Walker","floor":35,"turns":3},{"damage":0,"enemies":"3 Shapes","floor":38,"turns":1},{"damage":1,"enemies":"Giant Head","floor":40,"turns":4},{"damage":18,"enemies":"Spire Growth","floor":41,"turns":4},{"damage":0,"enemies":"2 Orb Walkers","floor":42,"turns":3},{"damage":17,"enemies":"3 Darklings","floor":44,"turns":2},{"damage":0,"enemies":"Giant Head","floor":48,"turns":6},{"damage":16,"enemies":"Donu and Deca","floor":50,"turns":5}],"seed_played":"2203350338382633815","potions_obtained":[{"floor":7,"key":"FearPotion"},{"floor":8,"key":"PowerPotion"},{"floor":12,"key":"Energy Potion"},{"floor":18,"key":"Explosive Potion"},{"floor":21,"key":"Explosive Potion"}],"is_trial":false,"path_per_floor":["M","?","?","M","$","R","M","E","T","E","R","M","E","?","R","B",null,"M","$","?","M","?","R","M","R","T","T","?","M","E","M","R","B",null,"M","$","?","M","T","E","M","E","T","M","?","$","R","E","R","B"],"character_chosen":"DEFECT","items_purchased":["Dream Catcher","Apotheosis","TheAbacus","Regal Pillow","Vajra","Ice Cream","Juzu Bracelet","Storm","HandDrill","Symbiotic Virus","Defragment","Melter"],"campfire_rested":8,"item_purchase_floors":[5,19,19,19,19,36,36,36,46,46,46,46],"current_hp_per_floor":[68,56,56,53,53,75,75,75,75,75,75,75,66,66,75,19,75,65,65,65,65,65,75,46,75,75,75,75,60,39,38,75,67,75,63,63,63,63,63,62,44,44,44,27,27,27,64,64,75,59],"gold":91,"neow_bonus":"","is_prod":false,"is_daily":true,"chose_seed":false,"campfire_upgraded":0,"win_rate":0,"timestamp":1532787956,"path_taken":["M","?","?","?","$","R","M","E","T","E","R","M","E","?","R","BOSS","M","$","?","M","?","R","?","R","T","?","?","?","E","M","R","BOSS","M","$","?","M","?","E","M","E","T","M","?","?","R","E","R","BOSS"],"build_version":"2018-07-26","purchased_purges":2,"victory":true,"max_hp_per_floor":[75,75,75,75,75,75,75,75,75,75,75,75,75,75,75,75,75,75,75,75,75,75,75,75,75,75,75,75,75,75,75,75,75,75,75,75,75,75,75,75,75,75,75,75,75,75,75,75,75,75],"card_choices":[{"not_picked":["Barrage","Beam Cell"],"picked":"Ball Lightning","floor":1},{"not_picked":["Auto Shields","Ball Lightning"],"picked":"Glacier","floor":4},{"not_picked":["Gash","Fusion"],"picked":"Cold Snap","floor":6},{"not_picked":["Steam Power","Force Field"],"picked":"Compile Driver","floor":7},{"not_picked":["All For One","Core Surge","Thunder Strike"],"picked":"SKIP","floor":8},{"not_picked":["Amplify","Echo Form"],"picked":"Machine Learning","floor":10},{"not_picked":["Streamline","Auto Shields"],"picked":"Beam Cell","floor":11},{"not_picked":["Barrage","Doom and Gloom"],"picked":"Go for the Eyes","floor":12},{"not_picked":["Echo Form","Creative AI"],"picked":"Fission","floor":13},{"not_picked":["Compile Driver","Redo"],"picked":"Barrage","floor":15},{"not_picked":["Stack","Gash"],"picked":"Turbo","floor":18},{"not_picked":["Sweeping Beam+1","Barrage"],"picked":"Static Discharge+1","floor":21},{"not_picked":["Reinforced Body","Gash"],"picked":"Rebound","floor":23},{"not_picked":["Conserve Battery+1","Sweeping Beam"],"picked":"Reinforced Body+1","floor":24},{"not_picked":["Redo","Cold Snap","Turbo"],"picked":"SKIP","floor":29},{"not_picked":["Buffer","Machine Learning","Core Surge"],"picked":"SKIP","floor":30},{"not_picked":["Steam+1","Redo"],"picked":"Reprogram+1","floor":31},{"not_picked":["Leap","Cold Snap"],"picked":"Static Discharge+1","floor":32},{"not_picked":["Aggregate","Turbo"],"picked":"Stack+1","floor":35},{"not_picked":["Stack+1","Steam+1"],"picked":"Conserve Battery+1","floor":38},{"not_picked":["Creative AI","Echo Form","Core Surge"],"picked":"SKIP","floor":40},{"not_picked":["Go for the Eyes","Hologram+1"],"picked":"Ball Lightning","floor":41},{"not_picked":["Reboot","Biased Cognition","Multi-Cast"],"picked":"SKIP","floor":42},{"not_picked":["Sweeping Beam+1","Stack+1"],"picked":"Turbo+1","floor":44},{"not_picked":["Lockon","Chill"],"picked":"Sweeping Beam+1","floor":47},{"not_picked":["Machine Learning","Multi-Cast"],"picked":"Meteor Strike","floor":48}],"player_experience":80736,"relics_obtained":[{"floor":8,"key":"Cables"},{"floor":9,"key":"Incense Burner"},{"floor":10,"key":"Gremlin Horn"},{"floor":13,"key":"Sundial"},{"floor":26,"key":"StoneCalendar"},{"floor":27,"key":"Potion Belt"},{"floor":30,"key":"Anchor"},{"floor":39,"key":"Pantograph"},{"floor":40,"key":"Orichalcum"},{"floor":42,"key":"Darkstone Periapt"},{"floor":43,"key":"The Courier"},{"floor":48,"key":"Dead Branch"}],"event_choices":[{"event_name":"Scrap Ooze","player_choice":"success","floor":2,"damage_taken":12},{"event_name":"Living Wall","player_choice":"Forget","floor":3,"damage_taken":0},{"event_name":"Golden Wing","player_choice":"Gained Gold","floor":14,"damage_taken":0},{"event_name":"Beggar","player_choice":"Ignored","floor":20,"damage_taken":0},{"event_name":"The Joust","player_choice":"Bet on Murderer","floor":22,"damage_taken":0},{"event_name":"Drug Dealer","player_choice":"Ignored","floor":28,"damage_taken":0},{"event_name":"Upgrade Shrine","player_choice":"Upgraded","floor":37,"damage_taken":0},{"event_name":"Mysterious Sphere","player_choice":"Ignore","floor":45,"damage_taken":0}],"is_beta":false,"boss_relics":[{"not_picked":["Runic Dome","Empty Cage"],"picked":"Runic Pyramid"},{"not_picked":["Orrery","Tiny House"],"picked":"Sozu"}],"items_purged_floors":[19,36],"is_endless":false,"potions_floor_spawned":[7,8,12,13,18,21,35,40,44,48],"ascension_level":0}