{"gold_per_floor":[116,136,211,224,239,239,256,256,256,276,276,276,296,67,67,67],"floor_reached":16,"playtime":571,"items_purged":["Strike_G"],"score":108,"play_id":"6f407396-e29c-4198-b4d7-e30242cb1a14","local_time":"20180814191632","is_ascension_mode":true,"campfire_choices":[{"floor":6,"key":"REST"},{"data":"After Image","floor":8,"key":"SMITH"},{"data":"Backflip","floor":12,"key":"SMITH"},{"data":"Poisoned Stab","floor":15,"key":"SMITH"}],"neow_cost":"","seed_source_timestamp":2162489176449221,"circlet_count":0,"master_deck":["Defend_G","Defend_G","Defend_G","Defend_G","Defend_G","Strike_G","Strike_G","Strike_G","Strike_G","Survivor","Neutralize","Backflip+1","Poisoned Stab+1","After Image+1","Parasite"],"relics":["Ring of the Snake","Bag of Preparation","Anchor"],"potions_floor_usage":[5,7,16,16],"damage_taken":[{"damage":0,"enemies":"Cultist","floor":1,"turns":4},{"damage":4,"enemies":"Small Slimes","floor":2,"turns":5},{"damage":5,"enemies":"2 Louse","floor":4,"turns":3},{"damage":14,"enemies":"Large Slime","floor":5,"turns":9},{"damage":12,"enemies":"Gremlin Gang","floor":7,"turns":6},{"damage":3,"enemies":"Blue Slaver","floor":10,"turns":5},{"damage":2,"enemies":"2 Fungi Beasts","floor":13,"turns":5},{"damage":61,"enemies":"Slime Boss","floor":16,"turns":12}],"seed_played":"-1117835919446240487","potions_obtained":[{"floor":1,"key":"SkillPotion"},{"floor":2,"key":"Energy Potion"},{"floor":10,"key":"Strength Potion"},{"floor":13,"key":"AttackPotion"}],"is_trial":false,"path_per_floor":["M","M","?","M","M","R","M","R","T","M","?","R","M","$","R"],"character_chosen":"THE_SILENT","items_purchased":["Anchor"],"campfire_rested":1,"item_purchase_floors":[14],"current_hp_per_floor":[70,66,55,50,36,57,45,45,45,42,59,59,57,57,57,0],"gold":67,"neow_bonus":"","is_prod":false,"is_daily":false,"chose_seed":false,"campfire_upgraded":3,"win_rate":0,"timestamp":1534292192,"path_taken":["M","?","?","M","M","R","M","R","T","M","?","R","M","?","R","BOSS"],"build_version":"2018-08-09","purchased_purges":1,"victory":false,"max_hp_per_floor":[70,70,70,70,70,70,70,70,70,70,70,70,70,70,70,70],"card_choices":[{"not_picked":["Predator","Dagger Throw","Underhanded Strike"],"picked":"SKIP","floor":1},{"not_picked":["Dagger Spray","Heel Hook"],"picked":"Backflip","floor":2},{"not_picked":["Endless Agony","Footwork","All Out Attack"],"picked":"SKIP","floor":4},{"not_picked":["Underhanded Strike","PiercingWail"],"picked":"Poisoned Stab","floor":5},{"not_picked":["Flying Knee","Prepared"],"picked":"After Image","floor":7},{"not_picked":["Cloak And Dagger","Backstab","Flying Knee"],"picked":"SKIP","floor":10},{"not_picked":["Expertise","Setup","Skewer"],"picked":"SKIP","floor":13}],"player_experience":141624,"relics_obtained":[{"floor":9,"key":"Bag of Preparation"}],"event_choices":[{"event_name":"World of Goop","player_choice":"Gather Gold","floor":3,"damage_taken":0},{"event_name":"Mushrooms","player_choice":"Healed and dodged fight","floor":11,"damage_taken":0}],"is_beta":false,"boss_relics":[],"items_purged_floors":[14],"is_endless":false,"potions_floor_spawned":[1,2,10,13],"killed_by":"Slime Boss","ascension_level":3}