{"gold_per_floor":[117,132,54,54,54,84,84,94,120,120,140,159,234,254,254,331,331,348,45,45,45,41,41,41],"floor_reached":24,"playtime":805,"items_purged":[],"score":431,"play_id":"296fd75b-21f0-470a-a08e-1be1532e1bed","local_time":"20190615053335","is_ascension_mode":true,"campfire_choices":[{"data":"Catalyst","floor":7.0,"key":"SMITH"},{"data":"Catalyst","floor":10.0,"key":"SMITH"},{"data":"Footwork","floor":15.0,"key":"SMITH"},{"floor":23,"key":"REST"}],"neow_cost":"NONE","seed_source_timestamp":179127965342286,"circlet_count":0,"master_deck":["AscendersBane","Defend_G","Defend_G","Defend_G","Defend_G","Strike_G","Strike_G","Strike_G","Strike_G","Strike_G","Survivor","Neutralize","PiercingWail","Footwork+1","Well Laid Plans","Catalyst+1","Catalyst+1","Die Die Die","Well Laid Plans","Footwork","Predator","Burst","Dodge and Roll"],"special_seed":0,"relics":["Ring of the Snake","NeowsBlessing","Happy Flower","Snake Skull","Eternal Feather","Question Card"],"potions_floor_usage":[24],"damage_taken":[{"damage":0.0,"enemies":"Cultist","floor":1.0,"turns":1.0},{"damage":0.0,"enemies":"Small Slimes","floor":2.0,"turns":1.0},{"damage":0.0,"enemies":"3 Sentries","floor":6.0,"turns":1.0},{"damage":1.0,"enemies":"2 Louse","floor":8.0,"turns":4.0},{"damage":5.0,"enemies":"Exordium Thugs","floor":11.0,"turns":7.0},{"damage":6.0,"enemies":"Large Slime","floor":12.0,"turns":9.0},{"damage":10.0,"enemies":"2 Fungi Beasts","floor":14.0,"turns":3.0},{"damage":22.0,"enemies":"The Guardian","floor":16.0,"turns":17.0},{"damage":20.0,"enemies":"Chosen","floor":18.0,"turns":7.0},{"damage":28,"enemies":"2 Thieves","floor":22,"turns":4},{"damage":56,"enemies":"Gremlin Leader","floor":24,"turns":2}],"seed_played":"-5987850444642941801","potions_obtained":[{"floor":1.0,"key":"Regen Potion"},{"floor":2.0,"key":"Weak Potion"},{"floor":8.0,"key":"Strength Potion"},{"floor":16.0,"key":"SkillPotion"},{"floor":22,"key":"Regen Potion"}],"is_trial":false,"path_per_floor":["M","M","$","?","?","E","R","M","T","R","M","M","?","M","R","B",null,"M","$","?","$","M","R","E"],"character_chosen":"THE_SILENT","items_purchased":["Well Laid Plans","Footwork","Question Card"],"campfire_rested":1,"item_purchase_floors":[3,19,19],"current_hp_per_floor":[59,59,59,64,64,64,64,63,63,63,58,52,41,31,31,24,59,39,39,39,39,11,44,0],"gold":41,"neow_bonus":"THREE_ENEMY_KILL","is_prod":false,"is_daily":false,"chose_seed":false,"campfire_upgraded":3,"win_rate":0,"timestamp":1560548015,"path_taken":["M","M","$","?","?","E","R","M","T","R","M","M","?","M","R","BOSS","M","$","?","?","?","R","E"],"build_version":"2019-01-23","purchased_purges":0,"victory":false,"max_hp_per_floor":[66,66,66,71,71,71,71,71,71,71,71,71,71,71,71,71,71,71,71,71,71,71,71,71],"card_choices":[{"not_picked":["Dagger Spray","All Out Attack"],"picked":"PiercingWail","floor":1.0},{"not_picked":["Slice","PiercingWail"],"picked":"Footwork","floor":2.0},{"not_picked":["Bane","Distraction"],"picked":"Catalyst","floor":6.0},{"not_picked":["Dodge and Roll","Dagger Throw"],"picked":"Catalyst","floor":8.0},{"not_picked":["Reflex","Distraction"],"picked":"Die Die Die","floor":11.0},{"not_picked":["Flechettes","Eviscerate","Dagger Throw"],"picked":"SKIP","floor":12.0},{"not_picked":["Dodge and Roll","Blade Dance"],"picked":"Well Laid Plans","floor":14.0},{"not_picked":["Slice","Outmaneuver","Dagger Throw"],"picked":"SKIP","floor":18.0},{"not_picked":["Slice","Outmaneuver","Dagger Throw"],"picked":"SKIP","floor":18.0},{"not_picked":["Poisoned Stab","Blade Dance+1","Accuracy"],"picked":"Dodge and Roll","floor":22}],"player_experience":690641,"relics_obtained":[{"floor":6.0,"key":"Happy Flower"},{"floor":9.0,"key":"Snake Skull"}],"event_choices":[{"damage_healed":0.0,"max_hp_gain":5.0,"max_hp_loss":0.0,"gold_gain":0.0,"event_name":"Big Fish","player_choice":"Donut","floor":4.0,"gold_loss":0.0,"damage_taken":0.0},{"cards_removed":["Defend_G"],"damage_healed":0.0,"max_hp_gain":0.0,"max_hp_loss":0.0,"gold_gain":0.0,"event_name":"Living Wall","player_choice":"Forget","floor":5.0,"gold_loss":0.0,"damage_taken":0.0},{"damage_healed":0.0,"max_hp_gain":0.0,"max_hp_loss":0.0,"gold_gain":75.0,"event_name":"World of Goop","player_choice":"Gather Gold","floor":13.0,"gold_loss":0.0,"damage_taken":11.0},{"damage_healed":0,"gold_gain":0,"player_choice":"2 cards matched","damage_taken":0,"max_hp_gain":0,"max_hp_loss":0,"event_name":"Match and Keep!","floor":20,"gold_loss":0,"cards_obtained":["Predator","Burst"]}],"is_beta":false,"boss_relics":[{"not_picked":["Runic Pyramid","HoveringKite"],"picked":"Eternal Feather"}],"items_purged_floors":[],"is_endless":false,"potions_floor_spawned":[1,2,8,16,22],"killed_by":"Gremlin Leader","ascension_level":19}