{"gold_per_floor":[113,113,34,45,45,45,65,77,77,107,166,166,199,211,211,310,310,327,55,65,65,77,77],"floor_reached":23,"playtime":1241,"items_purged":["Writhe"],"score":296,"play_id":"fd8e6266-7147-48d1-995c-6b9b4f2ddf8c","local_time":"20190616205928","is_ascension_mode":true,"campfire_choices":[{"data":"Hyperbeam","floor":6,"key":"SMITH"},{"floor":12,"key":"REST"},{"data":"Fusion","floor":15,"key":"SMITH"}],"neow_cost":"NONE","seed_source_timestamp":346429638580787,"circlet_count":0,"master_deck":["Strike_B","Strike_B","Strike_B","Defend_B","Defend_B","Defend_B","Zap","Dualcast","Heatsinks","Hyperbeam+1","Fusion+1","Reinforced Body","Fission","Defragment","Undo","Core Surge","Injury","Parasite","Hologram+1","Electrodynamics","Fusion"],"relics":["Velvet Choker","Anchor","Dodecahedron","Blood Vial","Meat on the Bone","Calling Bell","Bag of Marbles","Pear","Prayer Wheel","ClockworkSouvenir"],"potions_floor_usage":[10,11,16,16],"damage_taken":[{"damage":0,"enemies":"Small Slimes","floor":1,"turns":3},{"damage":0,"enemies":"Cultist","floor":4,"turns":3},{"damage":7,"enemies":"Jaw Worm","floor":7,"turns":2},{"damage":15,"enemies":"Lots of Slimes","floor":8,"turns":2},{"damage":23,"enemies":"Lagavulin","floor":10,"turns":6},{"damage":16,"enemies":"Lagavulin Event","floor":11,"turns":5},{"damage":0,"enemies":"3 Sentries","floor":13,"turns":2},{"damage":0,"enemies":"2 Fungi Beasts","floor":14,"turns":1},{"damage":31,"enemies":"Hexaghost","floor":16,"turns":10},{"damage":31,"enemies":"3 Byrds","floor":18,"turns":5},{"damage":11,"enemies":"2 Thieves","floor":20,"turns":3},{"damage":20,"enemies":"Centurion and Healer","floor":22,"turns":5},{"damage":50,"enemies":"Book of Stabbing","floor":23,"turns":4}],"seed_played":"5143410452652330509","potions_obtained":[{"floor":1,"key":"Fire Potion"},{"floor":8,"key":"Ancient Potion"},{"floor":10,"key":"Fire Potion"},{"floor":11,"key":"LiquidBronze"},{"floor":16,"key":"Fruit Juice"},{"floor":20,"key":"Dexterity Potion"}],"is_trial":false,"path_per_floor":["M","?","$","M","?","R","M","M","T","E","?","R","E","M","R","B",null,"M","$","M","$","M","E"],"character_chosen":"DEFECT","items_purchased":["Hyperbeam","ClockworkSouvenir"],"campfire_rested":1,"item_purchase_floors":[3,19],"current_hp_per_floor":[75,68,68,68,68,68,61,46,46,23,7,29,31,45,45,33,90,59,59,50,50,44,0],"gold":77,"neow_bonus":"BOSS_RELIC","is_prod":false,"is_daily":false,"chose_seed":false,"campfire_upgraded":2,"win_rate":0,"timestamp":1560733168,"path_taken":["M","?","$","M","?","R","M","?","T","E","?","R","E","M","R","BOSS","M","$","M","$","M","E"],"build_version":"2019-01-23","purchased_purges":1,"victory":false,"max_hp_per_floor":[75,75,75,75,75,75,75,75,75,75,75,75,75,75,75,80,90,90,90,90,90,90,90],"card_choices":[{"not_picked":["Redo","Aggregate"],"picked":"Heatsinks","floor":1},{"not_picked":["Darkness","Tempest","BootSequence"],"picked":"SKIP","floor":4},{"not_picked":["Cold Snap","Turbo"],"picked":"Reinforced Body","floor":7},{"not_picked":["Redo","Rip and Tear","Hologram"],"picked":"SKIP","floor":8},{"not_picked":["Streamline","Leap"],"picked":"Fission","floor":10},{"not_picked":["Compile Driver","Go for the Eyes"],"picked":"Defragment","floor":11},{"not_picked":["Coolheaded","Scrape"],"picked":"Undo","floor":13},{"not_picked":["Go for the Eyes","Steam","Barrage"],"picked":"SKIP","floor":14},{"not_picked":["Amplify","Seek"],"picked":"Core Surge","floor":16},{"not_picked":["Stack","Rebound"],"picked":"Hologram+1","floor":18},{"not_picked":["Steam Power","Storm","Aggregate"],"picked":"SKIP","floor":18},{"not_picked":["Go for the Eyes","Cold Snap+1"],"picked":"Electrodynamics","floor":20},{"not_picked":["FTL","Turbo","Chaos"],"picked":"SKIP","floor":20},{"not_picked":["Ball Lightning","Redo"],"picked":"Fusion","floor":22},{"not_picked":["Sweeping Beam","Hologram","Redo"],"picked":"SKIP","floor":22}],"player_experience":403121,"relics_obtained":[{"floor":9,"key":"Anchor"},{"floor":10,"key":"Dodecahedron"},{"floor":11,"key":"Blood Vial"},{"floor":13,"key":"Meat on the Bone"},{"floor":17,"key":"Bag of Marbles"},{"floor":17,"key":"Pear"},{"floor":17,"key":"Prayer Wheel"}],"event_choices":[{"cards_removed":["Strike_B"],"damage_healed":0,"gold_gain":0,"player_choice":"Card Removal","damage_taken":7,"max_hp_gain":0,"max_hp_loss":0,"event_name":"Golden Wing","floor":2,"gold_loss":0},{"damage_healed":0,"gold_gain":0,"cards_transformed":["Defend_B"],"player_choice":"Transformed","damage_taken":0,"max_hp_gain":0,"max_hp_loss":0,"event_name":"Transmorgrifier","floor":5,"gold_loss":0,"cards_obtained":["Fusion"]},{"damage_healed":0,"gold_gain":30,"player_choice":"Searched \u00273\u0027 times","damage_taken":0,"max_hp_gain":0,"max_hp_loss":0,"event_name":"Dead Adventurer","floor":11,"gold_loss":0}],"is_beta":false,"boss_relics":[{"not_picked":["Eternal Feather","Philosopher\u0027s Stone"],"picked":"Calling Bell"}],"items_purged_floors":[19],"is_endless":false,"potions_floor_spawned":[1,8,10,11,16,20],"killed_by":"Book of Stabbing","ascension_level":4}