{"gold_per_floor":[116,116,41,58,8,8,33,33,33,67,15,33,33,50,50,50],"floor_reached":16,"playtime":353,"items_purged":["Strike_G"],"score":146,"play_id":"3ab0a8ae-2624-49ff-9855-b87e14068e4b","local_time":"20180809180507","is_ascension_mode":true,"campfire_choices":[{"data":"Dodge and Roll","floor":6,"key":"SMITH"},{"data":"Neutralize","floor":8,"key":"SMITH"},{"floor":13,"key":"REST"},{"floor":15,"key":"REST"}],"neow_cost":"NONE","seed_source_timestamp":1726416812492285,"circlet_count":0,"master_deck":["Defend_G","Defend_G","Defend_G","Defend_G","Strike_G","Strike_G","Strike_G","Strike_G","Survivor","Neutralize+1","Dodge and Roll+1","Bullet Time","Poisoned Stab","Deadly Poison","Poisoned Stab"],"relics":["Ring of the Snake","NeowsBlessing","Bird Faced Urn","Bag of Preparation","Frozen Egg 2","Boot"],"potions_floor_usage":[16],"damage_taken":[{"damage":0,"enemies":"Small Slimes","floor":1,"turns":1},{"damage":0,"enemies":"Jaw Worm","floor":4,"turns":1},{"damage":0,"enemies":"Lagavulin","floor":7,"turns":1},{"damage":37,"enemies":"Gremlin Nob","floor":10,"turns":7},{"damage":0,"enemies":"2 Louse","floor":12,"turns":3},{"damage":5,"enemies":"Gremlin Gang","floor":14,"turns":5},{"damage":72,"enemies":"Slime Boss","floor":16,"turns":8}],"seed_played":"8085143663394731967","potions_obtained":[{"floor":4,"key":"SpeedPotion"},{"floor":10,"key":"FairyPotion"},{"floor":14,"key":"SkillPotion"}],"is_trial":false,"path_per_floor":["M","?","$","M","?","R","E","R","T","E","$","M","R","M","R"],"character_chosen":"THE_SILENT","items_purchased":["Poisoned Stab"],"campfire_rested":2,"item_purchase_floors":[11],"current_hp_per_floor":[70,52,52,52,52,52,52,52,52,15,15,15,36,31,52,0],"gold":50,"neow_bonus":"THREE_ENEMY_KILL","is_prod":false,"is_daily":false,"chose_seed":false,"campfire_upgraded":2,"win_rate":0,"timestamp":1533855907,"path_taken":["M","?","$","M","?","R","E","R","T","E","$","M","R","M","R","BOSS"],"build_version":"2018-08-02","purchased_purges":1,"victory":false,"max_hp_per_floor":[70,70,70,70,70,70,70,70,70,70,70,70,70,70,70,70],"card_choices":[{"not_picked":["Sucker Punch","Cloak And Dagger"],"picked":"Dodge and Roll","floor":1},{"not_picked":["Expertise","Accuracy","Dagger Throw"],"picked":"SKIP","floor":4},{"not_picked":["Sucker Punch","Infinite Blades","Distraction"],"picked":"SKIP","floor":7},{"not_picked":["PiercingWail","Blur"],"picked":"Bullet Time","floor":10},{"not_picked":["Underhanded Strike","Quick Slash"],"picked":"Deadly Poison","floor":12},{"not_picked":["Distraction","Sucker Punch"],"picked":"Poisoned Stab","floor":14}],"player_experience":131656,"relics_obtained":[{"floor":7,"key":"Bag of Preparation"},{"floor":9,"key":"Frozen Egg 2"},{"floor":10,"key":"Boot"}],"event_choices":[{"event_name":"Scrap Ooze","player_choice":"success","floor":2,"damage_taken":18},{"event_name":"The Cleric","player_choice":"Card Removal","floor":5,"damage_taken":0}],"is_beta":false,"boss_relics":[],"items_purged_floors":[3],"is_endless":false,"potions_floor_spawned":[4,10,14],"killed_by":"Slime Boss","ascension_level":2}