{"gold_per_floor":[209,209,225,225,239,239,256,273,342,342,105,105,5,20,20,121,121,139,139,139,159,34,34,47,1,26,26,26,26,44,44,44,140,140,154,154,199,199,53,53,69,87,114,114,129,129,155,405,405,405],"floor_reached":50,"playtime":2727,"items_purged":["Strike_G","Defend_G","Strike_G"],"score":558,"play_id":"386ab712-01b0-4ac1-8e3d-e5a4655e84f7","local_time":"20180709210255","is_ascension_mode":false,"campfire_choices":[{"data":"Bane","floor":6.0,"key":"SMITH"},{"data":"Bouncing Flask","floor":10.0,"key":"SMITH"},{"data":"Catalyst","floor":12.0,"key":"SMITH"},{"floor":15.0,"key":"REST"},{"data":"Bane","floor":23,"key":"SMITH"},{"data":"Poisoned Stab","floor":27,"key":"SMITH"},{"floor":32,"key":"REST"},{"floor":40,"key":"REST"},{"data":"Caltrops","floor":44,"key":"SMITH"},{"floor":49,"key":"REST"}],"neow_cost":"NONE","seed_source_timestamp":0,"circlet_count":0,"master_deck":["Defend_G","Defend_G","Defend_G+1","Defend_G","Strike_G","Strike_G","Survivor+1","Neutralize","Dodge and Roll","Bouncing Flask+1","Bane+1","Bane","Catalyst+1","Die Die Die","Bane","Bane+1","Blade Dance+1","All Out Attack+1","Poisoned Stab+1","Deadly Poison","After Image","Caltrops+1","Noxious Fumes+1","Madness","Madness","Deadly Poison","Regret"],"special_seed":0,"relics":["Ring of the Snake","Paper Crane","Sozu","Regal Pillow","Sundial","War Paint","Busted Crown","Gambling Chip","Pen Nib","Orichalcum","Centennial Puzzle"],"potions_floor_usage":[],"damage_taken":[{"damage":8.0,"enemies":"Small Slimes","floor":1.0,"turns":5.0},{"damage":0.0,"enemies":"2 Louse","floor":3.0,"turns":3.0},{"damage":0.0,"enemies":"Cultist","floor":5.0,"turns":3.0},{"damage":4.0,"enemies":"2 Fungi Beasts","floor":7.0,"turns":4.0},{"damage":0.0,"enemies":"Exordium Wildlife","floor":8.0,"turns":3.0},{"damage":0.0,"enemies":"Lots of Slimes","floor":14.0,"turns":1.0},{"damage":30.0,"enemies":"Hexaghost","floor":16.0,"turns":7.0},{"damage":8,"enemies":"3 Byrds","floor":18,"turns":4},{"damage":1,"enemies":"Spheric Guardian","floor":21,"turns":4},{"damage":24,"enemies":"Snake Plant","floor":24,"turns":4},{"damage":2,"enemies":"Chosen and Byrds","floor":30,"turns":3},{"damage":63,"enemies":"Automaton","floor":33,"turns":10},{"damage":0,"enemies":"3 Shapes","floor":35,"turns":3},{"damage":36,"floor":37,"turns":5},{"damage":11,"enemies":"Orb Walker","floor":41,"turns":3},{"damage":14,"enemies":"Maw","floor":42,"turns":6},{"damage":16,"enemies":"4 Shapes","floor":45,"turns":4},{"damage":36,"enemies":"Giant Head","floor":47,"turns":7},{"damage":47,"enemies":"Donu and Deca","floor":50,"turns":4}],"seed_played":"7498608900442450096","potions_obtained":[{"floor":1.0,"key":"PowerPotion"},{"floor":8.0,"key":"Dexterity Potion"},{"floor":16.0,"key":"PowerPotion"}],"is_trial":false,"path_per_floor":["M","?","M","?","M","R","M","M","T","R","$","R","$","M","R","B",null,"M","?","?","M","$","R","M","$","T","R","?","?","M","?","R","B",null,"M","?","?","?","$","R","M","M","T","R","M","?","E","?","R"],"character_chosen":"THE_SILENT","items_purchased":["Die Die Die","Poisoned Stab","Pen Nib"],"campfire_rested":4,"item_purchase_floors":[11,25,39],"current_hp_per_floor":[62,55,55,55,55,55,51,51,51,51,51,51,51,51,70,40,70,62,49,74,73,73,73,49,49,49,49,49,49,47,47,75,12,75,75,85,49,38,38,78,67,53,53,53,37,37,1,1,41,0],"gold":405,"neow_bonus":"HUNDRED_GOLD","is_prod":false,"is_daily":false,"chose_seed":false,"campfire_upgraded":6,"win_rate":0.0,"timestamp":1531188175,"path_taken":["M","?","M","?","?","R","M","?","T","R","$","R","$","M","R","BOSS","M","?","?","M","$","R","M","$","T","R","?","?","M","?","R","BOSS","M","?","?","?","$","R","M","?","T","R","M","?","E","?","R","BOSS"],"build_version":"2018-07-05","purchased_purges":3,"victory":false,"max_hp_per_floor":[70,70,70,70,70,70,70,70,70,70,70,70,70,70,70,70,70,70,75,75,75,75,75,75,75,75,75,75,75,75,75,75,75,75,75,85,85,85,85,85,85,85,85,85,85,85,85,85,85,85],"card_choices":[{"not_picked":["Reflex","Leg Sweep"],"picked":"Dodge and Roll","floor":1.0},{"not_picked":["Flying Knee","Dagger Throw"],"picked":"Bouncing Flask","floor":3.0},{"not_picked":["Reflex","Dodge and Roll"],"picked":"Bane","floor":5.0},{"not_picked":["PiercingWail","Finisher"],"picked":"Bane","floor":7.0},{"not_picked":["Deflect","Reflex"],"picked":"Catalyst","floor":8.0},{"not_picked":["Backflip","Masterful Stab"],"picked":"Bane","floor":14.0},{"not_picked":["Tools of the Trade","Adrenaline"],"picked":"Die Die Die","floor":16.0},{"not_picked":["Calculated Gamble+1","Underhanded Strike"],"picked":"Bane","floor":18},{"not_picked":["Choke","Slice"],"picked":"Blade Dance+1","floor":21},{"not_picked":["Acrobatics","PiercingWail"],"picked":"All Out Attack+1","floor":24},{"not_picked":["Dagger Throw","Dagger Spray+1"],"picked":"Deadly Poison","floor":30},{"not_picked":["Wraith Form v2","Venomology"],"picked":"After Image","floor":33},{"not_picked":[],"picked":"Caltrops","floor":35},{"not_picked":[],"picked":"Noxious Fumes+1","floor":37},{"not_picked":["Masterful Stab"],"picked":"SKIP","floor":41},{"not_picked":["Calculated Gamble"],"picked":"SKIP","floor":42},{"not_picked":[],"picked":"Deadly Poison","floor":45},{"not_picked":["Choke+1"],"picked":"SKIP","floor":47}],"player_experience":26064,"relics_obtained":[{"floor":9.0,"key":"Paper Crane"},{"floor":26,"key":"Regal Pillow"},{"floor":37,"key":"Gambling Chip"},{"floor":43,"key":"Orichalcum"},{"floor":47,"key":"Centennial Puzzle"}],"event_choices":[{"event_name":"Golden Wing","player_choice":"Card Removal","floor":2.0,"damage_taken":0.0},{"event_name":"Golden Idol","player_choice":"Ignored","floor":4.0,"damage_taken":0.0},{"event_name":"Forgotten Altar","player_choice":"Shed Blood","floor":19,"damage_taken":0},{"event_name":"The Library","player_choice":"Heal","floor":20,"damage_taken":0},{"event_name":"Accursed Blacksmith","player_choice":"Rummage","floor":28,"damage_taken":0},{"event_name":"Addict","player_choice":"Ignored","floor":29,"damage_taken":0},{"event_name":"The Mausoleum","player_choice":"Yes","floor":31,"damage_taken":0},{"event_name":"Bonfire Elementals","player_choice":"RARE","floor":36,"damage_taken":0},{"event_name":"Mysterious Sphere","player_choice":"Fight","floor":37,"damage_taken":0},{"event_name":"Winding Halls","player_choice":"Embrace Madness","floor":38,"damage_taken":0},{"event_name":"The Lab","player_choice":"Got Potions","floor":46,"damage_taken":0},{"event_name":"Golden Shrine","player_choice":"Desecrate","floor":48,"damage_taken":0}],"boss_relics":[{"not_picked":["Coffee Dripper","Calling Bell"],"picked":"Sozu"},{"not_picked":["Astrolabe","Fusion Hammer"],"picked":"Busted Crown"}],"items_purged_floors":[11,13,22],"is_endless":false,"potions_floor_spawned":[1,8,16,21,35,42,47],"killed_by":"Donu and Deca","ascension_level":0}