{"gold_per_floor":[119,44,44,9,9,9,9,9,9,33,33,58,98,128,128,252,252,270,270,291,145,145,180,180,194,266,266,391,422,422,435,435,435],"floor_reached":33,"playtime":1538,"items_purged":["Defend_G","Strike_G"],"score":296,"play_id":"2f7ff5bf-1f85-4396-a6e4-7d618b766a13","local_time":"20190618192507","is_ascension_mode":true,"campfire_choices":[{"data":"Neutralize","floor":6,"key":"SMITH"},{"data":"Survivor","floor":8,"key":"SMITH"},{"floor":15,"key":"REST"},{"floor":24,"key":"REST"},{"floor":27,"key":"REST"},{"floor":30,"key":"REST"},{"data":"Infinite Blades","floor":32,"key":"SMITH"}],"neow_cost":"NONE","seed_source_timestamp":531402159296626,"circlet_count":0,"master_deck":["Defend_G","Defend_G+1","Defend_G","Strike_G","Strike_G","Strike_G","Survivor+1","Neutralize+1","Backflip+1","Injury","Blade Dance","Deflect","Crippling Poison","Bullet Time","Blade Dance","Dash","Dagger Spray","Blade Dance+1","Backflip+1","Infinite Blades+1"],"relics":["Ring of the Snake","Bag of Marbles","Golden Idol","Ninja Scroll","Oddly Smooth Stone","Mercury Hourglass","Odd Mushroom","Empty Cage","Nilry\u0027s Codex","Unceasing Top","Meat on the Bone","Nunchaku","Toxic Egg 2","Red Mask"],"potions_floor_usage":[16,18,28,31,33],"damage_taken":[{"damage":6,"enemies":"Jaw Worm","floor":1,"turns":5},{"damage":0,"enemies":"2 Louse","floor":12,"turns":1},{"damage":16,"enemies":"Gremlin Nob","floor":13,"turns":4},{"damage":9,"enemies":"The Mushroom Lair","floor":14,"turns":3},{"damage":42,"enemies":"The Guardian","floor":16,"turns":15},{"damage":9,"enemies":"Spheric Guardian","floor":18,"turns":4},{"damage":8,"enemies":"Chosen","floor":20,"turns":4},{"damage":29,"enemies":"Gremlin Leader","floor":23,"turns":7},{"damage":5,"enemies":"Shelled Parasite and Fungi","floor":25,"turns":6},{"damage":10,"enemies":"Colosseum Slavers","floor":28,"turns":2},{"damage":37,"enemies":"Colosseum Nobs","floor":28,"turns":5},{"damage":0,"enemies":"Masked Bandits","floor":29,"turns":2},{"damage":7,"enemies":"Snake Plant","floor":31,"turns":4},{"damage":61,"enemies":"Champ","floor":33,"turns":18}],"seed_played":"-4965382394625601930","potions_obtained":[{"floor":1,"key":"Ancient Potion"},{"floor":13,"key":"AttackPotion"},{"floor":16,"key":"Fire Potion"},{"floor":23,"key":"Block Potion"},{"floor":25,"key":"Poison Potion"},{"floor":31,"key":"GhostInAJar"}],"is_trial":false,"path_per_floor":["M","$","?","?","?","R","$","R","T","T","$","M","E","?","R","B",null,"M","?","M","$","?","E","R","M","T","R","?","?","R","M","R","B"],"character_chosen":"THE_SILENT","items_purchased":["Dagger Spray"],"campfire_rested":4,"item_purchase_floors":[21],"current_hp_per_floor":[64,64,50,67,67,67,67,67,67,67,67,67,51,42,63,21,70,61,45,37,37,60,31,52,47,47,68,33,45,66,59,59,0],"gold":435,"neow_bonus":"RANDOM_COMMON_RELIC","is_prod":false,"is_daily":false,"chose_seed":false,"campfire_upgraded":3,"win_rate":0,"timestamp":1560903907,"path_taken":["M","$","?","?","?","R","$","R","T","?","$","?","E","?","R","BOSS","M","?","M","$","?","E","R","M","T","R","?","?","R","?","R","BOSS"],"build_version":"2019-01-23","purchased_purges":2,"victory":false,"max_hp_per_floor":[70,70,70,70,70,70,70,70,70,70,70,70,70,70,70,70,70,70,70,70,70,70,70,70,70,70,70,70,70,70,70,70,70],"card_choices":[{"not_picked":["Blur","Caltrops"],"picked":"Backflip","floor":1},{"not_picked":["Setup","Acrobatics"],"picked":"Blade Dance","floor":12},{"not_picked":["Accuracy","Outmaneuver"],"picked":"Deflect","floor":13},{"not_picked":["Predator","Backflip"],"picked":"Crippling Poison","floor":14},{"not_picked":["Malaise","Glass Knife"],"picked":"Bullet Time","floor":16},{"not_picked":["Expertise+1","Concentrate+1"],"picked":"Blade Dance","floor":18},{"not_picked":["Acrobatics","Well Laid Plans"],"picked":"Dash","floor":20},{"not_picked":["Bane","Tactician","Setup"],"picked":"SKIP","floor":23},{"not_picked":["Deflect+1","Deadly Poison+1"],"picked":"Blade Dance+1","floor":25},{"not_picked":["Outmaneuver+1","Escape Plan+1"],"picked":"Backflip+1","floor":29},{"not_picked":["Flechettes","Outmaneuver+1"],"picked":"Infinite Blades","floor":31}],"player_experience":170575,"relics_obtained":[{"floor":9,"key":"Ninja Scroll"},{"floor":10,"key":"Oddly Smooth Stone"},{"floor":13,"key":"Mercury Hourglass"},{"floor":14,"key":"Odd Mushroom"},{"floor":19,"key":"Nilry\u0027s Codex"},{"floor":23,"key":"Unceasing Top"},{"floor":26,"key":"Meat on the Bone"},{"floor":28,"key":"Nunchaku"},{"floor":28,"key":"Toxic Egg 2"},{"floor":29,"key":"Red Mask"}],"event_choices":[{"damage_healed":0,"gold_gain":0,"player_choice":"Entered Light","damage_taken":14,"max_hp_gain":0,"max_hp_loss":0,"event_name":"Shining Light","floor":3,"gold_loss":0,"cards_upgraded":["Backflip","Defend_G"]},{"damage_healed":17,"gold_gain":0,"player_choice":"Healed","damage_taken":0,"max_hp_gain":0,"max_hp_loss":0,"event_name":"The Cleric","floor":4,"gold_loss":35},{"damage_healed":0,"gold_gain":0,"player_choice":"Take Wound","damage_taken":0,"relics_obtained":["Golden Idol"],"max_hp_gain":0,"max_hp_loss":0,"event_name":"Golden Idol","floor":5,"gold_loss":0,"cards_obtained":["Injury"]},{"damage_healed":0,"gold_gain":0,"player_choice":"Fought Mushrooms","damage_taken":0,"max_hp_gain":0,"max_hp_loss":0,"event_name":"Mushrooms","floor":14,"gold_loss":0},{"damage_healed":0,"gold_gain":0,"player_choice":"Obtained Book","damage_taken":16,"max_hp_gain":0,"max_hp_loss":0,"event_name":"Cursed Tome","floor":19,"gold_loss":0},{"damage_healed":23,"gold_gain":0,"player_choice":"Heal","damage_taken":0,"max_hp_gain":0,"max_hp_loss":0,"event_name":"The Library","floor":22,"gold_loss":0},{"damage_healed":0,"gold_gain":0,"player_choice":"Fight","damage_taken":0,"max_hp_gain":0,"max_hp_loss":0,"event_name":"Colosseum","floor":28,"gold_loss":0},{"damage_healed":0,"gold_gain":0,"player_choice":"Fought Nobs","damage_taken":0,"max_hp_gain":0,"max_hp_loss":0,"event_name":"Colosseum","floor":28,"gold_loss":0},{"damage_healed":0,"gold_gain":0,"player_choice":"Fought Bandits","damage_taken":0,"max_hp_gain":0,"max_hp_loss":0,"event_name":"Masked Bandits","floor":29,"gold_loss":0}],"is_beta":false,"boss_relics":[{"not_picked":["Fusion Hammer","Pandora\u0027s Box"],"picked":"Empty Cage"}],"items_purged_floors":[2,21],"is_endless":false,"potions_floor_spawned":[1,13,16,23,25,28,31],"killed_by":"Champ","ascension_level":3}