{"gold_per_floor":[114,289,302,8,22,22,22,22,22,22,22,22,22,41,41,166,166,191,210,110,129,57,57,78,78,78,98,60,60,60,60,60,183,183,206,206,219,219,239,239,239,259,308,308,308],"floor_reached":45,"playtime":1898,"items_purged":["Strike_G","Strike_G"],"score":551,"play_id":"dc24edd2-f827-4dde-8431-23cae117d32b","local_time":"20180723150121","is_ascension_mode":false,"campfire_choices":[{"data":"Noxious Fumes","floor":6,"key":"SMITH"},{"data":"Caltrops","floor":15,"key":"SMITH"},{"data":"Bouncing Flask","floor":23,"key":"SMITH"},{"floor":25,"key":"REST"},{"data":"Catalyst","floor":29,"key":"SMITH"},{"data":"Survivor","floor":32,"key":"SMITH"},{"floor":40,"key":"REST"}],"neow_cost":"NONE","seed_source_timestamp":245066490053832,"circlet_count":0,"master_deck":["Defend_G","Defend_G","Defend_G","Defend_G","Defend_G","Strike_G","Strike_G","Strike_G","Survivor+1","Neutralize","Backflip+1","Doubt","PiercingWail+1","Noxious Fumes+1","Caltrops+1","Injury","Slice+1","After Image","Deflect","Predator+1","Backstab+1","Bouncing Flask+1","Skewer+1","Corpse Explosion","Bane+1","Catalyst+1","Grand Finale+1","Poisoned Stab+1","Quick Slash+1","Bane+1","Writhe"],"relics":["Ring of the Snake","Dream Catcher","Molten Egg 2","Golden Idol","Velvet Choker","War Paint","Runic Pyramid","The Specimen","Juzu Bracelet","Pen Nib"],"potions_floor_usage":[3,18,21,33,35,36,42],"damage_taken":[{"damage":2,"enemies":"Small Slimes","floor":1,"turns":5},{"damage":5,"enemies":"Jaw Worm","floor":3,"turns":5},{"damage":0,"enemies":"Cultist","floor":5,"turns":5},{"damage":9,"enemies":"2 Fungi Beasts","floor":14,"turns":4},{"damage":60,"enemies":"Slime Boss","floor":16,"turns":14},{"damage":1,"enemies":"Chosen","floor":18,"turns":5},{"damage":8,"enemies":"3 Byrds","floor":19,"turns":5},{"damage":12,"enemies":"Snake Plant","floor":21,"turns":4},{"damage":15,"enemies":"Chosen and Byrds","floor":24,"turns":5},{"damage":8,"enemies":"Cultist and Chosen","floor":27,"turns":5},{"damage":63,"enemies":"Collector","floor":33,"turns":10},{"damage":20,"enemies":"3 Shapes","floor":35,"turns":4},{"damage":20,"floor":36,"turns":7},{"damage":10,"enemies":"Orb Walker","floor":37,"turns":2},{"damage":9,"enemies":"Sphere and 2 Shapes","floor":39,"turns":4},{"damage":37,"enemies":"Maw","floor":42,"turns":8},{"damage":38,"enemies":"Spire Growth","floor":45,"turns":4}],"seed_played":"-821410690449342245","potions_obtained":[{"floor":1,"key":"Fire Potion"},{"floor":16,"key":"Swift Potion"},{"floor":19,"key":"AttackPotion"},{"floor":21,"key":"Dexterity Potion"},{"floor":33,"key":"Poison Potion"},{"floor":35,"key":"Regen Potion"},{"floor":37,"key":"SteroidPotion"}],"is_trial":false,"path_per_floor":["M","?","M","$","M","R","$","?","T","?","?","$","?","M","R","B",null,"M","M","$","M","$","R","M","R","T","M","$","R","?","?","R","B",null,"M","?","M","T","M","R","?","M","T","?"],"character_chosen":"THE_SILENT","items_purchased":["Noxious Fumes","Dream Catcher","Bouncing Flask","Catalyst"],"campfire_rested":2,"item_purchase_floors":[4,4,22,28],"current_hp_per_floor":[75,75,70,70,70,70,70,77,77,77,74,74,74,65,65,5,74,73,65,65,53,53,53,38,60,60,52,52,52,52,74,74,11,74,54,49,39,39,30,52,71,34,34,34,0],"gold":308,"neow_bonus":"TEN_PERCENT_HP_BONUS","is_prod":false,"is_daily":false,"chose_seed":false,"campfire_upgraded":5,"win_rate":0.0,"timestamp":1532376081,"path_taken":["M","?","M","$","M","R","$","?","T","?","?","$","?","?","R","BOSS","M","M","$","M","$","R","M","R","T","M","$","R","?","?","R","BOSS","M","?","M","?","M","R","?","M","T","?","M"],"build_version":"2018-07-19v2","purchased_purges":2,"victory":false,"max_hp_per_floor":[77,77,77,77,77,77,77,77,77,77,74,74,74,74,74,74,74,74,74,74,74,74,74,74,74,74,74,74,74,74,74,74,74,74,74,74,74,74,74,74,74,74,74,74,74],"card_choices":[{"not_picked":["All Out Attack","Sucker Punch"],"picked":"Backflip","floor":1},{"not_picked":["Eviscerate","Dagger Spray"],"picked":"PiercingWail","floor":3},{"not_picked":["Crippling Poison","Finisher"],"picked":"Caltrops","floor":5},{"not_picked":["Backflip","Tools of the Trade"],"picked":"Slice+1","floor":14},{"not_picked":["Adrenaline","Burst"],"picked":"After Image","floor":16},{"not_picked":["Quick Slash+1","Slice+1"],"picked":"Deflect","floor":18},{"not_picked":["Outmaneuver","Underhanded Strike+1"],"picked":"Predator+1","floor":19},{"not_picked":["Underhanded Strike+1","Dagger Throw+1"],"picked":"Backstab+1","floor":21},{"not_picked":["Backflip","Flying Knee+1"],"picked":"Skewer+1","floor":24},{"not_picked":["Reflex+1","Endless Agony+1"],"picked":"Corpse Explosion","floor":25},{"not_picked":["Calculated Gamble","Acrobatics"],"picked":"Bane+1","floor":27},{"not_picked":["Corpse Explosion","Venomology"],"picked":"Grand Finale+1","floor":33},{"not_picked":["Prepared+1","Dodge and Roll","Dash+1"],"picked":"SKIP","floor":35},{"not_picked":["Acrobatics+1","Bouncing Flask"],"picked":"Poisoned Stab+1","floor":36},{"not_picked":["Sucker Punch+1","Flying Knee+1"],"picked":"Quick Slash+1","floor":37},{"not_picked":["Dagger Throw+1","Underhanded Strike+1"],"picked":"Bane+1","floor":39},{"not_picked":["Well Laid Plans+1","Corpse Explosion","Blade Dance"],"picked":"SKIP","floor":42}],"player_experience":70413,"relics_obtained":[{"floor":9,"key":"Molten Egg 2"},{"floor":26,"key":"War Paint"},{"floor":36,"key":"The Specimen"},{"floor":38,"key":"Juzu Bracelet"},{"floor":43,"key":"Pen Nib"}],"event_choices":[{"event_name":"Liars Game","player_choice":"agreed","floor":2,"damage_taken":0},{"event_name":"Mushrooms","player_choice":"Healed and dodged fight","floor":8,"damage_taken":0},{"event_name":"The Cleric","player_choice":"Leave","floor":10,"damage_taken":0},{"event_name":"Living Wall","player_choice":"Forget","floor":11,"damage_taken":0},{"event_name":"Golden Idol","player_choice":"Take Wound","floor":13,"damage_taken":0},{"event_name":"Beggar","player_choice":"Ignored","floor":30,"damage_taken":0},{"event_name":"The Library","player_choice":"Heal","floor":31,"damage_taken":0},{"event_name":"MindBloom","player_choice":"Fight","floor":36,"damage_taken":0},{"event_name":"Winding Halls","player_choice":"Writhe","floor":41,"damage_taken":0},{"event_name":"Mysterious Sphere","player_choice":"Ignore","floor":44,"damage_taken":0}],"is_beta":false,"boss_relics":[{"not_picked":["Tiny House","Ectoplasm"],"picked":"Velvet Choker"},{"not_picked":["Fusion Hammer","Philosopher\u0027s Stone"],"picked":"Runic Pyramid"}],"items_purged_floors":[4,20],"is_endless":false,"potions_floor_spawned":[1,16,19,21,33,35,37],"killed_by":"Spire Growth","ascension_level":0}