{"gold_per_floor":[109,125,137,153,153,153,180,180,180,180,207,235,247,259,271,385,397,423,454,480,492],"floor_reached":21,"playtime":964,"items_purged":[],"score":191,"play_id":"85189579-5526-4f52-8c1f-d0c8bb614fa7","local_time":"20190630183524","is_ascension_mode":false,"campfire_choices":[{"data":"Chill","floor":6,"key":"SMITH"},{"floor":8,"key":"REST"},{"data":"Capacitor","floor":10,"key":"SMITH"},{"floor":15,"key":"REST"}],"neow_cost":"NONE","seed_source_timestamp":266472099461200,"circlet_count":0,"master_deck":["Strike_B","Strike_B","Strike_B","Defend_B","Defend_B","Defend_B","Defend_B","Zap","Dualcast","Go for the Eyes","Loop","Chill+1","Capacitor+1","Go for the Eyes","Auto Shields","Redo","Electrodynamics","Heatsinks","Loop"],"relics":["Cracked Core","Shuriken","Mummified Hand","Bottled Tornado","MawBank","Black Star"],"potions_floor_usage":[],"damage_taken":[{"damage":2,"enemies":"2 Louse","floor":1,"turns":2},{"damage":1,"enemies":"Small Slimes","floor":2,"turns":3},{"damage":0,"enemies":"Cultist","floor":3,"turns":3},{"damage":2,"enemies":"Looter","floor":4,"turns":4},{"damage":24,"enemies":"Lagavulin","floor":7,"turns":10},{"damage":22,"enemies":"Gremlin Nob","floor":11,"turns":5},{"damage":2,"enemies":"Exordium Wildlife","floor":12,"turns":5},{"damage":43,"enemies":"The Guardian","floor":16,"turns":14},{"damage":23,"enemies":"2 Thieves","floor":18,"turns":4},{"damage":21,"enemies":"Spheric Guardian","floor":19,"turns":6},{"damage":20,"enemies":"Snecko","floor":20,"turns":7},{"damage":19,"enemies":"Snake Plant","floor":21,"turns":4}],"seed_played":"6037180715934922809","potions_obtained":[{"floor":4,"key":"AttackPotion"},{"floor":7,"key":"Energy Potion"},{"floor":18,"key":"Strength Potion"}],"is_trial":false,"path_per_floor":["M","M","M","M","?","R","E","R","T","R","E","M","?","?","R","B",null,"M","M","M","M"],"character_chosen":"DEFECT","items_purchased":[],"campfire_rested":2,"item_purchase_floors":[],"current_hp_per_floor":[80,79,79,77,59,59,35,59,59,59,37,35,28,28,52,9,82,59,38,18,0],"gold":492,"neow_bonus":"TEN_PERCENT_HP_BONUS","is_prod":false,"is_daily":false,"chose_seed":false,"campfire_upgraded":2,"win_rate":0.0,"timestamp":1561901724,"path_taken":["M","M","M","M","?","R","E","R","T","R","E","M","?","?","R","BOSS","M","M","M","M"],"build_version":"2019-01-23","purchased_purges":0,"victory":false,"max_hp_per_floor":[82,82,82,82,82,82,82,82,82,82,82,82,82,82,82,82,82,82,82,82,82],"card_choices":[{"not_picked":["Leap","Force Field"],"picked":"Go for the Eyes","floor":1},{"not_picked":["Steam","Compile Driver"],"picked":"Loop","floor":2},{"not_picked":["Cold Snap","Beam Cell"],"picked":"Chill","floor":3},{"not_picked":["Loop","Skim"],"picked":"Capacitor","floor":4},{"not_picked":["Chill","Steam"],"picked":"Go for the Eyes","floor":7},{"not_picked":["Gash","Meteor Strike"],"picked":"Auto Shields","floor":11},{"not_picked":["Leap","Sweeping Beam"],"picked":"Redo","floor":12},{"not_picked":["Amplify","Reboot"],"picked":"Electrodynamics","floor":16},{"not_picked":["Force Field","Streamline+1"],"picked":"Heatsinks","floor":18},{"not_picked":["Streamline","Sweeping Beam","Stack"],"picked":"SKIP","floor":19},{"not_picked":["Lockon+1","Gash"],"picked":"Loop","floor":20}],"player_experience":70763,"relics_obtained":[{"floor":7,"key":"Mummified Hand"},{"floor":9,"key":"Bottled Tornado"},{"floor":11,"key":"MawBank"}],"event_choices":[{"damage_healed":0,"gold_gain":0,"player_choice":"Success","damage_taken":18,"relics_obtained":["Shuriken"],"max_hp_gain":0,"max_hp_loss":0,"event_name":"Scrap Ooze","floor":5,"gold_loss":0},{"cards_removed":["Strike_B"],"damage_healed":0,"gold_gain":0,"player_choice":"Card Removal","damage_taken":7,"max_hp_gain":0,"max_hp_loss":0,"event_name":"Golden Wing","floor":13,"gold_loss":0},{"damage_healed":0,"gold_gain":0,"player_choice":"Ignored","damage_taken":0,"max_hp_gain":0,"max_hp_loss":0,"event_name":"NoteForYourself","floor":14,"gold_loss":0}],"is_beta":false,"boss_relics":[{"not_picked":["Cursed Key","Tiny House"],"picked":"Black Star"}],"items_purged_floors":[],"is_endless":false,"potions_floor_spawned":[4,7,18],"killed_by":"Snake Plant","ascension_level":0}