{"gold_per_floor":[113,113,65,75,89,89,105,105,105,105,30,41,61,93,93,93],"floor_reached":16,"playtime":1654,"items_purged":["Strike_R"],"score":102,"play_id":"bab86800-c0e6-4a4d-9053-2f2decd3deec","local_time":"20190628213700","is_ascension_mode":false,"campfire_choices":[{"data":"Pommel Strike","floor":6,"key":"SMITH"},{"data":"Infernal Blade","floor":8,"key":"SMITH"},{"floor":15,"key":"REST"}],"neow_cost":"NONE","seed_source_timestamp":14139395040800,"circlet_count":0,"master_deck":["Strike_R","Strike_R","Strike_R","Strike_R","Defend_R","Defend_R","Defend_R","Defend_R","Bash","Dramatic Entrance","Shrug It Off","Iron Wave+1","Pommel Strike+1","Shrug It Off","Infernal Blade+1","Pommel Strike"],"relics":["Burning Blood","Dodecahedron","The Courier"],"potions_floor_usage":[7,14,16],"damage_taken":[{"damage":0,"enemies":"Small Slimes","floor":1,"turns":3},{"damage":2,"enemies":"Jaw Worm","floor":4,"turns":4},{"damage":1,"enemies":"Cultist","floor":5,"turns":4},{"damage":0,"enemies":"3 Louse","floor":7,"turns":2},{"damage":8,"enemies":"Red Slaver","floor":12,"turns":4},{"damage":0,"enemies":"Exordium Wildlife","floor":13,"turns":3},{"damage":11,"enemies":"Lagavulin","floor":14,"turns":8},{"damage":80,"enemies":"Hexaghost","floor":16,"turns":14}],"seed_played":"-8458144310925247934","potions_obtained":[{"floor":1,"key":"Explosive Potion"},{"floor":7,"key":"FearPotion"},{"floor":13,"key":"EssenceOfSteel"}],"is_trial":false,"path_per_floor":["M","?","$","M","M","R","M","R","T","?","$","M","M","E","R","B"],"character_chosen":"IRONCLAD","items_purchased":["Iron Wave"],"campfire_rested":1,"item_purchase_floors":[3],"current_hp_per_floor":[80,80,80,80,80,80,80,80,80,80,80,78,80,75,80,0],"gold":93,"neow_bonus":"RANDOM_COLORLESS","is_prod":false,"is_daily":false,"chose_seed":false,"campfire_upgraded":2,"win_rate":0,"timestamp":1561772220,"path_taken":["M","?","$","M","M","R","M","R","T","?","$","M","M","E","R","BOSS"],"build_version":"2019-01-23","purchased_purges":1,"victory":false,"max_hp_per_floor":[80,80,80,80,80,80,80,80,80,80,80,80,80,80,80,80],"card_choices":[{"not_picked":["Pummel","Thunderclap"],"picked":"Shrug It Off","floor":1},{"not_picked":["Searing Blow","Thunderclap"],"picked":"Pommel Strike","floor":4},{"not_picked":["Warcry","Clothesline"],"picked":"Shrug It Off","floor":5},{"not_picked":["Twin Strike","Power Through"],"picked":"Infernal Blade","floor":7},{"not_picked":["Thunderclap","Sword Boomerang","Berserk"],"picked":"SKIP","floor":12},{"not_picked":["Havoc","Evolve","True Grit"],"picked":"SKIP","floor":13},{"not_picked":["Brutality","Perfected Strike"],"picked":"Pommel Strike","floor":14}],"player_experience":280655,"relics_obtained":[{"floor":9,"key":"Dodecahedron"},{"floor":14,"key":"The Courier"}],"event_choices":[{"damage_healed":0,"gold_gain":0,"player_choice":"Leave","damage_taken":0,"max_hp_gain":0,"max_hp_loss":0,"event_name":"The Cleric","floor":2,"gold_loss":0},{"damage_healed":0,"gold_gain":0,"player_choice":"Upgraded","damage_taken":0,"max_hp_gain":0,"max_hp_loss":0,"event_name":"Upgrade Shrine","floor":10,"gold_loss":0,"cards_upgraded":["Iron Wave"]}],"is_beta":false,"boss_relics":[],"items_purged_floors":[11],"is_endless":false,"potions_floor_spawned":[1,7,13],"killed_by":"Hexaghost","ascension_level":0}