{"gold_per_floor":[109,122,141,216,316,316,126,145,198,218,236,236,248,274,274,274],"floor_reached":16,"playtime":1756,"items_purged":["Strike_G"],"score":104,"play_id":"dbac5421-ae32-4e07-8db0-6e80f839c7ca","local_time":"20190629221556","is_ascension_mode":false,"campfire_choices":[{"data":"Accuracy","floor":6,"key":"SMITH"},{"data":"Footwork","floor":12,"key":"SMITH"},{"floor":15,"key":"REST"}],"neow_cost":"NONE","seed_source_timestamp":192511843860400,"circlet_count":0,"master_deck":["Defend_G","Defend_G","Defend_G","Defend_G","Defend_G","Strike_G","Strike_G","Strike_G","Strike_G","Survivor","Neutralize","Accuracy+1","Backflip","Footwork","Cloak And Dagger","Backflip","Footwork+1","Cloak And Dagger","Dodge and Roll"],"relics":["Ring of the Snake","Oddly Smooth Stone","Happy Flower"],"potions_floor_usage":[],"damage_taken":[{"damage":0,"enemies":"Small Slimes","floor":1,"turns":5},{"damage":0,"enemies":"2 Louse","floor":2,"turns":3},{"damage":1,"enemies":"Cultist","floor":3,"turns":4},{"damage":0,"enemies":"Red Slaver","floor":8,"turns":6},{"damage":8,"enemies":"3 Louse","floor":10,"turns":7},{"damage":5,"enemies":"Exordium Wildlife","floor":11,"turns":8},{"damage":3,"enemies":"Lots of Slimes","floor":13,"turns":9},{"damage":10,"enemies":"3 Sentries","floor":14,"turns":13},{"damage":62,"enemies":"Hexaghost","floor":16,"turns":23}],"seed_played":"-6482093451891542630","potions_obtained":[{"floor":1,"key":"Regen Potion"},{"floor":3,"key":"Energy Potion"},{"floor":11,"key":"FearPotion"}],"is_trial":false,"path_per_floor":["M","M","M","?","?","R","$","M","T","M","M","R","M","E","R","B"],"character_chosen":"THE_SILENT","items_purchased":["Footwork","Cloak And Dagger"],"campfire_rested":1,"item_purchase_floors":[7,7],"current_hp_per_floor":[77,77,76,65,65,65,65,65,65,57,52,52,49,39,62,0],"gold":274,"neow_bonus":"TEN_PERCENT_HP_BONUS","is_prod":false,"is_daily":false,"chose_seed":false,"campfire_upgraded":2,"win_rate":0.0,"timestamp":1561828556,"path_taken":["M","M","M","?","?","R","$","M","T","M","?","R","M","E","R","BOSS"],"build_version":"2019-01-23","purchased_purges":1,"victory":false,"max_hp_per_floor":[77,77,77,77,77,77,77,77,77,77,77,77,77,77,77,77],"card_choices":[{"not_picked":["Finisher","Cloak And Dagger"],"picked":"Accuracy","floor":1},{"not_picked":["Caltrops","All Out Attack"],"picked":"Backflip","floor":2},{"not_picked":["Distraction","PiercingWail","Quick Slash"],"picked":"SKIP","floor":3},{"not_picked":["Terror","Poisoned Stab","Leg Sweep"],"picked":"SKIP","floor":8},{"not_picked":["Dagger Spray","All Out Attack"],"picked":"Backflip","floor":10},{"not_picked":["Quick Slash","Endless Agony"],"picked":"Footwork","floor":11},{"not_picked":["Noxious Fumes","Tactician"],"picked":"Cloak And Dagger","floor":13},{"not_picked":["Glass Knife","Dagger Throw"],"picked":"Dodge and Roll","floor":14}],"player_experience":57355,"relics_obtained":[{"floor":9,"key":"Oddly Smooth Stone"},{"floor":14,"key":"Happy Flower"}],"event_choices":[{"damage_healed":0,"gold_gain":75,"player_choice":"Gather Gold","damage_taken":11,"max_hp_gain":0,"max_hp_loss":0,"event_name":"World of Goop","floor":4,"gold_loss":0},{"damage_healed":0,"gold_gain":100,"player_choice":"Pray","damage_taken":0,"max_hp_gain":0,"max_hp_loss":0,"event_name":"Golden Shrine","floor":5,"gold_loss":0}],"is_beta":false,"boss_relics":[],"items_purged_floors":[7],"is_endless":false,"potions_floor_spawned":[1,3,11,13],"killed_by":"Hexaghost","ascension_level":0}