{"gold_per_floor":[112,112,124,124,140,140,160,83,83,98,149,166,185,201,201,304,354,371,388,487,151,162,162,181,181,181,193,212,71,71,90,90,90],"floor_reached":33,"playtime":5062,"items_purged":[],"score":295,"play_id":"8c05de39-f952-43a8-9cc9-436d7c7a09a6","local_time":"20190627224749","is_ascension_mode":false,"campfire_choices":[{"data":"Neutralize","floor":6,"key":"SMITH"},{"data":"Poisoned Stab","floor":15,"key":"SMITH"},{"floor":23,"key":"REST"},{"data":"Blade Dance","floor":25,"key":"SMITH"},{"floor":32,"key":"REST"}],"neow_cost":"NONE","seed_source_timestamp":829864721400,"circlet_count":0,"master_deck":["Defend_G","Defend_G","Defend_G","Defend_G","Defend_G","Strike_G","Strike_G","Strike_G","Strike_G","Strike_G","Survivor","Neutralize+1","Dodge and Roll","Backstab","Heel Hook","Blade Dance+1","Quick Slash","Outmaneuver","Slice","Backflip+1","Blur","Poisoned Stab+1","Corpse Explosion","Slice","Predator+1","Dash","Crippling Poison","Finisher","Deadly Poison","Flying Knee","Envenom","Slice"],"relics":["Ring of the Snake","Anchor","Tiny House","Darkstone Periapt","Juzu Bracelet"],"potions_floor_usage":[16,16,16,18,22,33,33],"damage_taken":[{"damage":0,"enemies":"2 Louse","floor":1,"turns":2},{"damage":0,"enemies":"Small Slimes","floor":3,"turns":4},{"damage":3,"enemies":"Jaw Worm","floor":5,"turns":5},{"damage":0,"enemies":"Exordium Thugs","floor":7,"turns":8},{"damage":5,"enemies":"3 Louse","floor":10,"turns":3},{"damage":2,"enemies":"Exordium Wildlife","floor":12,"turns":4},{"damage":0,"enemies":"Blue Slaver","floor":13,"turns":3},{"damage":0,"enemies":"Large Slime","floor":14,"turns":4},{"damage":0,"enemies":"The Guardian","floor":16,"turns":13},{"damage":14,"enemies":"Spheric Guardian","floor":18,"turns":4},{"damage":2,"enemies":"Chosen","floor":19,"turns":5},{"damage":9,"enemies":"Shelled Parasite and Fungi","floor":22,"turns":8},{"damage":21,"enemies":"Snake Plant","floor":24,"turns":7},{"damage":24,"enemies":"Cultist and Chosen","floor":27,"turns":7},{"damage":9,"enemies":"Centurion and Healer","floor":28,"turns":5},{"damage":7,"enemies":"3 Cultists","floor":31,"turns":3},{"damage":82,"enemies":"Champ","floor":33,"turns":10}],"seed_played":"4870282504958871134","potions_obtained":[{"floor":5,"key":"LiquidBronze"},{"floor":7,"key":"SteroidPotion"},{"floor":12,"key":"EssenceOfSteel"},{"floor":17,"key":"SteroidPotion"},{"floor":19,"key":"SkillPotion"},{"floor":24,"key":"Energy Potion"},{"floor":31,"key":"PowerPotion"}],"is_trial":false,"path_per_floor":["M","?","M","?","M","R","M","$","T","M","?","M","M","M","R","B",null,"M","M","?","$","M","R","M","R","T","M","M","$","?","M","R","B"],"character_chosen":"THE_SILENT","items_purchased":["Quick Slash","Outmaneuver","Darkstone Periapt","Crippling Poison","Envenom"],"campfire_rested":2,"item_purchase_floors":[8,8,21,21,29],"current_hp_per_floor":[77,77,77,70,67,67,67,67,67,62,62,60,60,60,60,60,82,68,66,66,66,57,81,60,60,60,36,27,27,54,47,71,0],"gold":90,"neow_bonus":"TEN_PERCENT_HP_BONUS","is_prod":false,"is_daily":false,"chose_seed":false,"campfire_upgraded":3,"win_rate":0,"timestamp":1561690069,"path_taken":["M","?","M","?","M","R","M","$","T","M","?","M","?","M","R","BOSS","M","M","?","$","M","R","M","R","T","M","M","$","?","M","R","BOSS"],"build_version":"2019-01-23","purchased_purges":0,"victory":false,"max_hp_per_floor":[77,77,77,77,77,77,77,77,77,77,77,77,77,77,77,77,82,82,82,82,82,82,82,82,82,82,82,82,82,82,82,82,82],"card_choices":[{"not_picked":["Sucker Punch","Eviscerate"],"picked":"Dodge and Roll","floor":1},{"not_picked":["PiercingWail","Flechettes"],"picked":"Backstab","floor":3},{"not_picked":["Leg Sweep","Backstab"],"picked":"Heel Hook","floor":5},{"not_picked":["Dagger Throw","Dodge and Roll"],"picked":"Blade Dance","floor":7},{"not_picked":["Eviscerate","PiercingWail"],"picked":"Slice","floor":10},{"not_picked":["Caltrops","Heel Hook"],"picked":"Backflip","floor":12},{"not_picked":["Cloak And Dagger","PiercingWail"],"picked":"Blur","floor":13},{"not_picked":["Malaise","Bane"],"picked":"Poisoned Stab","floor":14},{"not_picked":["Storm of Steel","Phantasmal Killer"],"picked":"Corpse Explosion","floor":16},{"not_picked":["Reflex","Well Laid Plans"],"picked":"Slice","floor":17},{"not_picked":["Distraction","Reflex"],"picked":"Predator+1","floor":18},{"not_picked":["Predator","Outmaneuver"],"picked":"Dash","floor":19},{"not_picked":["Blur+1","Predator"],"picked":"Finisher","floor":22},{"not_picked":["Bane","Leg Sweep","Predator"],"picked":"SKIP","floor":24},{"not_picked":["Skewer","Blade Dance"],"picked":"Deadly Poison","floor":27},{"not_picked":["Outmaneuver","Slice"],"picked":"Flying Knee","floor":28},{"not_picked":["Doppelganger","Cloak And Dagger"],"picked":"Slice","floor":31}],"player_experience":275593,"relics_obtained":[{"floor":9,"key":"Anchor"},{"floor":26,"key":"Juzu Bracelet"}],"event_choices":[{"damage_healed":0,"gold_gain":0,"player_choice":"Ignored","damage_taken":0,"max_hp_gain":0,"max_hp_loss":0,"event_name":"Shining Light","floor":2,"gold_loss":0},{"damage_healed":0,"gold_gain":0,"player_choice":"Fled","damage_taken":7,"max_hp_gain":0,"max_hp_loss":0,"event_name":"Scrap Ooze","floor":4,"gold_loss":0},{"damage_healed":0,"gold_gain":51,"player_choice":"Gained Gold","damage_taken":0,"max_hp_gain":0,"max_hp_loss":0,"event_name":"Golden Wing","floor":11,"gold_loss":0},{"damage_healed":0,"gold_gain":99,"player_choice":"Stole From Cult","damage_taken":0,"max_hp_gain":0,"max_hp_loss":0,"event_name":"Nest","floor":20,"gold_loss":0},{"damage_healed":27,"gold_gain":0,"player_choice":"Heal","damage_taken":0,"max_hp_gain":0,"max_hp_loss":0,"event_name":"The Library","floor":30,"gold_loss":0}],"is_beta":false,"boss_relics":[{"not_picked":["Lizard Tail","Cursed Key"],"picked":"Tiny House"}],"items_purged_floors":[],"is_endless":false,"potions_floor_spawned":[5,7,12,19,24,31],"killed_by":"Champ","ascension_level":0}