{"gold_per_floor":[18,118,134,63,81,81,36,36,36,67,67,83,83,96,96,200,200,219,219,230,129,141,141,153,172,172,206,222,222,234,249,249,352,352,368,384,81,100,100,100,112,112,136,156,174,174,58,78,78,78],"floor_reached":51,"playtime":6834,"items_purged":["Parasite"],"score":675,"play_id":"0af5a873-2e69-41b6-9c49-b118fa404663","local_time":"20190627192737","is_ascension_mode":false,"campfire_choices":[{"data":"Zap","floor":6,"key":"SMITH"},{"data":"Dualcast","floor":8,"key":"SMITH"},{"data":"Turbo","floor":13,"key":"SMITH"},{"data":"Gash","floor":15,"key":"SMITH"},{"data":"Chill","floor":23,"key":"SMITH"},{"floor":29,"key":"REST"},{"floor":32,"key":"REST"},{"data":"Seek","floor":40,"key":"SMITH"},{"data":"Reprogram","floor":42,"key":"SMITH"},{"floor":49,"key":"REST"}],"neow_cost":"NO_GOLD","seed_source_timestamp":4411779174500,"circlet_count":0,"master_deck":["Strike_B","Strike_B","Strike_B","Defend_B","Defend_B","Defend_B","Defend_B","Zap+1","Dualcast+1","Beam Cell","Turbo+1","FTL","Conserve Battery","Gash+1","Steam","Beam Cell","Seek+1","Reprogram+1","Sweeping Beam","Chill+1","Gash","Turbo","Gash","Redo+1","Beam Cell","Go for the Eyes","Coolheaded+1","Barrage","Parasite","Flash of Steel","Melter+1"],"relics":["FrozenCore","Unceasing Top","DataDisk","Art of War","Inserter","Cables","Pen Nib","Membership Card","Lantern","PreservedInsect","Strawberry"],"potions_floor_usage":[16,25,27,33,35,38,38,50,50,50,50,50],"damage_taken":[{"damage":1,"enemies":"Jaw Worm","floor":1,"turns":3},{"damage":0,"enemies":"Cultist","floor":3,"turns":2},{"damage":1,"enemies":"2 Louse","floor":5,"turns":2},{"damage":2,"enemies":"Gremlin Nob","floor":10,"turns":3},{"damage":0,"enemies":"2 Fungi Beasts","floor":12,"turns":2},{"damage":3,"enemies":"Lots of Slimes","floor":14,"turns":3},{"damage":7,"enemies":"Slime Boss","floor":16,"turns":6},{"damage":0,"enemies":"Shell Parasite","floor":18,"turns":3},{"damage":0,"enemies":"3 Byrds","floor":20,"turns":2},{"damage":11,"enemies":"Cultist and Chosen","floor":22,"turns":7},{"damage":15,"enemies":"Snecko","floor":24,"turns":4},{"damage":11,"enemies":"Snake Plant","floor":25,"turns":3},{"damage":0,"enemies":"Book of Stabbing","floor":27,"turns":1},{"damage":0,"enemies":"Centurion and Healer","floor":28,"turns":2},{"damage":0,"enemies":"Sentry and Sphere","floor":30,"turns":1},{"damage":0,"enemies":"Snake Plant","floor":31,"turns":2},{"damage":16,"enemies":"Collector","floor":33,"turns":5},{"damage":6,"enemies":"3 Darklings","floor":35,"turns":3},{"damage":2,"enemies":"3 Shapes","floor":36,"turns":5},{"damage":0,"enemies":"Writhing Mass","floor":38,"turns":6},{"damage":4,"enemies":"3 Darklings","floor":41,"turns":3},{"damage":0,"enemies":"Sphere and 2 Shapes","floor":44,"turns":5},{"damage":15,"enemies":"Writhing Mass","floor":45,"turns":7},{"damage":7,"enemies":"Transient","floor":48,"turns":5},{"damage":14,"enemies":"Awakened One","floor":50,"turns":9}],"seed_played":"4509380328609952449","potions_obtained":[{"floor":3,"key":"Swift Potion"},{"floor":12,"key":"Swift Potion"},{"floor":16,"key":"PowerPotion"},{"floor":18,"key":"Block Potion"},{"floor":25,"key":"FocusPotion"},{"floor":27,"key":"PowerPotion"},{"floor":33,"key":"Explosive Potion"},{"floor":36,"key":"Ancient Potion"},{"floor":45,"key":"EntropicBrew"},{"floor":48,"key":"SteroidPotion"}],"is_trial":false,"path_per_floor":["M","?","M","$","M","R","$","R","T","E","?","M","R","M","R","B",null,"M","?","M","$","M","R","M","M","T","E","M","R","M","M","R","B",null,"M","M","$","M","?","R","M","R","T","M","M","?","$","M","R","B",null],"character_chosen":"DEFECT","items_purchased":["FTL","Gash","Gash","Turbo","Membership Card","Lantern","Barrage","Strawberry"],"campfire_rested":3,"item_purchase_floors":[4,7,21,21,37,37,37,47],"current_hp_per_floor":[74,74,74,74,73,73,73,73,73,71,68,68,68,65,65,58,75,75,75,75,75,64,64,49,38,38,38,38,60,60,60,75,59,75,69,67,67,67,67,67,63,63,63,63,48,48,55,48,70,56],"gold":78,"neow_bonus":"ONE_RARE_RELIC","is_prod":false,"is_daily":false,"chose_seed":false,"campfire_upgraded":7,"win_rate":0,"timestamp":1561678057,"path_taken":["M","?","M","?","M","R","$","R","T","E","?","M","R","M","R","BOSS","M","?","M","$","M","R","M","M","T","E","M","R","?","M","R","BOSS","M","M","$","M","?","R","M","R","T","M","M","?","$","M","R","BOSS"],"build_version":"2019-01-23","purchased_purges":1,"victory":true,"max_hp_per_floor":[75,75,75,75,75,75,75,75,75,75,75,75,75,75,75,75,75,75,75,75,75,75,75,75,75,75,75,75,75,75,75,75,75,75,75,75,75,75,71,71,71,71,71,71,71,71,75,75,75,75],"card_choices":[{"not_picked":["Ball Lightning","Redo"],"picked":"Beam Cell","floor":1},{"not_picked":["Rebound","Streamline"],"picked":"Turbo","floor":3},{"not_picked":["Reinforced Body","Thunder Strike"],"picked":"Conserve Battery","floor":5},{"not_picked":["Heatsinks","Rebound"],"picked":"Steam","floor":10},{"not_picked":["Fusion","Barrage","Force Field"],"picked":"SKIP","floor":12},{"not_picked":["Fusion","Barrage","Force Field"],"picked":"SKIP","floor":12},{"not_picked":["Defragment","Conserve Battery"],"picked":"Beam Cell","floor":14},{"not_picked":["Creative AI","Thunder Strike"],"picked":"Seek","floor":16},{"not_picked":["Barrage","Static Discharge"],"picked":"Reprogram","floor":18},{"not_picked":["Static Discharge","Redo"],"picked":"Chill","floor":20},{"not_picked":["Defragment","Streamline"],"picked":"Gash","floor":22},{"not_picked":["Leap","Hologram"],"picked":"Redo+1","floor":24},{"not_picked":["Sunder+1","Core Surge","Skim"],"picked":"SKIP","floor":25},{"not_picked":["BootSequence","Steam"],"picked":"Beam Cell","floor":27},{"not_picked":["Rebound+1","Sweeping Beam","Cold Snap"],"picked":"SKIP","floor":28},{"not_picked":["Consume","Cold Snap+1","Beam Cell"],"picked":"SKIP","floor":30},{"not_picked":["Sweeping Beam","Storm"],"picked":"Go for the Eyes","floor":31},{"not_picked":["Storm","Ball Lightning+1","Compile Driver+1"],"picked":"SKIP","floor":35},{"not_picked":["Ball Lightning","Skim"],"picked":"Coolheaded+1","floor":36},{"not_picked":["Capacitor","Stack+1","Go for the Eyes+1"],"picked":"SKIP","floor":38},{"not_picked":["Redo","Leap","Rip and Tear"],"picked":"SKIP","floor":41},{"not_picked":["Cold Snap","Beam Cell","Meteor Strike"],"picked":"SKIP","floor":44},{"not_picked":["Go for the Eyes","Tempest","Turbo+1"],"picked":"SKIP","floor":45},{"not_picked":["Discovery","Enlightenment"],"picked":"Flash of Steel","floor":46},{"not_picked":["Gash+1","Leap+1"],"picked":"Melter+1","floor":48}],"player_experience":268759,"relics_obtained":[{"floor":9,"key":"DataDisk"},{"floor":10,"key":"Art of War"},{"floor":26,"key":"Cables"},{"floor":27,"key":"Pen Nib"},{"floor":43,"key":"PreservedInsect"}],"event_choices":[{"damage_healed":0,"gold_gain":100,"player_choice":"Pray","damage_taken":0,"max_hp_gain":0,"max_hp_loss":0,"event_name":"Golden Shrine","floor":2,"gold_loss":0},{"damage_healed":0,"gold_gain":0,"player_choice":"Fled","damage_taken":3,"max_hp_gain":0,"max_hp_loss":0,"event_name":"Scrap Ooze","floor":11,"gold_loss":0},{"damage_healed":0,"gold_gain":0,"cards_transformed":["Strike_B"],"player_choice":"Transformed","damage_taken":0,"max_hp_gain":0,"max_hp_loss":0,"event_name":"Transmorgrifier","floor":19,"gold_loss":0,"cards_obtained":["Sweeping Beam"]},{"damage_healed":0,"gold_gain":0,"player_choice":"Max HP","damage_taken":0,"max_hp_gain":0,"max_hp_loss":4,"event_name":"Winding Halls","floor":39,"gold_loss":0},{"damage_healed":0,"gold_gain":0,"player_choice":"Memory 1","damage_taken":0,"max_hp_gain":0,"max_hp_loss":0,"event_name":"SensoryStone","floor":46,"gold_loss":0}],"is_beta":false,"boss_relics":[{"not_picked":["Ectoplasm","Orrery"],"picked":"Inserter"},{"not_picked":["White Beast Statue","Lizard Tail"],"picked":"FrozenCore"}],"items_purged_floors":[47],"is_endless":false,"potions_floor_spawned":[3,12,16,18,24,25,27,33,36,45,48],"ascension_level":0}