{"gold_per_floor":[112,187,207,225,242,242,272,284,332,344,139,150,169,244,244,244],"floor_reached":16,"playtime":1066,"items_purged":[],"score":104,"play_id":"1b249c44-872a-437f-a56b-3f1b97f3c021","local_time":"20190628155140","is_ascension_mode":false,"campfire_choices":[{"floor":6,"key":"REST"},{"floor":10,"key":"REST"},{"floor":15,"key":"REST"}],"neow_cost":"NONE","seed_source_timestamp":83744619637800,"circlet_count":0,"master_deck":["Strike_B","Strike_B","Strike_B","Strike_B","Defend_B","Defend_B","Defend_B","Defend_B","Zap","Dualcast","Chaos","Go for the Eyes","Compile Driver","Compile Driver","Capacitor","Blizzard","Loop","All For One","Streamline","BootSequence"],"relics":["Cracked Core","Meat on the Bone","MawBank"],"potions_floor_usage":[],"damage_taken":[{"damage":0,"enemies":"Cultist","floor":1,"turns":4},{"damage":5,"enemies":"Jaw Worm","floor":3,"turns":4},{"damage":7,"enemies":"Small Slimes","floor":4,"turns":3},{"damage":12,"enemies":"Looter","floor":5,"turns":3},{"damage":34,"enemies":"3 Sentries","floor":7,"turns":8},{"damage":4,"enemies":"Exordium Wildlife","floor":8,"turns":4},{"damage":19,"enemies":"Blue Slaver","floor":12,"turns":5},{"damage":9,"enemies":"Red Slaver","floor":13,"turns":3},{"damage":57,"enemies":"Hexaghost","floor":16,"turns":10}],"seed_played":"-1291796877074058746","potions_obtained":[{"floor":1,"key":"GamblersBrew"},{"floor":8,"key":"EssenceOfSteel"},{"floor":12,"key":"Dexterity Potion"}],"is_trial":false,"path_per_floor":["M","?","M","M","M","R","E","M","T","R","$","M","M","?","R","B"],"character_chosen":"DEFECT","items_purchased":["Loop","All For One"],"campfire_rested":3,"item_purchase_floors":[11,11],"current_hp_per_floor":[82,74,69,62,50,74,40,48,48,72,72,53,44,33,57,0],"gold":244,"neow_bonus":"TEN_PERCENT_HP_BONUS","is_prod":false,"is_daily":false,"chose_seed":false,"campfire_upgraded":0,"win_rate":0.0,"timestamp":1561719100,"path_taken":["M","?","M","M","?","R","E","M","T","R","$","M","M","?","R","BOSS"],"build_version":"2019-01-23","purchased_purges":0,"victory":false,"max_hp_per_floor":[82,82,82,82,82,82,82,82,82,82,82,82,82,82,82,82],"card_choices":[{"not_picked":["Gash","Rebound"],"picked":"Chaos","floor":1},{"not_picked":["Rebound","Sweeping Beam"],"picked":"Go for the Eyes","floor":3},{"not_picked":["Rebound","Self Repair"],"picked":"Compile Driver","floor":4},{"not_picked":["Leap","Reinforced Body"],"picked":"Compile Driver","floor":5},{"not_picked":["Static Discharge","Barrage"],"picked":"Capacitor","floor":7},{"not_picked":["Rebound","Leap"],"picked":"Blizzard","floor":8},{"not_picked":["Steam Power","Buffer"],"picked":"Streamline","floor":12},{"not_picked":["Steam","Genetic Algorithm"],"picked":"BootSequence","floor":13}],"player_experience":28633,"relics_obtained":[{"floor":7,"key":"Meat on the Bone"},{"floor":9,"key":"MawBank"}],"event_choices":[{"damage_healed":0,"gold_gain":75,"player_choice":"Touch","damage_taken":8,"max_hp_gain":0,"max_hp_loss":0,"event_name":"FaceTrader","floor":2,"gold_loss":0},{"damage_healed":0,"gold_gain":75,"player_choice":"Gather Gold","damage_taken":11,"max_hp_gain":0,"max_hp_loss":0,"event_name":"World of Goop","floor":14,"gold_loss":0}],"is_beta":false,"boss_relics":[],"items_purged_floors":[],"is_endless":false,"potions_floor_spawned":[1,8,12],"killed_by":"Hexaghost","ascension_level":0}