{"gold_per_floor":[110,122,137,19,34,34,64,81,81,81,112,112,162,194,194,267,267,287,300,300,300,317,317],"floor_reached":23,"playtime":1382,"items_purged":[],"score":369,"play_id":"e200152a-2359-4137-bdc6-61bfd3bd369b","local_time":"20190714135857","is_ascension_mode":true,"campfire_choices":[{"floor":6,"key":"REST"},{"data":"Terror","floor":10,"key":"SMITH"},{"floor":12,"key":"REST"},{"floor":15,"key":"REST"}],"neow_cost":"NONE","seed_source_timestamp":61995978034007,"circlet_count":0,"master_deck":["AscendersBane","Strike_G","Strike_G","Defend_G","Defend_G","Defend_G","Defend_G","Defend_G","Survivor","Neutralize","Terror+1","Footwork","Leg Sweep","Predator","Dodge and Roll","Footwork","Noxious Fumes","Phantasmal Killer","Acrobatics+1","Leg Sweep+1","Leg Sweep+1","Deflect+1","Well Laid Plans"],"relics":["Ring of the Snake","Pen Nib","Mercury Hourglass","Potion Belt","Dead Branch","Astrolabe","Gremlin Horn"],"potions_floor_usage":[5,11,16,22],"damage_taken":[{"damage":0,"enemies":"Cultist","floor":1,"turns":4},{"damage":1,"enemies":"2 Louse","floor":2,"turns":4},{"damage":5,"enemies":"Jaw Worm","floor":3,"turns":4},{"damage":16,"enemies":"Lots of Slimes","floor":5,"turns":7},{"damage":12,"enemies":"Gremlin Nob","floor":7,"turns":5},{"damage":2,"enemies":"Large Slime","floor":8,"turns":6},{"damage":25,"enemies":"3 Sentries","floor":11,"turns":6},{"damage":4,"enemies":"Lagavulin","floor":14,"turns":8},{"damage":19,"enemies":"Hexaghost","floor":16,"turns":8},{"damage":3,"enemies":"Shell Parasite","floor":18,"turns":9},{"damage":15,"enemies":"Spheric Guardian","floor":19,"turns":8},{"damage":0,"enemies":"3 Cultists","floor":22,"turns":6},{"damage":43,"enemies":"Slavers","floor":23,"turns":6}],"seed_played":"2432965836524481961","potions_obtained":[{"floor":2,"key":"Poison Potion"},{"floor":3,"key":"LiquidBronze"},{"floor":7,"key":"PowerPotion"},{"floor":16,"key":"SkillPotion"},{"floor":22,"key":"Dexterity Potion"}],"is_trial":false,"path_per_floor":["M","M","M","$","M","R","E","M","T","R","E","R","?","E","R","B",null,"M","M","?","?","M","E"],"character_chosen":"THE_SILENT","items_purchased":["Predator","Dodge and Roll"],"campfire_rested":3,"item_purchase_floors":[4,4],"current_hp_per_floor":[59,58,53,53,37,56,44,42,42,42,17,36,36,32,51,32,58,55,40,40,40,40,0],"gold":317,"neow_bonus":"RANDOM_COMMON_RELIC","is_prod":false,"is_daily":false,"chose_seed":false,"campfire_upgraded":1,"win_rate":0,"timestamp":1563127137,"path_taken":["M","?","M","$","M","R","E","M","T","R","E","R","?","E","R","BOSS","M","?","?","?","M","E"],"build_version":"2019-07-05","purchased_purges":0,"victory":false,"max_hp_per_floor":[66,66,66,66,66,66,66,66,66,66,66,66,66,66,66,66,66,66,66,66,66,66,66],"card_choices":[{"not_picked":["Prepared","Poisoned Stab"],"picked":"Terror","floor":1},{"not_picked":["Bane","Prepared"],"picked":"Footwork","floor":2},{"not_picked":["Noxious Fumes","Poisoned Stab"],"picked":"Leg Sweep","floor":3},{"not_picked":["PiercingWail","Quick Slash"],"picked":"Footwork","floor":5},{"not_picked":["Tools of the Trade","Calculated Gamble","PiercingWail"],"picked":"SKIP","floor":7},{"not_picked":["Terror","Endless Agony","Flying Knee"],"picked":"SKIP","floor":8},{"not_picked":["Crippling Poison","Dagger Spray"],"picked":"Noxious Fumes","floor":11},{"not_picked":["Infinite Blades","Blade Dance","Outmaneuver"],"picked":"SKIP","floor":14},{"not_picked":["Tools of the Trade","Wraith Form v2"],"picked":"Phantasmal Killer","floor":16},{"not_picked":["Prepared","Backstab"],"picked":"Deflect+1","floor":18},{"not_picked":["PiercingWail","Prepared"],"picked":"Well Laid Plans","floor":19},{"not_picked":["Finisher","Acrobatics","Sucker Punch"],"picked":"SKIP","floor":22}],"player_experience":533240,"relics_obtained":[{"floor":7,"key":"Mercury Hourglass"},{"floor":11,"key":"Potion Belt"},{"floor":14,"key":"Dead Branch"}],"event_choices":[{"damage_healed":0,"gold_gain":50,"player_choice":"Pray","damage_taken":0,"max_hp_gain":0,"max_hp_loss":0,"event_name":"Golden Shrine","floor":13,"gold_loss":0},{"damage_healed":0,"gold_gain":0,"player_choice":"Opened","damage_taken":0,"relics_obtained":["Gremlin Horn"],"max_hp_gain":0,"max_hp_loss":0,"event_name":"The Mausoleum","floor":20,"gold_loss":0,"cards_obtained":["Writhe"]},{"cards_removed":["Writhe"],"damage_healed":0,"gold_gain":0,"player_choice":"Removed Curses","damage_taken":0,"max_hp_gain":0,"max_hp_loss":0,"event_name":"Fountain of Cleansing","floor":21,"gold_loss":0}],"is_beta":false,"boss_relics":[{"not_picked":["Calling Bell","Ring of the Serpent"],"picked":"Astrolabe"}],"items_purged_floors":[],"is_endless":false,"potions_floor_spawned":[2,3,7,16,22],"killed_by":"Slavers","ascension_level":15}