{"gold_per_floor":[18,18,93,93,113,152,152,188,214,237,273,273,198,218,218,349,349,373,373,273,273,188,228,228,228,279,315,315,355,409,445,445,575,575,596,616,368,383,401,401,9,25,106,106,126,162,162,196,196,196,196,196,18,52,52],"floor_reached":56,"playtime":3957,"items_purged":["Strike_R","Writhe","Strike_R+1"],"score":1529,"play_id":"c5368f8c-fe8b-4c10-bf89-07eeb238d2dd","local_time":"20190717232027","is_ascension_mode":true,"campfire_choices":[{"floor":7.0,"key":"REST"},{"floor":15,"key":"REST"},{"data":"1","floor":25,"key":"LIFT"},{"data":"2","floor":28,"key":"LIFT"},{"data":"3","floor":32,"key":"LIFT"},{"data":"Demon Form","floor":40,"key":"SMITH"},{"floor":44,"key":"RECALL"},{"data":"Whirlwind","floor":47,"key":"SMITH"},{"data":"Ghostly","floor":49,"key":"SMITH"},{"data":"Twin Strike","floor":52,"key":"SMITH"}],"neow_cost":"NO_GOLD","seed_source_timestamp":0,"circlet_count":0,"master_deck":["Strike_R+1","Strike_R+1","Defend_R+1","Defend_R+1","Defend_R+1","Bash","Offering","Evolve","Uppercut+1","Power Through","Disarm","Metallicize","Rupture","Reaper","Whirlwind+1","Ghostly+1","Ghostly","Ghostly","Ghostly","Ghostly","Dropkick","Bloodletting","Headbutt","Demon Form+1","Intimidate+1","Anger+1","Twin Strike+1","Cleave+1","Twin Strike+1","Juggernaut","Dual Wield+1","Rage","Shrug It Off","Seeing Red","Impervious"],"special_seed":0,"relics":["Burning Blood","Golden Idol","Bag of Preparation","Strawberry","Anchor","NlothsMask","Philosopher\u0027s Stone","Girya","PreservedInsect","Happy Flower","Pocketwatch","Singing Bowl","Ancient Tea Set","Lantern","Mark of Pain","Strange Spoon","Toolbox","Darkstone Periapt","Bottled Flame","Boot","Charon\u0027s Ashes"],"potions_floor_usage":[11,18,27,33,46,46,54,55,55],"damage_taken":[{"damage":8.0,"enemies":"Jaw Worm","floor":1.0,"turns":4.0},{"damage":11.0,"enemies":"Small Slimes","floor":5.0,"turns":3.0},{"damage":21.0,"enemies":"3 Sentries","floor":6.0,"turns":9.0},{"damage":16.0,"enemies":"Lagavulin","floor":8.0,"turns":5.0},{"damage":0.0,"enemies":"Cultist","floor":10.0,"turns":3.0},{"damage":24,"enemies":"3 Sentries","floor":11,"turns":10},{"damage":6,"enemies":"Large Slime","floor":14,"turns":5},{"damage":31,"enemies":"The Guardian","floor":16,"turns":15},{"damage":18,"enemies":"Spheric Guardian","floor":18,"turns":7},{"damage":2,"enemies":"Book of Stabbing","floor":23,"turns":6},{"damage":9,"enemies":"Slavers","floor":27,"turns":4},{"damage":12,"enemies":"Gremlin Leader","floor":29,"turns":4},{"damage":4,"enemies":"Book of Stabbing","floor":31,"turns":4},{"damage":32,"enemies":"Automaton","floor":33,"turns":7},{"damage":10,"enemies":"3 Shapes","floor":35,"turns":5},{"damage":3,"enemies":"Orb Walker","floor":36,"turns":4},{"damage":7,"enemies":"Sphere and 2 Shapes","floor":38,"turns":5},{"damage":1,"enemies":"3 Darklings","floor":39,"turns":3},{"damage":0,"enemies":"Jaw Worm Horde","floor":42,"turns":4},{"damage":8,"enemies":"Sphere and 2 Shapes","floor":45,"turns":4},{"damage":2,"enemies":"Nemesis","floor":46,"turns":5},{"damage":4,"enemies":"Reptomancer","floor":48,"turns":3},{"damage":36,"enemies":"Awakened One","floor":50,"turns":9},{"damage":0,"enemies":"Shield and Spear","floor":54,"turns":5},{"damage":57,"enemies":"The Heart","floor":55,"turns":9}],"seed_played":"7073015534712230498","potions_obtained":[{"floor":5.0,"key":"Block Potion"},{"floor":6.0,"key":"AttackPotion"},{"floor":10.0,"key":"Explosive Potion"},{"floor":14,"key":"Ancient Potion"},{"floor":18,"key":"PowerPotion"},{"floor":23,"key":"PowerPotion"},{"floor":29,"key":"Block Potion"},{"floor":33,"key":"FearPotion"},{"floor":35,"key":"BloodPotion"},{"floor":39,"key":"AttackPotion"},{"floor":45,"key":"Energy Potion"},{"floor":46,"key":"Block Potion"},{"floor":54,"key":"Poison Potion"}],"is_trial":false,"path_per_floor":["M","?","?","?","M","E","R","E","T","M","E","?","$","M","R","B",null,"M","?","$","?","?","E","?","R","T","E","R","E","T","E","R","B",null,"M","M","$","M","M","R","$","M","T","R","M","E","R","E","R","B",null,"R","$","E","B",null],"character_chosen":"IRONCLAD","items_purchased":["Strange Spoon","Twin Strike","Juggernaut","Toolbox","Seeing Red","Impervious"],"campfire_rested":2,"item_purchase_floors":[37,37,41,41,53,53],"current_hp_per_floor":[78,58,47,47,42,27,51,48,48,54,36,36,36,36,62,37,87,75,75,75,43,43,43,43,43,43,43,43,43,43,45,45,36,45,41,44,44,43,45,45,45,47,47,47,45,47,47,47,47,17,47,47,47,49,29],"gold":52,"neow_bonus":"TRANSFORM_TWO_CARDS","is_prod":false,"is_daily":false,"chose_seed":false,"campfire_upgraded":4,"win_rate":0,"timestamp":1563398427,"path_taken":["M","?","?","?","?","E","R","E","T","M","E","?","$","?","R","BOSS","M","?","$","?","?","E","?","R","T","E","R","E","?","E","R","BOSS","M","M","$","M","M","R","$","M","T","R","M","E","R","E","R","BOSS","R","$","E","BOSS"],"build_version":"2019-07-05","purchased_purges":3,"victory":true,"max_hp_per_floor":[80,80,80,80,80,80,80,87,87,87,87,87,87,87,87,87,87,87,87,87,43,43,43,43,43,43,43,43,43,43,45,45,45,45,45,45,45,45,45,45,45,47,47,47,47,47,47,47,47,47,47,47,47,49,49],"card_choices":[{"not_picked":["Body Slam","Wild Strike"],"picked":"Uppercut","floor":1.0},{"not_picked":["Pummel","Warcry"],"picked":"Power Through","floor":5.0},{"not_picked":["Burning Pact","Headbutt","Corruption"],"picked":"SKIP","floor":6.0},{"not_picked":["Hemokinesis","Sword Boomerang"],"picked":"Disarm","floor":8.0},{"not_picked":["Intimidate","Headbutt"],"picked":"Metallicize","floor":10.0},{"not_picked":["Iron Wave","Pommel Strike","True Grit"],"picked":"SKIP","floor":11},{"not_picked":["Carnage","Heavy Blade"],"picked":"Rupture","floor":14},{"not_picked":["Dark Embrace","Bludgeon"],"picked":"Reaper","floor":16},{"not_picked":["Sentinel","True Grit"],"picked":"Whirlwind","floor":18},{"not_picked":["Impervious","Spot Weakness"],"picked":"Dropkick","floor":23},{"not_picked":["Intimidate","Wild Strike"],"picked":"Bloodletting","floor":27},{"not_picked":["Thunderclap","Clothesline"],"picked":"Headbutt","floor":29},{"not_picked":["Feel No Pain","Bloodletting","Iron Wave"],"picked":"Singing Bowl","floor":31},{"not_picked":["Offering","Berserk"],"picked":"Demon Form","floor":33},{"not_picked":["Thunderclap+1","Sever Soul+1"],"picked":"Intimidate+1","floor":35},{"not_picked":["Seeing Red+1","True Grit"],"picked":"Anger+1","floor":36},{"not_picked":["Iron Wave+1","Warcry+1"],"picked":"Cleave+1","floor":38},{"not_picked":["Searing Blow+1","Iron Wave+1"],"picked":"Twin Strike+1","floor":39},{"not_picked":["Brutality","Sentinel+1","Bloodletting+1"],"picked":"Singing Bowl","floor":42},{"not_picked":["Seeing Red","Clothesline"],"picked":"Dual Wield+1","floor":45},{"not_picked":["Whirlwind","Warcry+1"],"picked":"Rage","floor":46},{"not_picked":["Warcry","Entrench"],"picked":"Shrug It Off","floor":48},{"not_picked":["Warcry","Havoc","Headbutt"],"picked":"Singing Bowl","floor":54}],"player_experience":198091,"relics_obtained":[{"floor":6.0,"key":"Bag of Preparation"},{"floor":8.0,"key":"Strawberry"},{"floor":11,"key":"Anchor"},{"floor":23,"key":"Happy Flower"},{"floor":27,"key":"Pocketwatch"},{"floor":29,"key":"Singing Bowl"},{"floor":30,"key":"Ancient Tea Set"},{"floor":31,"key":"Lantern"},{"floor":43,"key":"Darkstone Periapt"},{"floor":46,"key":"Bottled Flame"},{"floor":48,"key":"Boot"},{"floor":54,"key":"Charon\u0027s Ashes"}],"event_choices":[{"damage_healed":0.0,"max_hp_gain":0.0,"max_hp_loss":0.0,"gold_gain":0.0,"event_name":"Golden Idol","player_choice":"Take Damage","floor":2.0,"gold_loss":0.0,"damage_taken":20.0,"relics_obtained":["Golden Idol"]},{"damage_healed":0.0,"max_hp_gain":0.0,"max_hp_loss":0.0,"gold_gain":75.0,"event_name":"World of Goop","player_choice":"Gather Gold","floor":3.0,"gold_loss":0.0,"damage_taken":11.0},{"damage_healed":0.0,"max_hp_gain":0.0,"max_hp_loss":0.0,"gold_gain":0.0,"event_name":"Living Wall","player_choice":"Grow","floor":4.0,"gold_loss":0.0,"damage_taken":0.0,"cards_upgraded":["Uppercut"]},{"damage_healed":0,"gold_gain":0,"player_choice":"Trade","damage_taken":0,"relics_obtained":["NlothsMask"],"max_hp_gain":0,"max_hp_loss":0,"event_name":"FaceTrader","floor":12,"gold_loss":0},{"damage_healed":0,"gold_gain":0,"player_choice":"Opened","damage_taken":0,"relics_obtained":["Girya"],"max_hp_gain":0,"max_hp_loss":0,"event_name":"The Mausoleum","floor":19,"gold_loss":0,"cards_obtained":["Writhe"]},{"damage_healed":0,"gold_gain":0,"player_choice":"Became a Ghost","damage_taken":0,"max_hp_gain":0,"max_hp_loss":44,"event_name":"Ghosts","floor":21,"gold_loss":0,"cards_obtained":["Ghostly","Ghostly","Ghostly","Ghostly","Ghostly"]},{"damage_healed":0,"gold_gain":0,"player_choice":"Obtained Relic","damage_taken":0,"relics_obtained":["PreservedInsect"],"max_hp_gain":0,"max_hp_loss":0,"event_name":"Addict","floor":22,"gold_loss":85},{"damage_healed":0,"gold_gain":0,"player_choice":"Simplicity","damage_taken":0,"max_hp_gain":0,"max_hp_loss":0,"event_name":"Back to Basics","floor":24,"gold_loss":0,"cards_upgraded":["Strike_R","Strike_R","Strike_R","Defend_R","Defend_R","Defend_R"]}],"is_beta":false,"boss_relics":[{"not_picked":["Runic Pyramid","Eternal Feather"],"picked":"Philosopher\u0027s Stone"},{"not_picked":["Runic Cube","Orrery"],"picked":"Mark of Pain"}],"items_purged_floors":[13,20,41],"is_endless":false,"potions_floor_spawned":[5,6,10,14,18,23,29,33,35,39,45,46,54],"ascension_level":3}