{"gold_per_floor":[109,109,109,5,5,38,38,38,63,63,88,88,113,132,132,208,208,228,239,139,139,154,185,185,5,32,82,97,113,129,142,142,142],"floor_reached":33,"playtime":1409,"items_purged":["Strike_B","Strike_B","Defend_B"],"score":616,"play_id":"aa8cd5c8-84c4-412c-8807-cde7c3238b07","local_time":"20190721154940","is_ascension_mode":true,"campfire_choices":[{"data":"Zap","floor":8,"key":"SMITH"},{"data":"Dualcast","floor":10,"key":"SMITH"},{"data":"Defragment","floor":15,"key":"SMITH"},{"floor":24,"key":"REST"},{"floor":32,"key":"REST"}],"neow_cost":"NONE","seed_source_timestamp":84375489399152,"circlet_count":0,"master_deck":["AscendersBane","Defend_B","Defend_B","Defend_B","Zap+1","Dualcast+1","Auto Shields","Cold Snap","Go for the Eyes","Gash","Defragment+1","Beam Cell","Core Surge","BootSequence","Loop","Electrodynamics","Leap","Multi-Cast","Gash","Coolheaded","Glacier","Seek","Gash"],"relics":["Cracked Core","NeowsBlessing","Gremlin Horn","Vajra","Oddly Smooth Stone","Pocketwatch","Question Card","Letter Opener","Nuclear Battery","Bottled Lightning","Strawberry"],"potions_floor_usage":[33],"damage_taken":[{"damage":0,"enemies":"Small Slimes","floor":1,"turns":1},{"damage":0,"enemies":"3 Sentries","floor":6,"turns":1},{"damage":0,"enemies":"Gremlin Nob","floor":11,"turns":1},{"damage":3,"enemies":"Lagavulin","floor":13,"turns":6},{"damage":0,"enemies":"Jaw Worm","floor":14,"turns":2},{"damage":14,"enemies":"Hexaghost","floor":16,"turns":12},{"damage":24,"enemies":"2 Thieves","floor":18,"turns":4},{"damage":8,"enemies":"3 Byrds","floor":19,"turns":4},{"damage":5,"enemies":"Snake Plant","floor":22,"turns":4},{"damage":17,"enemies":"Book of Stabbing","floor":23,"turns":7},{"damage":20,"enemies":"Cultist and Chosen","floor":28,"turns":4},{"damage":3,"enemies":"Centurion and Healer","floor":29,"turns":8},{"damage":2,"enemies":"Chosen and Byrds","floor":30,"turns":5},{"damage":11,"enemies":"Shelled Parasite and Fungi","floor":31,"turns":5},{"damage":57,"enemies":"Champ","floor":33,"turns":14}],"seed_played":"-5318523285964912372","potions_obtained":[{"floor":11,"key":"FairyPotion"},{"floor":13,"key":"Ancient Potion"},{"floor":31,"key":"Dexterity Potion"}],"is_trial":false,"path_per_floor":["M","?","?","$","$","E","$","R","T","R","E","T","E","M","R","B",null,"M","M","$","?","M","E","R","$","T","?","M","M","M","M","R","B"],"character_chosen":"DEFECT","items_purchased":["Cold Snap","Gash"],"campfire_rested":2,"item_purchase_floors":[4,25],"current_hp_per_floor":[64,64,59,59,59,59,59,59,59,59,59,59,56,56,56,42,64,40,32,32,32,27,10,31,31,38,38,18,15,13,2,25,0],"gold":142,"neow_bonus":"THREE_ENEMY_KILL","is_prod":false,"is_daily":false,"chose_seed":false,"campfire_upgraded":3,"win_rate":0,"timestamp":1563738580,"path_taken":["M","?","?","?","$","E","$","R","T","R","E","?","E","M","R","BOSS","M","M","$","?","M","E","R","$","T","?","?","M","M","?","R","BOSS"],"build_version":"2019-07-17","purchased_purges":3,"victory":false,"max_hp_per_floor":[71,71,71,71,71,71,71,71,71,71,71,71,71,71,71,71,71,71,71,71,71,71,71,71,71,78,78,78,78,78,78,78,78],"card_choices":[{"not_picked":["Go for the Eyes","Hello World"],"picked":"Auto Shields","floor":1},{"not_picked":["Steam Power","Barrage"],"picked":"Go for the Eyes","floor":6},{"not_picked":["Coolheaded","Lockon"],"picked":"Gash","floor":11},{"not_picked":["Doom and Gloom","Seek","Melter"],"picked":"Defragment","floor":13},{"not_picked":["Go for the Eyes","Compile Driver","Streamline"],"picked":"Beam Cell","floor":14},{"not_picked":["Meteor Strike","Rainbow","Reboot"],"picked":"Core Surge","floor":16},{"not_picked":["Sweeping Beam","Go for the Eyes","Aggregate"],"picked":"BootSequence","floor":18},{"not_picked":["Barrage","Lockon","Chill"],"picked":"Loop","floor":19},{"not_picked":["Sweeping Beam","Go for the Eyes","Ball Lightning","Beam Cell"],"picked":"SKIP","floor":22},{"not_picked":["Aggregate","Hologram","Conserve Battery"],"picked":"Multi-Cast","floor":23},{"not_picked":["Redo","Streamline+1","Steam Power"],"picked":"Coolheaded","floor":28},{"not_picked":["Turbo","Leap","Doom and Gloom"],"picked":"Glacier","floor":29},{"not_picked":["Scrape","Fusion","Leap"],"picked":"Seek","floor":30},{"not_picked":["Cold Snap","Leap","Sweeping Beam"],"picked":"Gash","floor":31}],"player_experience":570522,"relics_obtained":[{"floor":6,"key":"Vajra"},{"floor":9,"key":"Oddly Smooth Stone"},{"floor":11,"key":"Pocketwatch"},{"floor":12,"key":"Question Card"},{"floor":13,"key":"Letter Opener"},{"floor":23,"key":"Bottled Lightning"},{"floor":26,"key":"Strawberry"}],"event_choices":[{"damage_healed":0,"gold_gain":0,"player_choice":"Ignored","damage_taken":0,"max_hp_gain":0,"max_hp_loss":0,"event_name":"Liars Game","floor":2,"gold_loss":0},{"damage_healed":0,"gold_gain":0,"player_choice":"Success","damage_taken":5,"relics_obtained":["Gremlin Horn"],"max_hp_gain":0,"max_hp_loss":0,"event_name":"Scrap Ooze","floor":3,"gold_loss":0},{"damage_healed":0,"gold_gain":0,"cards_transformed":["Strike_B","Strike_B"],"player_choice":"Became Test Subject","damage_taken":0,"max_hp_gain":0,"max_hp_loss":0,"event_name":"Drug Dealer","floor":21,"gold_loss":0,"cards_obtained":["Electrodynamics","Leap"]},{"damage_healed":0,"gold_gain":50,"player_choice":"Pray","damage_taken":0,"max_hp_gain":0,"max_hp_loss":0,"event_name":"Golden Shrine","floor":27,"gold_loss":0}],"is_beta":false,"boss_relics":[{"not_picked":["Snecko Eye","Calling Bell"],"picked":"Nuclear Battery"}],"items_purged_floors":[4,20,25],"is_endless":false,"potions_floor_spawned":[11,13,16,18,23,28,31],"killed_by":"Champ","ascension_level":17}