{"gold_per_floor":[114,134,151,151,116,116,116,178,260,277,277,290,290,301,301,301],"floor_reached":16,"playtime":255,"items_purged":[],"score":92,"play_id":"78f6abf0-59cd-4281-ba07-e1ac09a4c980","local_time":"20180814211641","is_ascension_mode":false,"campfire_choices":[{"data":"Bash","floor":6,"key":"SMITH"},{"data":"Spot Weakness","floor":11,"key":"SMITH"},{"data":"Armaments","floor":15,"key":"SMITH"}],"neow_cost":"NONE","seed_source_timestamp":246025175675562,"circlet_count":0,"master_deck":["Strike_R","Strike_R","Strike_R","Strike_R","Defend_R","Defend_R","Defend_R","Defend_R","Bash+1","Spot Weakness+1","Armaments+1","Shrug It Off","Sword Boomerang","Headbutt","Anger"],"relics":["Black Star"],"potions_floor_usage":[],"damage_taken":[{"damage":18,"enemies":"Jaw Worm","floor":1,"turns":4},{"damage":0,"enemies":"Small Slimes","floor":2,"turns":3},{"damage":1,"enemies":"Cultist","floor":3,"turns":4},{"damage":0,"enemies":"Red Slaver","floor":10,"turns":5},{"damage":13,"enemies":"3 Louse","floor":12,"turns":3},{"damage":10,"enemies":"Lots of Slimes","floor":14,"turns":3},{"damage":0,"enemies":"Slime Boss","floor":16,"turns":1}],"seed_played":"7233414929439889386","potions_obtained":[{"floor":1,"key":"Ancient Potion"}],"is_trial":false,"path_per_floor":["M","M","M","?","$","R","?","?","T","M","R","M","?","M","R"],"character_chosen":"IRONCLAD","items_purchased":["Power Through"],"campfire_rested":0,"item_purchase_floors":[5],"current_hp_per_floor":[62,62,61,61,61,61,61,61,61,61,61,48,80,70,70,70],"gold":301,"neow_bonus":"BOSS_RELIC","is_prod":false,"is_daily":false,"chose_seed":false,"campfire_upgraded":3,"win_rate":0,"timestamp":1534295801,"path_taken":["M","M","M","?","$","R","?","?","T","?","R","M","?","M","R","BOSS"],"build_version":"2018-08-09","purchased_purges":0,"victory":false,"max_hp_per_floor":[80,80,80,80,80,80,80,80,80,80,80,80,80,80,80,80],"card_choices":[{"not_picked":["Thunderclap","Shrug It Off"],"picked":"Spot Weakness","floor":1},{"not_picked":["Sentinel","Wild Strike"],"picked":"Armaments","floor":2},{"not_picked":["Disarm","Heavy Blade"],"picked":"Shrug It Off","floor":3},{"not_picked":["Entrench","Cleave"],"picked":"Sword Boomerang","floor":10},{"not_picked":["Flame Barrier","Rupture"],"picked":"Headbutt","floor":12},{"not_picked":["Pommel Strike","Flex"],"picked":"Anger","floor":14}],"player_experience":506814,"relics_obtained":[],"event_choices":[{"event_name":"Scrap Ooze","player_choice":"unsuccessful","floor":4,"damage_taken":0},{"event_name":"Living Wall","player_choice":"Forget","floor":7,"damage_taken":0},{"event_name":"Golden Wing","player_choice":"Gained Gold","floor":8,"damage_taken":0},{"event_name":"Bonfire Elementals","player_choice":"UNCOMMON","floor":13,"damage_taken":0}],"is_beta":false,"boss_relics":[],"items_purged_floors":[],"is_endless":false,"potions_floor_spawned":[1],"killed_by":"Slime Boss","ascension_level":0}