{"gold_per_floor":[113,127,202,202,219,244,172,203,203,220,220,25,59,77,77,200,200,224,224,224,237,162,162,187,221,221,240,165,165,183,308,308,436,436,452,452,785,795,805,805,831,831,831,850,850,865,865,865,865,865],"floor_reached":51,"playtime":3568,"items_purged":["Strike_R"],"score":889,"play_id":"53423322-3bde-4248-98af-e22fcc01e6ab","local_time":"20190705015345","is_ascension_mode":true,"campfire_choices":[{"floor":15,"key":"REST"},{"data":"Bash","floor":23,"key":"SMITH"},{"data":"Flame Barrier","floor":29,"key":"SMITH"},{"data":"Seeing Red","floor":32,"key":"SMITH"},{"data":"Limit Break","floor":40,"key":"SMITH"},{"data":"Madness","floor":47,"key":"SMITH"},{"floor":49,"key":"REST"}],"neow_cost":"NONE","seed_source_timestamp":0,"circlet_count":0,"master_deck":["Strike_R","Strike_R","Strike_R","Defend_R","Defend_R","Bash+1","Seeing Red+1","Perfected Strike+1","Shrug It Off","Perfected Strike+1","Flame Barrier+1","Clash+1","Pommel Strike+1","Feed+1","Twin Strike+1","Rage+1","Battle Trance+1","Sever Soul+1","Necronomicurse","Wild Strike+1","Reaper+1","Uppercut+1","Limit Break+1","Heavy Blade+1","Impatience","Madness+1","Madness","Immolate+1","True Grit+1"],"special_seed":0,"relics":["Burning Blood","NeowsBlessing","Molten Egg 2","Mercury Hourglass","Art of War","Gremlin Horn","Brimstone","Regal Pillow","Astrolabe","Necronomicon","Champion Belt","Juzu Bracelet","Gambling Chip","Blue Candle","Black Star","Dream Catcher","Happy Flower","Bottled Lightning"],"potions_floor_usage":[6,13,18,24,27,31,31,33,46,46],"damage_taken":[{"damage":0.0,"enemies":"Small Slimes","floor":1.0,"turns":1.0},{"damage":0,"enemies":"Jaw Worm","floor":2,"turns":1},{"damage":0,"enemies":"Cultist","floor":5,"turns":1},{"damage":14,"enemies":"Gremlin Nob","floor":6,"turns":3},{"damage":5,"enemies":"3 Sentries","floor":8,"turns":4},{"damage":0,"enemies":"Red Slaver","floor":10,"turns":3},{"damage":21,"enemies":"Lagavulin","floor":13,"turns":4},{"damage":0,"enemies":"Blue Slaver","floor":14,"turns":1},{"damage":0,"enemies":"Slime Boss","floor":16,"turns":3},{"damage":9,"enemies":"Chosen","floor":18,"turns":3},{"damage":4,"enemies":"2 Thieves","floor":21,"turns":2},{"damage":1,"enemies":"Snake Plant","floor":24,"turns":2},{"damage":18,"enemies":"Book of Stabbing","floor":25,"turns":3},{"damage":0,"enemies":"Shelled Parasite and Fungi","floor":27,"turns":1},{"damage":0,"enemies":"Cultist and Chosen","floor":30,"turns":3},{"damage":9,"enemies":"Colosseum Slavers","floor":31,"turns":2},{"damage":0,"enemies":"Colosseum Nobs","floor":31,"turns":2},{"damage":13,"enemies":"Automaton","floor":33,"turns":6},{"damage":0,"enemies":"3 Darklings","floor":35,"turns":2},{"damage":0,"enemies":"Orb Walker","floor":38,"turns":2},{"damage":5,"enemies":"Maw","floor":39,"turns":4},{"damage":10,"enemies":"Reptomancer","floor":41,"turns":3},{"damage":24,"enemies":"Jaw Worm Horde","floor":44,"turns":3},{"damage":0,"enemies":"Transient","floor":46,"turns":5},{"damage":88,"enemies":"Donu and Deca","floor":50,"turns":6}],"seed_played":"-2227913839313228891","potions_obtained":[{"floor":1.0,"key":"SteroidPotion"},{"floor":5,"key":"Fire Potion"},{"floor":6,"key":"SneckoOil"},{"floor":10,"key":"FearPotion"},{"floor":14,"key":"Explosive Potion"},{"floor":18,"key":"AttackPotion"},{"floor":24,"key":"Explosive Potion"},{"floor":31,"key":"SkillPotion"},{"floor":41,"key":"Explosive Potion"},{"floor":44,"key":"Block Potion"}],"is_trial":false,"path_per_floor":["M","M","?","T","M","E","$","E","T","M","?","$","E","M","R","B",null,"M","?","?","M","?","R","M","E","T","M","$","R","M","?","R","B",null,"M","?","?","M","M","R","E","?","T","M","?","M","R","?","R","B",null],"character_chosen":"IRONCLAD","items_purchased":["Shrug It Off","Perfected Strike+1","Brimstone"],"campfire_rested":2,"item_purchase_floors":[7,7,12],"current_hp_per_floor":[80,80,69,69,75,67,67,68,68,74,54,54,39,45,80,80,80,77,61,61,63,63,63,68,56,56,62,62,62,84,88,88,86,88,88,88,88,88,88,88,88,77,77,74,74,80,80,80,92,43],"gold":865,"neow_bonus":"THREE_ENEMY_KILL","is_prod":false,"is_daily":false,"chose_seed":false,"campfire_upgraded":5,"win_rate":0,"timestamp":1562284425,"path_taken":["M","M","?","?","?","E","?","E","T","M","?","$","E","M","R","BOSS","M","?","?","M","?","R","?","E","T","M","$","R","M","?","R","BOSS","M","?","?","M","M","R","E","?","T","M","?","M","R","?","R","BOSS"],"build_version":"2019-07-01","purchased_purges":1,"victory":true,"max_hp_per_floor":[80,80,80,80,80,80,80,80,80,80,80,80,80,80,80,80,80,80,80,80,80,80,80,80,80,80,80,80,80,84,88,88,88,88,88,88,88,88,88,88,88,88,88,92,92,92,92,92,92,92],"card_choices":[{"not_picked":["Combust","True Grit"],"picked":"Dropkick","floor":1.0},{"not_picked":["Iron Wave","Infernal Blade"],"picked":"Seeing Red","floor":2},{"not_picked":["Cleave+1","Armaments"],"picked":"Perfected Strike+1","floor":5},{"not_picked":["Impervious","Warcry"],"picked":"Perfected Strike+1","floor":6},{"not_picked":["Rage","Havoc"],"picked":"Flame Barrier","floor":8},{"not_picked":["Searing Blow+1","Dual Wield"],"picked":"Clash+1","floor":10},{"not_picked":["Bludgeon+1","Sentinel","Sword Boomerang+1"],"picked":"SKIP","floor":13},{"not_picked":["Shockwave","Corruption"],"picked":"Pommel Strike+1","floor":14},{"not_picked":["Offering","Reaper+1"],"picked":"Feed+1","floor":16},{"not_picked":["Second Wind","Warcry"],"picked":"Sever Soul+1","floor":18},{"not_picked":["Disarm+1","Whirlwind+1","Sword Boomerang+1"],"picked":"SKIP","floor":21},{"not_picked":["Perfected Strike+1","Body Slam+1"],"picked":"Wild Strike+1","floor":24},{"not_picked":["Twin Strike+1","Havoc+1"],"picked":"Reaper+1","floor":25},{"not_picked":["Entrench+1","Blood for Blood+1"],"picked":"Uppercut+1","floor":27},{"not_picked":["Sever Soul+1","Thunderclap+1","Power Through"],"picked":"SKIP","floor":30},{"not_picked":["Barricade","Immolate+1"],"picked":"Limit Break","floor":33},{"not_picked":["Carnage+1","Body Slam+1"],"picked":"Heavy Blade+1","floor":35},{"not_picked":["Jack Of All Trades","Sadistic Nature"],"picked":"Impatience","floor":36},{"not_picked":["Anger+1","Hemokinesis+1","Pommel Strike+1"],"picked":"SKIP","floor":38},{"not_picked":["Anger+1","Twin Strike+1","Headbutt+1"],"picked":"SKIP","floor":39},{"not_picked":["Uppercut+1","Wild Strike+1","Bludgeon+1"],"picked":"SKIP","floor":41},{"not_picked":["Body Slam+1","Clash+1","Cleave+1"],"picked":"SKIP","floor":44},{"not_picked":["Thunderclap+1","Wild Strike+1"],"picked":"Immolate+1","floor":46},{"not_picked":["Warcry+1","Havoc+1"],"picked":"True Grit+1","floor":49}],"player_experience":167946,"relics_obtained":[{"floor":4,"key":"Molten Egg 2"},{"floor":6,"key":"Mercury Hourglass"},{"floor":8,"key":"Art of War"},{"floor":9,"key":"Gremlin Horn"},{"floor":13,"key":"Regal Pillow"},{"floor":19,"key":"Necronomicon"},{"floor":25,"key":"Champion Belt"},{"floor":26,"key":"Juzu Bracelet"},{"floor":31,"key":"Gambling Chip"},{"floor":31,"key":"Blue Candle"},{"floor":41,"key":"Dream Catcher"},{"floor":41,"key":"Happy Flower"},{"floor":43,"key":"Bottled Lightning"}],"event_choices":[{"damage_healed":0,"gold_gain":75,"player_choice":"Gather Gold","damage_taken":11,"max_hp_gain":0,"max_hp_loss":0,"event_name":"World of Goop","floor":3,"gold_loss":0},{"damage_healed":0,"gold_gain":0,"player_choice":"Take Damage","damage_taken":20,"relics_obtained":["Golden Idol"],"max_hp_gain":0,"max_hp_loss":0,"event_name":"Golden Idol","floor":11,"gold_loss":0},{"damage_healed":0,"gold_gain":0,"player_choice":"Obtained Book","damage_taken":16,"max_hp_gain":0,"max_hp_loss":0,"event_name":"Cursed Tome","floor":19,"gold_loss":0},{"damage_healed":0,"gold_gain":0,"player_choice":"Ignored","damage_taken":0,"max_hp_gain":0,"max_hp_loss":0,"event_name":"Vampires","floor":20,"gold_loss":0},{"cards_removed":["Strike_R"],"damage_healed":0,"gold_gain":0,"player_choice":"Gave Gold","damage_taken":0,"max_hp_gain":0,"max_hp_loss":0,"event_name":"Beggar","floor":22,"gold_loss":75},{"damage_healed":0,"gold_gain":0,"player_choice":"Fight","damage_taken":0,"max_hp_gain":0,"max_hp_loss":0,"event_name":"Colosseum","floor":31,"gold_loss":0},{"damage_healed":0,"gold_gain":0,"player_choice":"Fought Nobs","damage_taken":0,"max_hp_gain":0,"max_hp_loss":0,"event_name":"Colosseum","floor":31,"gold_loss":0},{"damage_healed":0,"gold_gain":0,"player_choice":"Memory 1","damage_taken":0,"max_hp_gain":0,"max_hp_loss":0,"event_name":"SensoryStone","floor":36,"gold_loss":0},{"damage_healed":0,"gold_gain":333,"player_choice":"Gave Idol","damage_taken":0,"max_hp_gain":0,"max_hp_loss":0,"event_name":"The Moai Head","floor":37,"relics_lost":["Golden Idol"],"gold_loss":0},{"damage_healed":0,"gold_gain":0,"player_choice":"Embrace Madness","damage_taken":11,"max_hp_gain":0,"max_hp_loss":0,"event_name":"Winding Halls","floor":42,"gold_loss":0,"cards_obtained":["Madness","Madness"]},{"cards_removed":["Dropkick"],"damage_healed":0,"gold_gain":0,"player_choice":"Removed Attack","damage_taken":0,"max_hp_gain":0,"max_hp_loss":0,"event_name":"Falling","floor":45,"gold_loss":0},{"damage_healed":0,"gold_gain":0,"player_choice":"Ignored","damage_taken":0,"max_hp_gain":0,"max_hp_loss":0,"event_name":"Mysterious Sphere","floor":48,"gold_loss":0}],"is_beta":false,"boss_relics":[{"not_picked":["Tiny House","Philosopher\u0027s Stone"],"picked":"Astrolabe"},{"not_picked":["White Beast Statue","Pandora\u0027s Box"],"picked":"Black Star"}],"items_purged_floors":[28],"is_endless":false,"potions_floor_spawned":[1,5,6,10,14,18,24,31,31,41,44],"ascension_level":2}