{"gold_per_floor":[112,11,24,24,37,37,68,55,55,55,7,7,42,56,56,161,161,145,163,83,95,109,109,109,109,134,34,34,59,70,70,70,70],"floor_reached":33,"playtime":1683,"items_purged":["Pain","Strike_R"],"score":405,"play_id":"45455dca-7660-4697-9491-0d557fba3686","local_time":"20190510204127","is_ascension_mode":true,"campfire_choices":[{"data":"Armaments","floor":6,"key":"SMITH"},{"data":"Limit Break","floor":10,"key":"SMITH"},{"floor":12,"key":"REST"},{"data":"Demon Form","floor":15,"key":"SMITH"},{"floor":23,"key":"REST"},{"floor":25,"key":"REST"},{"data":"Whirlwind","floor":28,"key":"SMITH"},{"floor":32,"key":"REST"}],"neow_cost":"CURSE","seed_source_timestamp":31038898836827,"circlet_count":0,"master_deck":["Strike_R","Strike_R","Defend_R","Defend_R","Defend_R","Bash","Headbutt","Demon Form+1","Heavy Blade","Armaments+1","Limit Break+1","Pommel Strike","Metallicize","Whirlwind+1","Ghostly Armor","Shrug It Off"],"relics":["Burning Blood","Meat on the Bone","Gambling Chip","Velvet Choker","Happy Flower","Shuriken"],"potions_floor_usage":[7,21,22],"damage_taken":[{"damage":17,"enemies":"Jaw Worm","floor":1,"turns":5},{"damage":0,"enemies":"Cultist","floor":3,"turns":3},{"damage":0,"enemies":"2 Louse","floor":5,"turns":4},{"damage":32,"enemies":"3 Sentries","floor":7,"turns":7},{"damage":22,"enemies":"Exordium Thugs","floor":8,"turns":5},{"damage":7,"enemies":"Lagavulin","floor":13,"turns":5},{"damage":0,"enemies":"Blue Slaver","floor":14,"turns":5},{"damage":49,"enemies":"The Guardian","floor":16,"turns":6},{"damage":28,"enemies":"2 Thieves","floor":18,"turns":4},{"damage":3,"enemies":"Spheric Guardian","floor":19,"turns":3},{"damage":12,"enemies":"3 Cultists","floor":21,"turns":4},{"damage":49,"enemies":"Shelled Parasite and Fungi","floor":22,"turns":5},{"damage":52,"enemies":"Slavers","floor":29,"turns":3},{"damage":14,"enemies":"Centurion and Healer","floor":30,"turns":5},{"damage":51,"enemies":"Automaton","floor":33,"turns":6}],"seed_played":"8403279336942179853","potions_obtained":[{"floor":5,"key":"AttackPotion"},{"floor":13,"key":"FearPotion"},{"floor":14,"key":"FearPotion"},{"floor":18,"key":"Regen Potion"},{"floor":29,"key":"Explosive Potion"}],"is_trial":false,"path_per_floor":["M","$","M","?","M","R","E","M","T","R","$","R","E","M","R","B",null,"M","M","$","M","M","R","?","R","T","$","R","E","M","?","R","B"],"character_chosen":"IRONCLAD","items_purchased":["Armaments","PowerPotion","Whirlwind"],"campfire_rested":4,"item_purchase_floors":[2,11,20],"current_hp_per_floor":[61,61,67,67,73,73,47,43,43,43,43,67,66,72,72,41,70,48,51,51,50,19,43,43,67,67,67,67,33,37,22,47,0],"gold":70,"neow_bonus":"TRANSFORM_TWO_CARDS","is_prod":false,"is_daily":false,"chose_seed":false,"campfire_upgraded":4,"win_rate":0,"timestamp":1557535287,"path_taken":["M","$","M","?","?","R","E","M","T","R","?","R","E","M","R","BOSS","M","M","$","M","M","R","?","R","T","?","R","E","M","?","R","BOSS"],"build_version":"2019-01-23","purchased_purges":2,"victory":false,"max_hp_per_floor":[80,80,80,80,80,80,80,80,80,80,80,80,80,80,80,80,80,80,80,80,80,80,80,80,80,80,80,80,80,80,85,85,85],"card_choices":[{"not_picked":["True Grit","Perfected Strike"],"picked":"Heavy Blade","floor":1},{"not_picked":["Armaments","Searing Blow","Havoc"],"picked":"SKIP","floor":3},{"not_picked":["Thunderclap","Havoc","Clothesline"],"picked":"SKIP","floor":5},{"not_picked":["Headbutt","Shrug It Off"],"picked":"Limit Break","floor":7},{"not_picked":["Clothesline","Second Wind"],"picked":"Pommel Strike","floor":8},{"not_picked":["Iron Wave","Spot Weakness","Heavy Blade"],"picked":"SKIP","floor":13},{"not_picked":["Power Through","Fire Breathing"],"picked":"Metallicize","floor":14},{"not_picked":["Iron Wave","Flex","Perfected Strike"],"picked":"SKIP","floor":18},{"not_picked":["Heavy Blade","Entrench","Perfected Strike"],"picked":"SKIP","floor":19},{"not_picked":["Headbutt","Sever Soul","Sword Boomerang+1"],"picked":"SKIP","floor":21},{"not_picked":["Dark Embrace","Clash","Rampage"],"picked":"SKIP","floor":22},{"not_picked":["Hemokinesis+1","Feel No Pain","Seeing Red"],"picked":"SKIP","floor":29},{"not_picked":["Anger+1","Body Slam"],"picked":"Shrug It Off","floor":30}],"player_experience":265867,"relics_obtained":[{"floor":7,"key":"Meat on the Bone"},{"floor":13,"key":"Gambling Chip"},{"floor":26,"key":"Happy Flower"},{"floor":29,"key":"Shuriken"}],"event_choices":[{"cards_removed":["Defend_R"],"damage_healed":0,"gold_gain":0,"player_choice":"Purged","damage_taken":0,"max_hp_gain":0,"max_hp_loss":0,"event_name":"Purifier","floor":4,"gold_loss":0},{"damage_healed":0,"gold_gain":0,"player_choice":"1 cards matched","damage_taken":0,"max_hp_gain":0,"max_hp_loss":0,"event_name":"Match and Keep!","floor":24,"gold_loss":0,"cards_obtained":["Ghostly Armor"]},{"damage_healed":0,"gold_gain":0,"player_choice":"Shed Blood","damage_taken":20,"max_hp_gain":5,"max_hp_loss":0,"event_name":"Forgotten Altar","floor":31,"gold_loss":0}],"is_beta":false,"boss_relics":[{"not_picked":["Astrolabe","Runic Dome"],"picked":"Velvet Choker"}],"items_purged_floors":[2,27],"is_endless":false,"potions_floor_spawned":[5,13,14,18,29],"killed_by":"Automaton","ascension_level":7}