{"gold_per_floor":[111,125,125,140,157,157,187,187,187,187,215,215,215,231,231,302,302,317,334,334,351,351],"floor_reached":22,"playtime":1051,"items_purged":[],"score":392,"play_id":"1886bf69-841a-4bf8-ad98-2d17128eb62c","local_time":"20181023122211","is_ascension_mode":true,"campfire_choices":[{"data":"Bash","floor":6,"key":"SMITH"},{"floor":10,"key":"REST"},{"data":"Clothesline","floor":13,"key":"SMITH"},{"data":"Disarm","floor":15,"key":"SMITH"}],"neow_cost":"NONE","seed_source_timestamp":403622945203852,"circlet_count":0,"master_deck":["Strike_R","Strike_R","Strike_R","Strike_R","Strike_R","Defend_R","Defend_R","Defend_R","Defend_R","Bash+1","AscendersBane","Thunderclap","Pommel Strike","Flame Barrier+1","Clothesline+1","Disarm+1","Offering","Flex+1","Headbutt+1","Feel No Pain"],"relics":["Burning Blood","Happy Flower","Question Card","Charon\u0027s Ashes","Mark of Pain"],"potions_floor_usage":[7,18,19,21,22],"damage_taken":[{"damage":12,"enemies":"Jaw Worm","floor":1,"turns":5},{"damage":3,"enemies":"2 Louse","floor":2,"turns":3},{"damage":3,"enemies":"Small Slimes","floor":4,"turns":3},{"damage":10,"enemies":"Exordium Wildlife","floor":5,"turns":5},{"damage":65,"enemies":"3 Sentries","floor":7,"turns":12},{"damage":32,"enemies":"Gremlin Nob","floor":11,"turns":4},{"damage":13,"enemies":"3 Louse","floor":14,"turns":4},{"damage":47,"enemies":"The Guardian","floor":16,"turns":16},{"damage":15,"enemies":"2 Thieves","floor":18,"turns":3},{"damage":23,"enemies":"Spheric Guardian","floor":19,"turns":4},{"damage":26,"enemies":"Cultist and Chosen","floor":21,"turns":7},{"damage":33,"enemies":"3 Cultists","floor":22,"turns":4}],"seed_played":"2071305625909716820","potions_obtained":[{"floor":4,"key":"Swift Potion"},{"floor":11,"key":"Strength Potion"},{"floor":16,"key":"AttackPotion"},{"floor":18,"key":"Ancient Potion"},{"floor":21,"key":"Dexterity Potion"}],"is_trial":false,"path_per_floor":["M","M","?","M","M","R","E","?","T","R","E","?","R","M","R","B",null,"M","M","?","M"],"character_chosen":"IRONCLAD","items_purchased":[],"campfire_rested":1,"item_purchase_floors":[],"current_hp_per_floor":[69,72,77,80,76,76,17,17,17,43,17,87,87,80,80,39,75,66,49,49,29,0],"gold":351,"neow_bonus":"TEN_PERCENT_HP_BONUS","is_prod":false,"is_daily":false,"chose_seed":false,"campfire_upgraded":3,"win_rate":0,"timestamp":1540311731,"path_taken":["M","M","?","M","M","R","E","?","T","R","E","?","R","M","R","BOSS","M","M","?","M","M"],"build_version":"2018-10-18","purchased_purges":0,"victory":false,"max_hp_per_floor":[82,82,87,87,87,87,87,87,87,87,87,87,87,87,87,87,87,87,87,87,87,87],"card_choices":[{"not_picked":["Heavy Blade","Seeing Red"],"picked":"Thunderclap","floor":1},{"not_picked":["Havoc","Searing Blow"],"picked":"Pommel Strike","floor":2},{"not_picked":["Clothesline","Rage"],"picked":"Flame Barrier","floor":4},{"not_picked":["Seeing Red","Heavy Blade","Power Through"],"picked":"SKIP","floor":5},{"not_picked":["Rage","Anger"],"picked":"Clothesline","floor":7},{"not_picked":["Intimidate","Exhume","Iron Wave"],"picked":"Infernal Blade","floor":11},{"not_picked":["Iron Wave","Sentinel","Uppercut"],"picked":"Disarm","floor":14},{"not_picked":["Limit Break","Exhume","Feed"],"picked":"Offering","floor":16},{"not_picked":["Perfected Strike","Fire Breathing","Metallicize"],"picked":"Flex+1","floor":18},{"not_picked":["Twin Strike","Sword Boomerang","Carnage"],"picked":"Headbutt+1","floor":19},{"not_picked":["Heavy Blade","Combust","Thunderclap"],"picked":"Feel No Pain","floor":21}],"player_experience":953263,"relics_obtained":[{"floor":7,"key":"Happy Flower"},{"floor":9,"key":"Question Card"},{"floor":11,"key":"Charon\u0027s Ashes"}],"event_choices":[{"damage_healed":0,"gold_gain":0,"player_choice":"Donut","damage_taken":0,"max_hp_gain":5,"max_hp_loss":0,"event_name":"Big Fish","floor":3,"gold_loss":0},{"damage_healed":0,"gold_gain":0,"player_choice":"Ignored","damage_taken":0,"max_hp_gain":0,"max_hp_loss":0,"event_name":"Shining Light","floor":8,"gold_loss":0},{"cards_removed":["Infernal Blade"],"damage_healed":70,"gold_gain":0,"player_choice":"Offered Uncommon","damage_taken":0,"max_hp_gain":0,"max_hp_loss":0,"event_name":"Bonfire Elementals","floor":12,"gold_loss":0},{"damage_healed":0,"gold_gain":0,"player_choice":"Upgraded","damage_taken":0,"max_hp_gain":0,"max_hp_loss":0,"event_name":"Upgrade Shrine","floor":20,"gold_loss":0,"cards_upgraded":["Flame Barrier"]}],"is_beta":false,"boss_relics":[{"not_picked":["Black Star","White Beast Statue"],"picked":"Mark of Pain"}],"items_purged_floors":[],"is_endless":false,"potions_floor_spawned":[4,11,16,18,21],"killed_by":"3 Cultists","ascension_level":20}