{"gold_per_floor":[109,184,202,202,202,202,221,241,322,336,357,357,357,373,373,373],"floor_reached":16,"playtime":1605,"items_purged":[],"score":94,"play_id":"d9bde690-16be-4844-8e13-7ee3ce9de628","local_time":"20180625073909","is_ascension_mode":false,"campfire_choices":[{"data":"Acrobatics","floor":6,"key":"SMITH"},{"data":"Neutralize","floor":13,"key":"SMITH"},{"data":"Survivor","floor":15,"key":"SMITH"}],"neow_cost":"NONE","seed_source_timestamp":636134562981545,"circlet_count":0,"master_deck":["Defend_G","Defend_G","Defend_G","Defend_G","Defend_G","Strike_G+1","Strike_G+1","Strike_G","Strike_G","Survivor+1","Neutralize+1","Acrobatics+1","Escape Plan+1","Injury","Distraction+1","Deflect+1","Distraction+1"],"relics":["Philosopher\u0027s Stone","Toxic Egg 2","Golden Idol","Matryoshka"],"potions_floor_usage":[11,14,16],"damage_taken":[{"damage":0,"enemies":"Cultist","floor":1,"turns":4},{"damage":0,"enemies":"2 Louse","floor":3,"turns":4},{"damage":0,"enemies":"Jaw Worm","floor":7,"turns":5},{"damage":12,"enemies":"Gremlin Gang","floor":8,"turns":6},{"damage":1,"enemies":"2 Fungi Beasts","floor":10,"turns":5},{"damage":0,"enemies":"Exordium Thugs","floor":11,"turns":8},{"damage":0,"enemies":"Lots of Slimes","floor":14,"turns":5},{"damage":44,"enemies":"Hexaghost","floor":16,"turns":14}],"seed_played":"5718016650690094012","potions_obtained":[{"floor":7,"key":"SpeedPotion"},{"floor":8,"key":"GhostInAJar"},{"floor":10,"key":"FearPotion"}],"is_trial":false,"path_per_floor":["M","T","M","?","?","R","M","M","T","M","M","?","R","M","R"],"character_chosen":"THE_SILENT","items_purchased":[],"campfire_rested":0,"item_purchase_floors":[],"current_hp_per_floor":[70,70,70,56,56,56,56,44,44,43,43,43,43,43,43,0],"gold":373,"neow_bonus":"BOSS_RELIC","is_prod":false,"is_daily":false,"chose_seed":false,"campfire_upgraded":3,"win_rate":0,"timestamp":1529926749,"path_taken":["M","?","M","?","?","R","M","?","T","?","M","?","R","M","R","BOSS"],"build_version":"2018-06-21v2","purchased_purges":0,"victory":false,"max_hp_per_floor":[70,70,70,70,70,70,70,70,70,70,70,70,70,70,70,70],"card_choices":[{"not_picked":["Well Laid Plans","Underhanded Strike"],"picked":"Acrobatics","floor":1},{"not_picked":["Sucker Punch","PiercingWail+1"],"picked":"Escape Plan+1","floor":3},{"not_picked":["Dagger Spray","Prepared+1"],"picked":"Distraction+1","floor":7},{"not_picked":["Dagger Spray","Riddle With Holes"],"picked":"Deflect+1","floor":8},{"not_picked":["Catalyst+1","Dagger Spray","PiercingWail+1"],"picked":"SKIP","floor":10},{"not_picked":["Poisoned Stab","Outmaneuver+1"],"picked":"Distraction+1","floor":11},{"not_picked":["Heel Hook","Bouncing Flask+1","Sucker Punch"],"picked":"SKIP","floor":14}],"player_experience":36877,"relics_obtained":[{"floor":2,"key":"Toxic Egg 2"},{"floor":9,"key":"Matryoshka"}],"event_choices":[{"event_name":"Shining Light","player_choice":"Entered Light","floor":4,"damage_taken":0},{"event_name":"Golden Idol","player_choice":"Take Wound","floor":5,"damage_taken":0},{"event_name":"Bonfire Elementals","player_choice":"BASIC","floor":12,"damage_taken":0}],"boss_relics":[],"items_purged_floors":[],"is_endless":false,"potions_floor_spawned":[7,8,10],"killed_by":"Hexaghost","ascension_level":0}