{"gold_per_floor":[117,117,6,17,33,33,59,59,133,147,147,179,179,211,211,308,308,327,337,123,141,156,188,188,188,213,213],"floor_reached":27,"playtime":1323,"items_purged":["Decay","Strike_G"],"score":377,"play_id":"60293174-9a1f-4686-8769-8ef37e02b8b8","local_time":"20190610211311","is_ascension_mode":true,"campfire_choices":[{"data":"Blade Dance","floor":6,"key":"SMITH"},{"data":"Neutralize","floor":8,"key":"SMITH"},{"data":"Backflip","floor":13,"key":"SMITH"},{"data":"Backstab","floor":15,"key":"SMITH"},{"floor":25,"key":"REST"}],"neow_cost":"NONE","seed_source_timestamp":99151981789902,"circlet_count":0,"master_deck":["AscendersBane","Defend_G","Defend_G","Defend_G","Defend_G","Defend_G","Strike_G","Strike_G","Strike_G+1","Strike_G+1","Survivor","Neutralize+1","Slice","Escape Plan","Blade Dance+1","Backflip+1","Dash","Cloak And Dagger+1","Backstab+1","Burst","Footwork+1","Flash of Steel","Slice","Setup+1","Cloak And Dagger","Backstab+1"],"relics":["WristBlade","Whetstone","Blue Candle","Lantern","Dream Catcher","Fusion Hammer","Shovel","MutagenicStrength","Orichalcum"],"potions_floor_usage":[7,12,22,23,23,23],"damage_taken":[{"damage":3,"enemies":"2 Louse","floor":1,"turns":3},{"damage":0,"enemies":"Cultist","floor":4,"turns":4},{"damage":9,"enemies":"Jaw Worm","floor":5,"turns":2},{"damage":20,"enemies":"Gremlin Nob","floor":7,"turns":4},{"damage":3,"enemies":"Exordium Thugs","floor":10,"turns":5},{"damage":2,"enemies":"Lagavulin","floor":12,"turns":5},{"damage":4,"enemies":"3 Sentries","floor":14,"turns":5},{"damage":19,"enemies":"The Guardian","floor":16,"turns":16},{"damage":7,"enemies":"Chosen","floor":18,"turns":5},{"damage":0,"enemies":"Spheric Guardian","floor":19,"turns":3},{"damage":15,"enemies":"Snecko","floor":21,"turns":7},{"damage":14,"enemies":"Snake Plant","floor":22,"turns":4},{"damage":10,"enemies":"Gremlin Leader","floor":23,"turns":11},{"damage":38,"enemies":"Book of Stabbing","floor":27,"turns":7}],"seed_played":"4088281668943337297","potions_obtained":[{"floor":4,"key":"Regen Potion"},{"floor":5,"key":"Regen Potion"},{"floor":14,"key":"GhostInAJar"},{"floor":16,"key":"LiquidBronze"},{"floor":21,"key":"Explosive Potion"},{"floor":22,"key":"SteroidPotion"}],"is_trial":false,"path_per_floor":["M","?","$","M","M","R","E","R","T","M","?","E","R","E","R","B",null,"M","M","$","M","M","E","?","R","T","E"],"character_chosen":"THE_SILENT","items_purchased":["Escape Plan","Flash of Steel","Slice"],"campfire_rested":1,"item_purchase_floors":[3,20,20],"current_hp_per_floor":[60,60,60,60,51,51,43,43,43,40,40,52,52,48,48,29,60,53,53,53,38,24,14,14,35,35,0],"gold":213,"neow_bonus":"BOSS_RELIC","is_prod":false,"is_daily":false,"chose_seed":false,"campfire_upgraded":4,"win_rate":0,"timestamp":1560215591,"path_taken":["M","?","$","M","?","R","E","R","T","M","?","E","R","E","R","BOSS","M","M","$","M","M","E","?","R","T","E"],"build_version":"2019-01-23","purchased_purges":2,"victory":false,"max_hp_per_floor":[70,70,70,70,70,70,70,70,70,70,70,70,70,70,70,70,70,70,70,70,70,70,70,70,70,70,70],"card_choices":[{"not_picked":["Deadly Poison","Outmaneuver"],"picked":"Slice","floor":1},{"not_picked":["Poisoned Stab","Night Terror"],"picked":"Blade Dance","floor":4},{"not_picked":["Quick Slash","Deflect"],"picked":"Backflip","floor":5},{"not_picked":["Phantasmal Killer","Tactician"],"picked":"Dash","floor":7},{"not_picked":["Bouncing Flask","Tactician"],"picked":"Cloak And Dagger","floor":10},{"not_picked":["Well Laid Plans","Dagger Throw"],"picked":"Backstab","floor":12},{"not_picked":["All Out Attack","Outmaneuver","Reflex"],"picked":"SKIP","floor":14},{"not_picked":["Tools of the Trade","Glass Knife"],"picked":"Burst","floor":16},{"not_picked":["Poisoned Stab","Flying Knee","Crippling Poison"],"picked":"SKIP","floor":18},{"not_picked":["Blade Dance+1","Acrobatics+1"],"picked":"Footwork+1","floor":19},{"not_picked":["Sucker Punch","Concentrate+1"],"picked":"Setup+1","floor":21},{"not_picked":["Leg Sweep","A Thousand Cuts"],"picked":"Cloak And Dagger","floor":22},{"not_picked":["Leg Sweep","Slice"],"picked":"Backstab+1","floor":23}],"player_experience":399641,"relics_obtained":[{"floor":7,"key":"Whetstone"},{"floor":9,"key":"Blue Candle"},{"floor":12,"key":"Lantern"},{"floor":14,"key":"Dream Catcher"},{"floor":23,"key":"Shovel"},{"floor":26,"key":"Orichalcum"}],"event_choices":[{"damage_healed":0,"gold_gain":0,"player_choice":"Cursed","damage_taken":0,"max_hp_gain":0,"max_hp_loss":0,"event_name":"Wheel of Change","floor":2,"gold_loss":0,"cards_obtained":["Decay"]},{"damage_healed":0,"gold_gain":0,"player_choice":"Upgraded","damage_taken":0,"max_hp_gain":0,"max_hp_loss":0,"event_name":"Upgrade Shrine","floor":11,"gold_loss":0,"cards_upgraded":["Cloak And Dagger"]},{"damage_healed":0,"gold_gain":0,"player_choice":"Inject Mutagens","damage_taken":0,"relics_obtained":["MutagenicStrength"],"max_hp_gain":0,"max_hp_loss":0,"event_name":"Drug Dealer","floor":24,"gold_loss":0}],"is_beta":false,"boss_relics":[{"not_picked":["Ectoplasm","Runic Dome"],"picked":"Fusion Hammer"}],"items_purged_floors":[3,20],"is_endless":false,"potions_floor_spawned":[4,5,14,16,21,22],"killed_by":"Book of Stabbing","ascension_level":10}