{"gold_per_floor":[109,127,139,159,234,267,267,298,298,332,332,350,350,370,370,468,468,484,501,250,250,266,266,296,309,381,381,381,412,431,446,446,446],"floor_reached":33,"playtime":1851,"items_purged":[],"score":371,"play_id":"f365bd6d-286a-4de3-90c9-29bd9924411a","local_time":"20190719001858","is_ascension_mode":true,"campfire_choices":[{"floor":7,"key":"REST"},{"floor":13,"key":"REST"},{"data":"Bash","floor":15,"key":"SMITH"},{"floor":23,"key":"REST"},{"floor":32,"key":"REST"}],"neow_cost":"PERCENT_DAMAGE","seed_source_timestamp":454398747981358,"circlet_count":0,"master_deck":["Strike_R","Strike_R","Strike_R","Strike_R","Strike_R","Defend_R","Defend_R","Defend_R","Defend_R","Bash+1","Swift Strike","Master of Strategy","Infernal Blade+1","Carnage","Juggernaut","Battle Trance","Seeing Red","Flame Barrier","Spot Weakness","Cleave","Immolate","Anger","Uppercut","Clothesline","Thunderclap+1","Entrench+1","Spot Weakness+1","Shockwave+1","True Grit+1","Reaper","Intimidate+1"],"relics":["Burning Blood","Bottled Flame","Dream Catcher","Bag of Preparation","Singing Bowl","Black Star","Paper Frog","Magic Flower","Pen Nib","Toxic Egg 2","Gremlin Horn","MutagenicStrength","Blood Vial","Prayer Wheel"],"potions_floor_usage":[8,8,16,22,24,24,33],"damage_taken":[{"damage":5,"enemies":"Small Slimes","floor":1,"turns":4},{"damage":0,"enemies":"Cultist","floor":2,"turns":3},{"damage":0,"enemies":"2 Louse","floor":3,"turns":2},{"damage":4,"enemies":"2 Fungi Beasts","floor":4,"turns":4},{"damage":30,"enemies":"Lagavulin","floor":6,"turns":7},{"damage":22,"enemies":"3 Sentries","floor":8,"turns":8},{"damage":18,"enemies":"Gremlin Nob","floor":10,"turns":4},{"damage":1,"enemies":"3 Louse","floor":12,"turns":3},{"damage":2,"enemies":"Large Slime","floor":14,"turns":4},{"damage":44,"enemies":"The Guardian","floor":16,"turns":8},{"damage":14,"enemies":"Shell Parasite","floor":18,"turns":2},{"damage":22,"enemies":"2 Thieves","floor":19,"turns":4},{"damage":26,"enemies":"Centurion and Healer","floor":22,"turns":4},{"damage":39,"enemies":"Slavers","floor":24,"turns":5},{"damage":27,"enemies":"Snake Plant","floor":25,"turns":4},{"damage":8,"enemies":"Gremlin Leader","floor":29,"turns":3},{"damage":0,"enemies":"Snecko","floor":30,"turns":2},{"damage":24,"enemies":"Centurion and Healer","floor":31,"turns":5},{"damage":86,"enemies":"Automaton","floor":33,"turns":6}],"seed_played":"4972209694026133691","potions_obtained":[{"floor":3,"key":"Dexterity Potion"},{"floor":6,"key":"Explosive Potion"},{"floor":10,"key":"Ancient Potion"},{"floor":12,"key":"Strength Potion"},{"floor":14,"key":"LiquidBronze"},{"floor":19,"key":"SteroidPotion"},{"floor":22,"key":"SteroidPotion"},{"floor":31,"key":"LiquidBronze"}],"is_trial":false,"path_per_floor":["M","M","M","M","?","E","R","E","T","E","?","M","R","M","R","B",null,"M","M","$","?","M","R","E","M","T","?","?","E","M","M","R","B"],"character_chosen":"IRONCLAD","items_purchased":["Paper Frog"],"campfire_rested":4,"item_purchase_floors":[20],"current_hp_per_floor":[57,63,69,71,60,36,60,44,44,34,34,41,66,70,70,32,84,76,60,60,60,45,70,40,22,22,22,22,23,35,25,51,0],"gold":446,"neow_bonus":"RANDOM_COLORLESS_2","is_prod":false,"is_daily":false,"chose_seed":false,"campfire_upgraded":1,"win_rate":0,"timestamp":1563488338,"path_taken":["M","M","M","M","?","E","R","E","T","E","?","M","R","?","R","BOSS","M","M","$","?","M","R","E","M","T","?","?","E","M","M","R","BOSS"],"build_version":"2019-07-17","purchased_purges":0,"victory":false,"max_hp_per_floor":[80,80,80,80,80,80,80,80,80,82,82,84,84,84,84,84,84,84,84,84,84,86,86,86,86,86,86,86,86,86,88,88,88],"card_choices":[{"not_picked":["True Grit","Iron Wave"],"picked":"Infernal Blade","floor":1},{"not_picked":["Iron Wave","Havoc"],"picked":"Carnage","floor":2},{"not_picked":["Clothesline","Pommel Strike"],"picked":"Juggernaut","floor":3},{"not_picked":["Iron Wave","Second Wind"],"picked":"Battle Trance","floor":4},{"not_picked":["Thunderclap","Havoc"],"picked":"Seeing Red","floor":6},{"not_picked":["Thunderclap","Havoc"],"picked":"Flame Barrier","floor":8},{"not_picked":["Disarm","Perfected Strike","Burning Pact"],"picked":"Singing Bowl","floor":10},{"not_picked":["Seeing Red","Perfected Strike","Searing Blow"],"picked":"Singing Bowl","floor":12},{"not_picked":["Shrug It Off","Fire Breathing"],"picked":"Spot Weakness","floor":13},{"not_picked":["Iron Wave","Pommel Strike"],"picked":"Cleave","floor":14},{"not_picked":["Fiend Fire","Brutality"],"picked":"Immolate","floor":16},{"not_picked":["Perfected Strike","Pummel"],"picked":"Anger","floor":18},{"not_picked":["Power Through","Wild Strike"],"picked":"Uppercut","floor":19},{"not_picked":["Twin Strike","Dual Wield","Anger"],"picked":"Singing Bowl","floor":22},{"not_picked":["Dual Wield","Sentinel"],"picked":"Clothesline","floor":23},{"not_picked":["Bludgeon","Hemokinesis"],"picked":"Thunderclap+1","floor":24},{"not_picked":["Body Slam","Clash+1"],"picked":"Entrench+1","floor":25},{"not_picked":["Clash","Cleave"],"picked":"Spot Weakness+1","floor":29},{"not_picked":["Armaments+1","Whirlwind"],"picked":"Shockwave+1","floor":30},{"not_picked":["Rampage","Rupture"],"picked":"True Grit+1","floor":30},{"not_picked":["Pommel Strike","Havoc+1"],"picked":"Reaper","floor":31},{"not_picked":["Sword Boomerang","Clash","Thunderclap"],"picked":"Singing Bowl","floor":31},{"not_picked":["Iron Wave","Pommel Strike"],"picked":"Intimidate+1","floor":32}],"player_experience":219541,"relics_obtained":[{"floor":6,"key":"Bottled Flame"},{"floor":8,"key":"Dream Catcher"},{"floor":9,"key":"Bag of Preparation"},{"floor":10,"key":"Singing Bowl"},{"floor":24,"key":"Pen Nib"},{"floor":24,"key":"Toxic Egg 2"},{"floor":26,"key":"Gremlin Horn"},{"floor":29,"key":"Blood Vial"},{"floor":29,"key":"Prayer Wheel"}],"event_choices":[{"damage_healed":0,"gold_gain":75,"player_choice":"Gather Gold","damage_taken":11,"max_hp_gain":0,"max_hp_loss":0,"event_name":"World of Goop","floor":5,"gold_loss":0},{"damage_healed":0,"gold_gain":0,"player_choice":"Upgraded","damage_taken":0,"max_hp_gain":0,"max_hp_loss":0,"event_name":"Upgrade Shrine","floor":11,"gold_loss":0,"cards_upgraded":["Infernal Blade"]},{"damage_healed":0,"gold_gain":0,"player_choice":"Opened","damage_taken":0,"relics_obtained":["Magic Flower"],"max_hp_gain":0,"max_hp_loss":0,"event_name":"The Mausoleum","floor":21,"gold_loss":0},{"damage_healed":0,"gold_gain":0,"player_choice":"Inject Mutagens","damage_taken":0,"relics_obtained":["MutagenicStrength"],"max_hp_gain":0,"max_hp_loss":0,"event_name":"Drug Dealer","floor":27,"gold_loss":0},{"damage_healed":0,"gold_gain":0,"player_choice":"Ignored","damage_taken":0,"max_hp_gain":0,"max_hp_loss":0,"event_name":"Cursed Tome","floor":28,"gold_loss":0}],"is_beta":false,"boss_relics":[{"not_picked":["Runic Pyramid","Snecko Eye"],"picked":"Black Star"}],"items_purged_floors":[],"is_endless":false,"potions_floor_spawned":[3,6,10,12,14,19,22,31],"killed_by":"Automaton","ascension_level":4}