{"gold_per_floor":[366,381,395,395,125,150,150,184,208,208,208,108,127,142,142,142],"floor_reached":16,"playtime":385,"items_purged":["Regret","Strike_R"],"score":110,"play_id":"48b081f4-a330-4d47-8a88-b79a95ddf37b","local_time":"20180730165424","is_ascension_mode":false,"campfire_choices":[{"floor":11,"key":"REST"},{"floor":15,"key":"REST"}],"neow_cost":"TEN_PERCENT_HP_LOSS","seed_source_timestamp":1633615135205187,"circlet_count":0,"master_deck":["Strike_R","Strike_R","Strike_R+1","Strike_R+1","Defend_R","Defend_R","Defend_R","Defend_R","Bash","Thunderclap","Searing Blow","Perfected Strike","Headbutt"],"relics":["Burning Blood","Lantern","Vajra","Bag of Preparation","Dodecahedron","Pen Nib","Mummified Hand"],"potions_floor_usage":[8,8],"damage_taken":[{"damage":5,"enemies":"Small Slimes","floor":1,"turns":4},{"damage":10,"enemies":"Jaw Worm","floor":2,"turns":4},{"damage":2,"enemies":"2 Louse","floor":3,"turns":3},{"damage":28,"enemies":"Gremlin Nob","floor":6,"turns":4},{"damage":16,"enemies":"Lagavulin","floor":8,"turns":4},{"damage":15,"enemies":"Large Slime","floor":13,"turns":6},{"damage":6,"enemies":"3 Louse","floor":14,"turns":2},{"damage":0,"enemies":"Slime Boss","floor":16,"turns":1}],"seed_played":"-5703307248431990892","potions_obtained":[{"floor":2,"key":"Strength Potion"},{"floor":6,"key":"Energy Potion"},{"floor":14,"key":"SteroidPotion"}],"is_trial":false,"path_per_floor":["M","M","M","?","$","E","?","E","T","T","R","$","M","M","R"],"character_chosen":"IRONCLAD","items_purchased":["Searing Blow","Vajra"],"campfire_rested":2,"item_purchase_floors":[5,5],"current_hp_per_floor":[72,68,72,72,72,50,36,26,26,26,47,47,38,38,59,59],"gold":142,"neow_bonus":"TWO_FIFTY_GOLD","is_prod":false,"is_daily":false,"chose_seed":false,"campfire_upgraded":0,"win_rate":0,"timestamp":1532984064,"path_taken":["M","M","M","?","$","E","?","E","T","?","R","$","M","?","R","BOSS"],"build_version":"2018-07-26","purchased_purges":2,"victory":false,"max_hp_per_floor":[72,72,72,72,72,72,72,72,72,72,72,72,72,72,72,72],"card_choices":[{"not_picked":["Armaments","Perfected Strike"],"picked":"Thunderclap","floor":1},{"not_picked":["Flex","Battle Trance","Havoc"],"picked":"SKIP","floor":2},{"not_picked":["Warcry","Corruption","Hemokinesis"],"picked":"SKIP","floor":3},{"not_picked":["Rage","Seeing Red","Heavy Blade"],"picked":"SKIP","floor":6},{"not_picked":["Metallicize","Hemokinesis","Infernal Blade"],"picked":"SKIP","floor":8},{"not_picked":["Shrug It Off","Rampage"],"picked":"Perfected Strike","floor":13},{"not_picked":["Anger","Brutality"],"picked":"Headbutt","floor":14}],"player_experience":397072,"relics_obtained":[{"floor":6,"key":"Bag of Preparation"},{"floor":8,"key":"Dodecahedron"},{"floor":9,"key":"Pen Nib"},{"floor":10,"key":"Mummified Hand"}],"event_choices":[{"event_name":"Big Fish","player_choice":"Box","floor":4,"damage_taken":0},{"event_name":"Shining Light","player_choice":"Entered Light","floor":7,"damage_taken":0}],"is_beta":false,"boss_relics":[],"items_purged_floors":[5,12],"is_endless":false,"potions_floor_spawned":[2,6,14],"killed_by":"Slime Boss","ascension_level":0}