{"gold_per_floor":[110,185,203,221,221,221,241,241,309,338,338,354,387,387,387,387],"floor_reached":16,"playtime":560,"items_purged":[],"score":110,"play_id":"7deed2ec-1235-4c55-adf2-f418a2147df4","local_time":"20180814143222","is_ascension_mode":false,"campfire_choices":[{"data":"Body Slam","floor":6,"key":"SMITH"},{"data":"Bash","floor":8,"key":"SMITH"},{"data":"Intimidate","floor":11,"key":"SMITH"},{"data":"Seeing Red","floor":15,"key":"SMITH"}],"neow_cost":"NONE","seed_source_timestamp":221461947890629,"circlet_count":0,"master_deck":["Strike_R","Strike_R","Strike_R","Strike_R","Strike_R","Defend_R","Defend_R","Defend_R","Defend_R","Bash+1","Intimidate+1","Warcry","Body Slam+1","Shrug It Off","Burning Pact","Seeing Red+1","Clothesline"],"relics":["Mark of Pain"],"potions_floor_usage":[7,12,12,13],"damage_taken":[{"damage":5,"enemies":"Small Slimes","floor":1,"turns":3},{"damage":4,"enemies":"Cultist","floor":3,"turns":4},{"damage":6,"enemies":"2 Louse","floor":4,"turns":4},{"damage":8,"enemies":"Lots of Slimes","floor":7,"turns":5},{"damage":24,"enemies":"Gremlin Nob","floor":10,"turns":5},{"damage":6,"enemies":"Gremlin Gang","floor":12,"turns":4},{"damage":7,"enemies":"3 Sentries","floor":13,"turns":12},{"damage":18,"enemies":"The Guardian","floor":16,"turns":11}],"seed_played":"-2738817723324586275","potions_obtained":[{"floor":1,"key":"SkillPotion"},{"floor":4,"key":"Regen Potion"},{"floor":7,"key":"Explosive Potion"},{"floor":10,"key":"Poison Potion"}],"is_trial":false,"path_per_floor":["M","?","M","M","?","R","M","R","T","E","R","M","E","T","R"],"character_chosen":"IRONCLAD","items_purchased":[],"campfire_rested":0,"item_purchase_floors":[],"current_hp_per_floor":[75,67,63,57,62,62,66,66,66,42,42,36,29,29,29,11],"gold":387,"neow_bonus":"BOSS_RELIC","is_prod":false,"is_daily":false,"chose_seed":false,"campfire_upgraded":4,"win_rate":0,"timestamp":1534271542,"path_taken":["M","?","M","M","?","R","M","R","T","E","R","?","E","?","R","BOSS"],"build_version":"2018-08-09","purchased_purges":0,"victory":false,"max_hp_per_floor":[80,80,80,80,85,85,85,85,85,85,85,85,85,85,85,85],"card_choices":[{"not_picked":["Disarm","Body Slam"],"picked":"Intimidate","floor":1},{"not_picked":["Inflame","Bloodletting"],"picked":"Warcry","floor":3},{"not_picked":["Thunderclap","Iron Wave"],"picked":"Body Slam","floor":4},{"not_picked":["Havoc","Warcry"],"picked":"Shrug It Off","floor":7},{"not_picked":["Iron Wave","Berserk"],"picked":"Burning Pact","floor":10},{"not_picked":["Flex","Disarm"],"picked":"Seeing Red","floor":12},{"not_picked":["Heavy Blade","Exhume"],"picked":"Clothesline","floor":13}],"player_experience":502797,"relics_obtained":[],"event_choices":[{"event_name":"FaceTrader","player_choice":"Touch","floor":2,"damage_taken":0},{"event_name":"Big Fish","player_choice":"Donut","floor":5,"damage_taken":0}],"is_beta":false,"boss_relics":[],"items_purged_floors":[],"is_endless":false,"potions_floor_spawned":[1,4,7,10],"killed_by":"The Guardian","ascension_level":0}