{"gold_per_floor":[118,130,205,221,221,221,237,237,237,253,285,295,1,1,1,73,73,88,88,101,51,12,46,46,60,60,74,91,91,125,50,50,50],"floor_reached":33,"playtime":1885,"items_purged":["Strike_R","Berserk"],"score":574,"play_id":"a1d0db79-cc1c-42db-afab-dcf7e322ef7e","local_time":"20190521234023","is_ascension_mode":true,"campfire_choices":[{"data":"Bash","floor":6,"key":"SMITH"},{"data":"Disarm","floor":8,"key":"SMITH"},{"data":"Immolate","floor":15,"key":"SMITH"},{"data":"True Grit","floor":24,"key":"SMITH"},{"data":"Demon Form","floor":29,"key":"SMITH"},{"floor":32,"key":"REST"}],"neow_cost":"NONE","seed_source_timestamp":39945193268428,"circlet_count":0,"master_deck":["AscendersBane","Bash+1","Disarm+1","Shrug It Off+1","Armaments+1","Flame Barrier","Immolate+1","Shrug It Off","Shrug It Off","Offering","Ghostly Armor","Battle Trance","Burning Pact","True Grit+1","Flame Barrier","Evolve","Wild Strike","Headbutt","Evolve","Demon Form+1","Clothesline"],"relics":["Burning Blood","Gremlin Horn","Pocketwatch","War Paint","Pandora\u0027s Box","Smiling Mask","Strawberry","Pen Nib","Mercury Hourglass"],"potions_floor_usage":[4,11,23,23,27,30],"damage_taken":[{"damage":9,"enemies":"Jaw Worm","floor":1,"turns":6},{"damage":11,"enemies":"Cultist","floor":2,"turns":5},{"damage":5,"enemies":"Small Slimes","floor":4,"turns":3},{"damage":4,"enemies":"3 Louse","floor":7,"turns":7},{"damage":0,"enemies":"Exordium Thugs","floor":10,"turns":5},{"damage":39,"enemies":"Lagavulin","floor":11,"turns":11},{"damage":5,"enemies":"Blue Slaver","floor":12,"turns":5},{"damage":17,"enemies":"The Guardian","floor":16,"turns":16},{"damage":2,"enemies":"Shell Parasite","floor":18,"turns":10},{"damage":0,"enemies":"3 Byrds","floor":20,"turns":3},{"damage":33,"enemies":"Slavers","floor":23,"turns":5},{"damage":18,"enemies":"Shelled Parasite and Fungi","floor":25,"turns":9},{"damage":25,"enemies":"Cultist and Chosen","floor":27,"turns":8},{"damage":3,"enemies":"Snake Plant","floor":28,"turns":7},{"damage":10,"enemies":"Gremlin Leader","floor":30,"turns":7},{"damage":57,"enemies":"Collector","floor":33,"turns":7}],"seed_played":"2877364950982191715","potions_obtained":[{"floor":1,"key":"Explosive Potion"},{"floor":2,"key":"LiquidBronze"},{"floor":11,"key":"SkillPotion"},{"floor":12,"key":"FearPotion"},{"floor":20,"key":"Explosive Potion"},{"floor":23,"key":"FearPotion"},{"floor":25,"key":"AttackPotion"}],"is_trial":false,"path_per_floor":["M","M","?","M","?","R","M","R","T","M","E","M","$","?","R","B",null,"M","?","M","$","$","E","R","M","T","M","M","R","E","?","R","B"],"character_chosen":"IRONCLAD","items_purchased":["Shrug It Off","War Paint","Evolve"],"campfire_rested":1,"item_purchase_floors":[13,13,22],"current_hp_per_floor":[72,67,56,57,57,57,59,59,59,65,32,33,33,33,33,22,67,71,71,77,77,77,57,57,45,45,26,29,29,25,25,51,0],"gold":50,"neow_bonus":"TEN_PERCENT_HP_BONUS","is_prod":false,"is_daily":false,"chose_seed":false,"campfire_upgraded":5,"win_rate":0,"timestamp":1558496423,"path_taken":["M","M","?","M","?","R","M","R","T","M","E","?","$","?","R","BOSS","M","?","M","?","$","E","R","M","T","M","M","R","E","?","R","BOSS"],"build_version":"2019-01-23","purchased_purges":2,"victory":false,"max_hp_per_floor":[82,82,82,82,82,82,82,82,82,82,82,82,82,82,82,82,82,82,82,82,82,82,89,89,89,89,89,89,89,89,89,89,89],"card_choices":[{"not_picked":["Rupture","Dual Wield"],"picked":"Disarm","floor":1},{"not_picked":["Carnage","Dual Wield"],"picked":"Shrug It Off","floor":2},{"not_picked":["Evolve","Corruption"],"picked":"Armaments","floor":4},{"not_picked":["Anger","Warcry"],"picked":"Flame Barrier","floor":7},{"not_picked":["Rupture","Blood for Blood","Havoc"],"picked":"SKIP","floor":10},{"not_picked":["Bludgeon","Entrench"],"picked":"Immolate","floor":11},{"not_picked":["Twin Strike","Anger"],"picked":"Shrug It Off","floor":12},{"not_picked":["Immolate","Reaper"],"picked":"Offering","floor":16},{"not_picked":["Flex","Anger"],"picked":"Wild Strike","floor":18},{"not_picked":["Armaments","Rage+1"],"picked":"Headbutt","floor":20},{"not_picked":["Clothesline","Cleave"],"picked":"Demon Form","floor":23},{"not_picked":["Blood for Blood","Twin Strike"],"picked":"Clothesline","floor":25},{"not_picked":["Entrench","Thunderclap","Sentinel"],"picked":"SKIP","floor":27},{"not_picked":["Hemokinesis","Rupture","Armaments"],"picked":"SKIP","floor":28},{"not_picked":["Iron Wave","Fire Breathing","Rampage"],"picked":"SKIP","floor":30}],"player_experience":1433661,"relics_obtained":[{"floor":9,"key":"Gremlin Horn"},{"floor":11,"key":"Pocketwatch"},{"floor":23,"key":"Strawberry"},{"floor":26,"key":"Pen Nib"},{"floor":30,"key":"Mercury Hourglass"}],"event_choices":[{"damage_healed":0,"gold_gain":75,"player_choice":"Gather Gold","damage_taken":11,"max_hp_gain":0,"max_hp_loss":0,"event_name":"World of Goop","floor":3,"gold_loss":0},{"damage_healed":0,"gold_gain":0,"player_choice":"Upgraded","damage_taken":0,"max_hp_gain":0,"max_hp_loss":0,"event_name":"Upgrade Shrine","floor":5,"gold_loss":0,"cards_upgraded":["Armaments"]},{"damage_healed":0,"gold_gain":0,"player_choice":"Leave","damage_taken":0,"max_hp_gain":0,"max_hp_loss":0,"event_name":"The Cleric","floor":14,"gold_loss":0},{"damage_healed":0,"gold_gain":0,"player_choice":"Gave Potion","damage_taken":0,"relics_obtained":["Smiling Mask"],"max_hp_gain":0,"max_hp_loss":0,"event_name":"WeMeetAgain","floor":19,"gold_loss":0},{"cards_removed":["Infernal Blade"],"damage_healed":0,"gold_gain":0,"player_choice":"Gave Gold","damage_taken":0,"max_hp_gain":0,"max_hp_loss":0,"event_name":"Beggar","floor":31,"gold_loss":75}],"is_beta":false,"boss_relics":[{"not_picked":["Busted Crown","Eternal Feather"],"picked":"Pandora\u0027s Box"}],"items_purged_floors":[13,21],"is_endless":false,"potions_floor_spawned":[1,2,11,12,20,23,25],"killed_by":"Collector","ascension_level":20}