{"gold_per_floor":[114,264,283,283,263,294,294,307,331,28,61,75,108,128,128,221,221,235,95,109,124,145,184,184,227,227,227,277,277,277],"floor_reached":30,"playtime":1048,"items_purged":["Doubt"],"score":551,"play_id":"4609de1d-c8ad-4623-8a0f-723ef47987ad","local_time":"20190722162917","is_ascension_mode":true,"campfire_choices":[{"data":"Perfected Strike","floor":7,"key":"SMITH"},{"data":"Shockwave","floor":15,"key":"SMITH"},{"data":"Armaments","floor":24,"key":"SMITH"}],"neow_cost":"NONE","seed_source_timestamp":417651120835162,"circlet_count":0,"master_deck":["AscendersBane","Strike_R","Strike_R","Strike_R","Strike_R","Strike_R","Defend_R","Defend_R","Defend_R","Defend_R","Bash","Shrug It Off","Pommel Strike","Perfected Strike+1","Clothesline","Spot Weakness","Shrug It Off","Burning Pact","Shockwave+1","Berserk","Immolate","Pommel Strike","Armaments+1","True Grit","Corruption","Disarm"],"relics":["Burning Blood","NeowsBlessing","Golden Idol","Dream Catcher","Bronze Scales","Bag of Marbles","Vajra","Happy Flower","Black Star","Shovel","Letter Opener","PreservedInsect","Potion Belt","Molten Egg 2"],"potions_floor_usage":[11,16,23,27],"damage_taken":[{"damage":0,"enemies":"2 Louse","floor":1,"turns":1},{"damage":0,"enemies":"Jaw Worm","floor":3,"turns":1},{"damage":0,"enemies":"Gremlin Nob","floor":6,"turns":1},{"damage":1,"enemies":"Cultist","floor":8,"turns":3},{"damage":17,"enemies":"3 Sentries","floor":11,"turns":7},{"damage":14,"enemies":"Red Slaver","floor":12,"turns":3},{"damage":24,"enemies":"Gremlin Nob","floor":13,"turns":4},{"damage":10,"enemies":"Lots of Slimes","floor":14,"turns":4},{"damage":4,"enemies":"The Guardian","floor":16,"turns":8},{"damage":7,"enemies":"Chosen","floor":18,"turns":4},{"damage":6,"enemies":"3 Byrds","floor":20,"turns":3},{"damage":9,"enemies":"Centurion and Healer","floor":21,"turns":4},{"damage":0,"enemies":"3 Cultists","floor":22,"turns":4},{"damage":29,"enemies":"Slavers","floor":23,"turns":3},{"damage":32,"enemies":"Gremlin Leader","floor":25,"turns":7},{"damage":0,"enemies":"Cultist and Chosen","floor":27,"turns":3},{"damage":28,"enemies":"Chosen and Byrds","floor":30,"turns":4}],"seed_played":"886915483532721704","potions_obtained":[{"floor":3,"key":"AttackPotion"},{"floor":5,"key":"PowerPotion"},{"floor":13,"key":"SmokeBomb"},{"floor":20,"key":"Poison Potion"},{"floor":21,"key":"SteroidPotion"}],"is_trial":false,"path_per_floor":["M","?","M","?","?","E","R","M","T","$","E","M","E","M","R","B",null,"M","$","M","M","M","E","R","E","T","M","?","?","M"],"character_chosen":"IRONCLAD","items_purchased":["Bag of Marbles","Spot Weakness","Immolate"],"campfire_rested":0,"item_purchase_floors":[10,10,19],"current_hp_per_floor":[74,74,75,49,49,55,55,60,60,60,49,41,23,19,19,21,62,61,61,61,58,64,41,41,15,15,21,21,21,0],"gold":277,"neow_bonus":"THREE_ENEMY_KILL","is_prod":false,"is_daily":false,"chose_seed":false,"campfire_upgraded":3,"win_rate":0,"timestamp":1563827357,"path_taken":["M","?","M","?","?","E","R","M","T","$","E","?","E","M","R","BOSS","M","?","M","M","M","E","R","E","T","?","?","?","M"],"build_version":"2019-07-17","purchased_purges":1,"victory":false,"max_hp_per_floor":[75,75,75,75,75,75,75,75,75,75,75,75,75,75,75,75,75,75,75,75,75,75,75,75,75,75,75,75,75,75],"card_choices":[{"not_picked":["Rampage","Corruption"],"picked":"Shrug It Off","floor":1},{"not_picked":["Clash","Iron Wave"],"picked":"Pommel Strike","floor":3},{"not_picked":["Body Slam","Dual Wield"],"picked":"Perfected Strike","floor":6},{"not_picked":["Blood for Blood","Armaments"],"picked":"Clothesline","floor":8},{"not_picked":["Body Slam","Wild Strike","Clothesline"],"picked":"SKIP","floor":11},{"not_picked":["Corruption","Spot Weakness"],"picked":"Shrug It Off","floor":12},{"not_picked":["Burning Pact","Flex","Warcry"],"picked":"SKIP","floor":13},{"not_picked":["Flex","Warcry"],"picked":"Burning Pact","floor":13},{"not_picked":["Rampage","Thunderclap"],"picked":"Shockwave","floor":14},{"not_picked":["Juggernaut","Dark Embrace"],"picked":"Berserk","floor":16},{"not_picked":["Anger","Perfected Strike","Heavy Blade"],"picked":"SKIP","floor":18},{"not_picked":["Clash","Cleave"],"picked":"Pommel Strike","floor":20},{"not_picked":["Twin Strike","Anger","Hemokinesis"],"picked":"SKIP","floor":21},{"not_picked":["Blood for Blood","Fire Breathing"],"picked":"Armaments","floor":22},{"not_picked":["Headbutt","Rage"],"picked":"True Grit","floor":23},{"not_picked":["Intimidate","Flex"],"picked":"Corruption","floor":25}],"player_experience":1531148,"relics_obtained":[{"floor":6,"key":"Dream Catcher"},{"floor":9,"key":"Bronze Scales"},{"floor":11,"key":"Vajra"},{"floor":13,"key":"Happy Flower"},{"floor":23,"key":"Shovel"},{"floor":23,"key":"Letter Opener"},{"floor":25,"key":"PreservedInsect"},{"floor":25,"key":"Potion Belt"},{"floor":26,"key":"Molten Egg 2"}],"event_choices":[{"damage_healed":0,"gold_gain":150,"player_choice":"AGREE","damage_taken":0,"max_hp_gain":0,"max_hp_loss":0,"event_name":"Liars Game","floor":2,"gold_loss":0,"cards_obtained":["Doubt"]},{"damage_healed":0,"gold_gain":0,"player_choice":"Take Damage","damage_taken":26,"relics_obtained":["Golden Idol"],"max_hp_gain":0,"max_hp_loss":0,"event_name":"Golden Idol","floor":4,"gold_loss":0},{"damage_healed":0,"gold_gain":0,"player_choice":"Bought 1 Potion","damage_taken":0,"max_hp_gain":0,"max_hp_loss":0,"event_name":"The Woman in Blue","floor":5,"gold_loss":0},{"damage_healed":0,"gold_gain":50,"player_choice":"Stole From Cult","damage_taken":0,"max_hp_gain":0,"max_hp_loss":0,"event_name":"Nest","floor":28,"gold_loss":0},{"damage_healed":0,"gold_gain":0,"player_choice":"Read","damage_taken":0,"max_hp_gain":0,"max_hp_loss":0,"event_name":"The Library","floor":29,"gold_loss":0,"cards_obtained":["Disarm"]}],"is_beta":false,"boss_relics":[{"not_picked":["Calling Bell","White Beast Statue"],"picked":"Black Star"}],"items_purged_floors":[10],"is_endless":false,"potions_floor_spawned":[3,6,13,20,21,27],"killed_by":"Chosen and Byrds","ascension_level":15}