{"gold_per_floor":[367,380,380,149,169,169,269,328,351,351,369,383,399,409,409,510,510,524,524,180,180,195,195,195,70,70,70,70,82,94,107,107,203,203,217,67,87,87,105,130,143,143,224,224,236,291,291,116,116,116],"floor_reached":51,"playtime":1529,"items_purged":["Strike_R","Defend_R","Defend_R","Defend_R+1","Strike_R+1"],"score":794,"play_id":"eb17d40a-d627-4cb5-bf90-144ac19fe4ee","local_time":"20180803195550","is_ascension_mode":false,"campfire_choices":[{"data":"Rage","floor":6,"key":"SMITH"},{"data":"Dropkick","floor":15,"key":"SMITH"},{"data":"Thunderclap","floor":23,"key":"SMITH"},{"data":"Defend_R","floor":32,"key":"SMITH"},{"floor":42,"key":"REST"},{"floor":44,"key":"REST"},{"floor":47,"key":"REST"},{"floor":49,"key":"REST"}],"neow_cost":"FIFTY_PERCENT_DAMAGE","seed_source_timestamp":197610957914822,"circlet_count":0,"master_deck":["Bash+1","Rage+1","Dropkick+1","Dropkick+1","Thunderclap+1"],"relics":["Burning Blood","Whetstone","Art of War","Omamori","Empty Cage","Shuriken","Mercury Hourglass","Fusion Hammer","Potion Belt","Darkstone Periapt","Gambling Chip"],"potions_floor_usage":[8,8,14,16,33,50],"damage_taken":[{"damage":5,"enemies":"Small Slimes","floor":1,"turns":3},{"damage":15,"enemies":"Jaw Worm","floor":2,"turns":5},{"damage":1,"enemies":"Cultist","floor":5,"turns":4},{"damage":14,"enemies":"Gremlin Nob","floor":8,"turns":3},{"damage":2,"enemies":"2 Fungi Beasts","floor":11,"turns":3},{"damage":3,"enemies":"Red Slaver","floor":12,"turns":3},{"damage":0,"enemies":"Large Slime","floor":13,"turns":4},{"damage":4,"enemies":"Lots of Slimes","floor":14,"turns":5},{"damage":20,"enemies":"Slime Boss","floor":16,"turns":10},{"damage":0,"enemies":"3 Byrds","floor":18,"turns":6},{"damage":0,"enemies":"2 Thieves","floor":22,"turns":3},{"damage":7,"enemies":"Snake Plant","floor":29,"turns":3},{"damage":0,"enemies":"3 Cultists","floor":30,"turns":4},{"damage":0,"enemies":"Chosen and Byrds","floor":31,"turns":3},{"damage":12,"enemies":"Automaton","floor":33,"turns":6},{"damage":0,"enemies":"3 Shapes","floor":35,"turns":2},{"damage":0,"enemies":"Orb Walker","floor":37,"turns":2},{"damage":0,"enemies":"Spire Growth","floor":39,"turns":2},{"damage":12,"enemies":"2 Orb Walkers","floor":40,"turns":3},{"damage":0,"enemies":"Maw","floor":41,"turns":2},{"damage":0,"enemies":"Flame Bruiser 2 Orb","floor":45,"turns":2},{"damage":30,"floor":46,"turns":3},{"damage":17,"enemies":"Time Eater","floor":50,"turns":5}],"seed_played":"7363241170136397931","potions_obtained":[{"floor":1,"key":"AttackPotion"},{"floor":2,"key":"Strength Potion"},{"floor":13,"key":"EssenceOfSteel"},{"floor":14,"key":"Strength Potion"},{"floor":16,"key":"SmokeBomb"},{"floor":18,"key":"EssenceOfSteel"},{"floor":33,"key":"Poison Potion"},{"floor":37,"key":"EssenceOfSteel"},{"floor":39,"key":"SkillPotion"},{"floor":46,"key":"PowerPotion"}],"is_trial":false,"path_per_floor":["M","M","?","$","M","R","?","?","T","?","M","M","M","M","R","B",null,"M","?","$","?","M","R","?","$","T","?","?","M","M","M","R","B",null,"M","$","M","?","M","E","M","R","T","R","M","?","R","$","R","B"],"character_chosen":"IRONCLAD","items_purchased":["Whetstone","Shuriken"],"campfire_rested":4,"item_purchase_floors":[4,20],"current_hp_per_floor":[41,32,32,32,37,37,37,29,29,29,33,36,42,44,44,30,80,80,80,80,80,80,80,80,80,80,80,80,79,80,80,80,74,80,80,80,80,80,80,74,80,80,80,80,80,56,80,80,80,69],"gold":116,"neow_bonus":"TWO_FIFTY_GOLD","is_prod":false,"is_daily":false,"chose_seed":false,"campfire_upgraded":4,"win_rate":0,"timestamp":1533340550,"path_taken":["M","M","?","$","?","R","?","?","T","?","M","?","?","M","R","BOSS","M","?","$","?","?","R","?","$","T","?","?","M","M","M","R","BOSS","M","$","M","?","M","E","M","R","T","R","M","?","R","$","R","BOSS"],"build_version":"2018-08-02","purchased_purges":5,"victory":true,"max_hp_per_floor":[80,80,80,80,80,80,80,80,80,80,80,80,80,80,80,80,80,80,80,80,80,80,80,80,80,80,80,80,80,80,80,80,80,80,80,80,80,80,80,80,80,80,80,80,80,80,80,80,80,80],"card_choices":[{"not_picked":["Headbutt","Power Through"],"picked":"Rage","floor":1},{"not_picked":["Whirlwind","Reckless Charge","Iron Wave"],"picked":"SKIP","floor":2},{"not_picked":["Spot Weakness","Warcry"],"picked":"Dropkick","floor":5},{"not_picked":["Power Through","Havoc","Pommel Strike"],"picked":"SKIP","floor":11},{"not_picked":["Cleave","Clothesline","Sword Boomerang"],"picked":"SKIP","floor":12},{"not_picked":["Burning Pact","Sword Boomerang","Wild Strike"],"picked":"SKIP","floor":13},{"not_picked":["Cleave","Havoc"],"picked":"Dropkick","floor":14},{"not_picked":["Dropkick+1","Heavy Blade"],"picked":"Thunderclap","floor":18},{"not_picked":["Searing Blow","Shrug It Off","Battle Trance"],"picked":"SKIP","floor":22},{"not_picked":["Power Through+1","Whirlwind","Sever Soul+1"],"picked":"SKIP","floor":29},{"not_picked":["Battle Trance+1","Headbutt","Armaments"],"picked":"SKIP","floor":30},{"not_picked":["Whirlwind","Sword Boomerang","Thunderclap+1"],"picked":"SKIP","floor":31},{"not_picked":["Shrug It Off","Perfected Strike","Heavy Blade+1"],"picked":"SKIP","floor":35},{"not_picked":["Pommel Strike","Combust","Infernal Blade+1"],"picked":"SKIP","floor":37},{"not_picked":["Clothesline","Sword Boomerang","Headbutt+1"],"picked":"SKIP","floor":39},{"not_picked":["Blood for Blood","Combust+1","Reckless Charge+1"],"picked":"SKIP","floor":40},{"not_picked":["Pummel","Pommel Strike+1","Sever Soul"],"picked":"SKIP","floor":41},{"not_picked":["Seeing Red+1","Offering","Clothesline+1"],"picked":"SKIP","floor":45}],"player_experience":435172,"relics_obtained":[{"floor":8,"key":"Art of War"},{"floor":9,"key":"Omamori"},{"floor":26,"key":"Mercury Hourglass"},{"floor":40,"key":"Potion Belt"},{"floor":43,"key":"Darkstone Periapt"},{"floor":46,"key":"Gambling Chip"}],"event_choices":[{"event_name":"Living Wall","player_choice":"Forget","floor":3,"damage_taken":0},{"event_name":"Golden Shrine","player_choice":"Pray","floor":7,"damage_taken":0},{"event_name":"Dead Adventurer","player_choice":"Searched \u00272\u0027 times","floor":8,"damage_taken":0},{"event_name":"Upgrade Shrine","player_choice":"Upgraded","floor":10,"damage_taken":0},{"event_name":"Bonfire Elementals","player_choice":"BASIC","floor":19,"damage_taken":0},{"event_name":"Vampires","player_choice":"Ignored","floor":21,"damage_taken":0},{"event_name":"Match and Keep!","player_choice":"0 cards matched","floor":24,"damage_taken":0},{"event_name":"The Mausoleum","player_choice":"No","floor":27,"damage_taken":0},{"event_name":"The Library","player_choice":"Heal","floor":28,"damage_taken":0},{"event_name":"Match and Keep!","player_choice":"0 cards matched","floor":38,"damage_taken":0},{"event_name":"Mysterious Sphere","player_choice":"Fight","floor":46,"damage_taken":0}],"is_beta":false,"boss_relics":[{"not_picked":["Cursed Key","Orrery"],"picked":"Empty Cage"},{"not_picked":["Astrolabe","Busted Crown"],"picked":"Fusion Hammer"}],"items_purged_floors":[4,20,25,36,48],"is_endless":false,"potions_floor_spawned":[1,2,13,14,16,18,33,37,39,46],"ascension_level":0}