{"gold_per_floor":[110,53,17,167,167,198,209,242,242,242,262,273,273,273,273,348,348,364,120,137,147,147,147,147,147],"floor_reached":25,"playtime":791,"items_purged":["Strike_B"],"score":493,"play_id":"01ad1380-0a71-4388-8a73-ee1e14711d46","local_time":"20181130115650","is_ascension_mode":true,"campfire_choices":[{"data":"Zap","floor":13,"key":"SMITH"},{"data":"Loop","floor":15,"key":"SMITH"},{"data":"Buffer","floor":23,"key":"SMITH"}],"neow_cost":"NONE","seed_source_timestamp":427945315240936,"circlet_count":0,"master_deck":["AscendersBane","Defend_B","Defend_B","Defend_B","Defend_B","Zap+1","Dualcast","Darkness+1","Cold Snap","Loop+1","Cold Snap","Undo","Hologram","Buffer+1","Leap","Electrodynamics","Double Energy","Glacier","Bite","Bite","Bite","Bite","Bite"],"relics":["Cracked Core","NeowsBlessing","Mercury Hourglass","Bag of Preparation","Whetstone","FaceOfCleric","Philosopher\u0027s Stone","Happy Flower"],"potions_floor_usage":[8,18,25,25],"damage_taken":[{"damage":0,"enemies":"Cultist","floor":1,"turns":1},{"damage":0,"enemies":"Gremlin Nob","floor":6,"turns":1},{"damage":0,"enemies":"Small Slimes","floor":7,"turns":1},{"damage":27,"enemies":"3 Sentries","floor":8,"turns":10},{"damage":1,"enemies":"2 Louse","floor":11,"turns":3},{"damage":0,"enemies":"Red Slaver","floor":12,"turns":3},{"damage":7,"enemies":"Slime Boss","floor":16,"turns":10},{"damage":6,"enemies":"3 Byrds","floor":18,"turns":3},{"damage":16,"enemies":"2 Thieves","floor":20,"turns":3},{"damage":10,"enemies":"Centurion and Healer","floor":21,"turns":6},{"damage":49,"enemies":"Book of Stabbing","floor":25,"turns":3}],"seed_played":"4701870563596161621","potions_obtained":[{"floor":1,"key":"GamblersBrew"},{"floor":6,"key":"LiquidBronze"},{"floor":11,"key":"FocusPotion"},{"floor":18,"key":"SneckoOil"},{"floor":20,"key":"FearPotion"}],"is_trial":false,"path_per_floor":["M","$","$","?","?","E","M","E","T","?","M","M","R","?","R","B",null,"M","$","M","M","?","R","?","E"],"character_chosen":"DEFECT","items_purchased":["Cold Snap","Loop","Happy Flower"],"campfire_rested":0,"item_purchase_floors":[2,3,19],"current_hp_per_floor":[64,64,64,64,64,64,64,37,37,37,37,38,38,38,38,32,64,59,59,44,35,35,35,35,0],"gold":147,"neow_bonus":"THREE_ENEMY_KILL","is_prod":false,"is_daily":false,"chose_seed":false,"campfire_upgraded":3,"win_rate":0,"timestamp":1543597010,"path_taken":["M","?","$","?","?","E","?","E","T","?","M","?","R","?","R","BOSS","M","$","?","M","?","R","?","E"],"build_version":"2018-11-15","purchased_purges":1,"victory":false,"max_hp_per_floor":[71,71,71,71,71,71,71,71,71,71,72,73,73,73,73,74,74,75,75,76,77,53,53,53,53],"card_choices":[{"not_picked":["Reprogram","Beam Cell"],"picked":"Darkness","floor":1},{"not_picked":["Lockon","Conserve Battery"],"picked":"Cold Snap","floor":6},{"not_picked":["Turbo","Steam"],"picked":"Undo","floor":7},{"not_picked":["Go for the Eyes","Undo"],"picked":"Hologram","floor":8},{"not_picked":["Self Repair","Streamline"],"picked":"Buffer","floor":11},{"not_picked":["Gash","Static Discharge"],"picked":"Leap","floor":12},{"not_picked":["Multi-Cast","Core Surge"],"picked":"Electrodynamics","floor":16},{"not_picked":["Turbo","Leap","Beam Cell"],"picked":"SKIP","floor":18},{"not_picked":["Darkness","Streamline"],"picked":"Double Energy","floor":20},{"not_picked":["Loop","Redo"],"picked":"Glacier","floor":21}],"player_experience":1209564,"relics_obtained":[{"floor":6,"key":"Mercury Hourglass"},{"floor":8,"key":"Bag of Preparation"},{"floor":9,"key":"Whetstone"}],"event_choices":[{"damage_healed":0,"gold_gain":150,"player_choice":"AGREE","damage_taken":0,"max_hp_gain":0,"max_hp_loss":0,"event_name":"Liars Game","floor":4,"gold_loss":0,"cards_obtained":["Doubt"]},{"cards_removed":["Doubt"],"damage_healed":0,"gold_gain":0,"player_choice":"Removed Curses","damage_taken":0,"max_hp_gain":0,"max_hp_loss":0,"event_name":"Fountain of Cleansing","floor":5,"gold_loss":0},{"damage_healed":0,"gold_gain":0,"player_choice":"Trade","damage_taken":0,"relics_obtained":["FaceOfCleric"],"max_hp_gain":0,"max_hp_loss":0,"event_name":"FaceTrader","floor":10,"gold_loss":0},{"damage_healed":0,"gold_gain":0,"player_choice":"Forge","damage_taken":0,"max_hp_gain":0,"max_hp_loss":0,"event_name":"Accursed Blacksmith","floor":14,"gold_loss":0,"cards_upgraded":["Darkness"]},{"damage_healed":0,"gold_gain":0,"player_choice":"Became a vampire","damage_taken":0,"max_hp_gain":0,"max_hp_loss":24,"event_name":"Vampires","floor":22,"gold_loss":0,"cards_obtained":["Bite","Bite","Bite","Bite","Bite"]},{"damage_healed":0,"gold_gain":0,"player_choice":"Ignored","damage_taken":0,"max_hp_gain":0,"max_hp_loss":0,"event_name":"Ghosts","floor":24,"gold_loss":0}],"is_beta":false,"boss_relics":[{"not_picked":["FrozenCore","Runic Pyramid"],"picked":"Philosopher\u0027s Stone"}],"items_purged_floors":[19],"is_endless":false,"potions_floor_spawned":[1,6,11,18,20,21],"killed_by":"Book of Stabbing","ascension_level":20}