{"gold_per_floor":[113,66,66,81,97,97,126,139,139,170,170,170,170,191,191,285,285,304,304,321,17,29,29],"floor_reached":23,"playtime":932,"items_purged":[],"score":352,"play_id":"2944ffa5-be92-4fd6-a28d-c2d44b25a364","local_time":"20181212140614","is_ascension_mode":true,"campfire_choices":[{"data":"Zap","floor":6,"key":"SMITH"},{"data":"Defragment","floor":12,"key":"SMITH"},{"data":"Recycle","floor":15,"key":"SMITH"}],"neow_cost":"TEN_PERCENT_HP_LOSS","seed_source_timestamp":78054187323865,"circlet_count":0,"master_deck":["AscendersBane","Strike_B","Strike_B","Strike_B","Strike_B","Defend_B","Defend_B","Defend_B","Defend_B","Zap+1","Dualcast","Compile Driver","Cold Snap","Glacier","Ball Lightning","Defragment+1","Ball Lightning","Compile Driver","Recycle+1","Meteor Strike","Sweeping Beam+1","Darkness","Double Energy"],"relics":["Cracked Core","StoneCalendar","CultistMask","Dream Catcher","Mercury Hourglass","Bird Faced Urn","Bloody Idol","Potion Belt","Inserter","Ice Cream"],"potions_floor_usage":[23,23,23],"damage_taken":[{"damage":7,"enemies":"Jaw Worm","floor":1,"turns":3},{"damage":4,"enemies":"Cultist","floor":4,"turns":4},{"damage":1,"enemies":"2 Louse","floor":5,"turns":3},{"damage":16,"enemies":"Lagavulin","floor":7,"turns":6},{"damage":0,"enemies":"2 Fungi Beasts","floor":8,"turns":3},{"damage":13,"enemies":"Gremlin Nob","floor":10,"turns":4},{"damage":2,"enemies":"3 Louse","floor":14,"turns":3},{"damage":6,"enemies":"The Guardian","floor":16,"turns":9},{"damage":10,"enemies":"Chosen","floor":18,"turns":4},{"damage":20,"enemies":"2 Thieves","floor":20,"turns":4},{"damage":28,"enemies":"Snake Plant","floor":22,"turns":5},{"damage":18,"enemies":"Slavers","floor":23,"turns":1}],"seed_played":"-391859991326719133","potions_obtained":[{"floor":5,"key":"Dexterity Potion"},{"floor":7,"key":"SkillPotion"},{"floor":8,"key":"SteroidPotion"},{"floor":14,"key":"Strength Potion"},{"floor":22,"key":"Regen Potion"}],"is_trial":false,"path_per_floor":["M","$","?","M","M","R","E","M","T","E","?","R","?","M","R","B",null,"M","?","M","$","M","E"],"character_chosen":"DEFECT","items_purchased":["Cold Snap","Ice Cream"],"campfire_rested":0,"item_purchase_floors":[2,21],"current_hp_per_floor":[57,57,57,53,52,52,36,36,36,23,23,23,12,12,12,8,46,38,38,30,30,9,0],"gold":29,"neow_bonus":"ONE_RARE_RELIC","is_prod":false,"is_daily":false,"chose_seed":false,"campfire_upgraded":3,"win_rate":0,"timestamp":1544641574,"path_taken":["M","$","?","M","M","R","E","?","T","E","?","R","?","M","R","BOSS","M","?","M","$","M","E"],"build_version":"2018-12-06","purchased_purges":0,"victory":false,"max_hp_per_floor":[64,64,64,64,64,64,64,64,64,64,58,58,58,58,58,58,58,58,58,58,58,58,58],"card_choices":[{"not_picked":["Rebound","Go for the Eyes"],"picked":"Compile Driver","floor":1},{"not_picked":["Scrape","Chaos"],"picked":"Glacier","floor":4},{"not_picked":["Stack","Reboot"],"picked":"Ball Lightning","floor":5},{"not_picked":["Redo","Barrage"],"picked":"Defragment","floor":7},{"not_picked":["Redo","Aggregate"],"picked":"Ball Lightning","floor":8},{"not_picked":["Scrape","Lockon"],"picked":"Compile Driver","floor":10},{"not_picked":["Barrage","Beam Cell"],"picked":"Recycle","floor":14},{"not_picked":["Rainbow","Buffer"],"picked":"Meteor Strike","floor":16},{"not_picked":["Heatsinks","Compile Driver"],"picked":"Sweeping Beam+1","floor":18},{"not_picked":["Steam","Leap"],"picked":"Darkness","floor":20},{"not_picked":["Stack","Compile Driver"],"picked":"Double Energy","floor":22}],"player_experience":1266977,"relics_obtained":[{"floor":7,"key":"Dream Catcher"},{"floor":9,"key":"Mercury Hourglass"},{"floor":10,"key":"Bird Faced Urn"}],"event_choices":[{"damage_healed":0,"gold_gain":0,"player_choice":"Trade","damage_taken":0,"relics_obtained":["CultistMask"],"max_hp_gain":0,"max_hp_loss":0,"event_name":"FaceTrader","floor":3,"gold_loss":0},{"damage_healed":0,"gold_gain":0,"player_choice":"Lose Max HP","damage_taken":0,"relics_obtained":["Golden Idol"],"max_hp_gain":0,"max_hp_loss":6,"event_name":"Golden Idol","floor":11,"gold_loss":0},{"damage_healed":0,"gold_gain":0,"player_choice":"Success","damage_taken":11,"relics_obtained":["Potion Belt"],"max_hp_gain":0,"max_hp_loss":0,"event_name":"Scrap Ooze","floor":13,"gold_loss":0},{"damage_healed":0,"gold_gain":0,"player_choice":"Gave Idol","damage_taken":0,"relics_obtained":["Bloody Idol"],"max_hp_gain":0,"max_hp_loss":0,"event_name":"Forgotten Altar","floor":19,"relics_lost":["Golden Idol"],"gold_loss":0}],"is_beta":false,"boss_relics":[{"not_picked":["Tiny House","Philosopher\u0027s Stone"],"picked":"Inserter"}],"items_purged_floors":[],"is_endless":false,"potions_floor_spawned":[5,7,8,14,22],"killed_by":"Slavers","ascension_level":15}