{"gold_per_floor":[110,40,53,53,67,67,105,105,105,119,119,119,119,163,163,282,282,306,326,326,45,70,70,93,109,136,161,161,161,161],"floor_reached":30,"playtime":4544,"items_purged":[],"score":277,"play_id":"1b49127b-518a-47f3-adcc-f97b3cec76a3","local_time":"20190709034251","is_ascension_mode":true,"campfire_choices":[{"data":"Bash","floor":6,"key":"SMITH"},{"data":"Evolve","floor":8,"key":"SMITH"},{"data":"Feel No Pain","floor":11,"key":"SMITH"},{"data":"Whirlwind","floor":13,"key":"SMITH"},{"data":"Cleave","floor":15,"key":"SMITH"},{"floor":23,"key":"REST"},{"floor":28,"key":"REST"}],"neow_cost":"NONE","seed_source_timestamp":253427413894935,"circlet_count":0,"master_deck":["Strike_R","Strike_R","Strike_R","Strike_R","Strike_R","Defend_R","Defend_R","Defend_R","Defend_R","Bash+1","Rage","Evolve+1","Feel No Pain+1","Whirlwind+1","Sentinel+1","Cleave+1","Feed","Reckless Charge","Ghostly Armor+1","Armaments+1","Iron Wave","Rampage+1","Shrug It Off+1","Double Tap+1"],"relics":["Black Blood","Golden Idol","Paper Frog","Toxic Egg 2","FaceOfCleric","Pen Nib","Happy Flower","Vajra","Meat on the Bone"],"potions_floor_usage":[7,7,14,16,16,24],"damage_taken":[{"damage":4,"enemies":"2 Louse","floor":1,"turns":4},{"damage":7,"enemies":"Small Slimes","floor":3,"turns":4},{"damage":5,"enemies":"Cultist","floor":5,"turns":4},{"damage":22,"enemies":"3 Sentries","floor":7,"turns":12},{"damage":2,"enemies":"3 Louse","floor":10,"turns":2},{"damage":15,"enemies":"Gremlin Nob","floor":14,"turns":4},{"damage":58,"enemies":"The Guardian","floor":16,"turns":13},{"damage":15,"enemies":"Chosen","floor":18,"turns":6},{"damage":42,"enemies":"Spheric Guardian","floor":19,"turns":8},{"damage":50,"enemies":"Snecko","floor":22,"turns":8},{"damage":29,"enemies":"3 Cultists","floor":24,"turns":6},{"damage":8,"enemies":"Chosen and Byrds","floor":25,"turns":7},{"damage":21,"enemies":"Centurion and Healer","floor":27,"turns":6},{"damage":68,"enemies":"Slavers","floor":30,"turns":4}],"seed_played":"-6408936486938341909","potions_obtained":[{"floor":1,"key":"Poison Potion"},{"floor":3,"key":"SpeedPotion"},{"floor":5,"key":"SpeedPotion"},{"floor":7,"key":"BloodPotion"},{"floor":14,"key":"LiquidBronze"},{"floor":22,"key":"PowerPotion"},{"floor":27,"key":"FearPotion"}],"is_trial":false,"path_per_floor":["M","$","M","?","M","R","E","R","T","M","R","?","R","E","R","B",null,"M","M","T","$","M","R","M","M","T","M","R","?","E"],"character_chosen":"IRONCLAD","items_purchased":["Evolve","Happy Flower","Ghostly Armor+1","Armaments+1"],"campfire_rested":2,"item_purchase_floors":[2,21,21,21],"current_hp_per_floor":[88,88,87,65,66,66,50,50,50,54,54,54,54,68,68,17,90,89,61,61,61,22,51,33,36,36,29,60,60,0],"gold":161,"neow_bonus":"TEN_PERCENT_HP_BONUS","is_prod":false,"is_daily":false,"chose_seed":false,"campfire_upgraded":5,"win_rate":0,"timestamp":1562668971,"path_taken":["M","$","M","?","M","R","E","R","T","M","R","?","R","E","R","BOSS","M","M","?","$","M","R","M","M","T","M","R","?","E"],"build_version":"2019-07-05","purchased_purges":0,"victory":false,"max_hp_per_floor":[88,88,88,88,88,88,88,88,88,88,88,88,88,89,89,90,90,94,98,98,98,99,99,100,101,101,105,105,105,105],"card_choices":[{"not_picked":["Clothesline","Pommel Strike"],"picked":"Rage","floor":1},{"not_picked":["Warcry","Pommel Strike","Wild Strike"],"picked":"SKIP","floor":3},{"not_picked":["True Grit","Dropkick"],"picked":"Feel No Pain","floor":5},{"not_picked":["Rupture","Hemokinesis"],"picked":"Whirlwind","floor":7},{"not_picked":["True Grit+1","Battle Trance+1"],"picked":"Sentinel+1","floor":10},{"not_picked":["Blood for Blood","Havoc+1"],"picked":"Cleave","floor":14},{"not_picked":["Double Tap+1","Dark Embrace"],"picked":"Feed","floor":16},{"not_picked":["Twin Strike","Heavy Blade"],"picked":"Reckless Charge","floor":18},{"not_picked":["Clash","Warcry+1","Pommel Strike"],"picked":"SKIP","floor":19},{"not_picked":["Thunderclap","Ghostly Armor+1"],"picked":"Iron Wave","floor":22},{"not_picked":["Thunderclap+1","Clothesline+1"],"picked":"Rampage+1","floor":24},{"not_picked":["Clash+1","Perfected Strike"],"picked":"Shrug It Off+1","floor":25},{"not_picked":["Wild Strike","Dual Wield+1"],"picked":"Double Tap+1","floor":27}],"player_experience":225499,"relics_obtained":[{"floor":7,"key":"Paper Frog"},{"floor":9,"key":"Toxic Egg 2"},{"floor":14,"key":"Pen Nib"},{"floor":26,"key":"Vajra"}],"event_choices":[{"damage_healed":0,"gold_gain":0,"player_choice":"Take Damage","damage_taken":22,"relics_obtained":["Golden Idol"],"max_hp_gain":0,"max_hp_loss":0,"event_name":"Golden Idol","floor":4,"gold_loss":0},{"damage_healed":0,"gold_gain":0,"player_choice":"Trade","damage_taken":0,"relics_obtained":["FaceOfCleric"],"max_hp_gain":0,"max_hp_loss":0,"event_name":"FaceTrader","floor":12,"gold_loss":0},{"damage_healed":0,"gold_gain":0,"player_choice":"Gave Potion","damage_taken":0,"relics_obtained":["Meat on the Bone"],"max_hp_gain":0,"max_hp_loss":0,"event_name":"WeMeetAgain","floor":29,"gold_loss":0}],"is_beta":false,"boss_relics":[{"not_picked":["Lizard Tail","Black Star"],"picked":"Black Blood"}],"items_purged_floors":[],"is_endless":false,"potions_floor_spawned":[1,3,5,7,14,22,27],"killed_by":"Slavers","ascension_level":1}