{"gold_per_floor":[113,127,146,165,185,219,232,267,290,290,290,322,337,350,350,451,451,463,513,199,211,231,231],"floor_reached":23,"playtime":1772,"items_purged":[],"score":264,"play_id":"56a939d3-bf9c-4ddf-b789-98e75d15be1b","local_time":"20180718190110","is_ascension_mode":true,"campfire_choices":[{"data":"Seeing Red","floor":10,"key":"SMITH"},{"floor":15,"key":"REST"}],"neow_cost":"NONE","seed_source_timestamp":602987838983350,"circlet_count":0,"master_deck":["Strike_R+1","Strike_R","Strike_R","Strike_R+1","Defend_R","Defend_R","Defend_R","Defend_R","Bash","Ghostly Armor","Spot Weakness","Seeing Red+1","Heavy Blade","Anger","Battle Trance","Sword Boomerang","Heavy Blade","Dropkick","Immolate","Twin Strike","Dropkick","Limit Break","Anger","Flex","Body Slam","Heavy Blade","Body Slam","Thunderclap+1","Heavy Blade+1","Flex"],"relics":["Burning Blood","Whetstone","Strawberry","Pen Nib","Charon\u0027s Ashes","Art of War","Orrery","Unceasing Top"],"potions_floor_usage":[5,6,7,18,18,23],"damage_taken":[{"damage":10,"enemies":"Cultist","floor":1,"turns":5},{"damage":2,"enemies":"2 Louse","floor":2,"turns":4},{"damage":2,"enemies":"Jaw Worm","floor":3,"turns":4},{"damage":12,"enemies":"2 Fungi Beasts","floor":4,"turns":5},{"damage":12,"enemies":"Lots of Slimes","floor":5,"turns":3},{"damage":11,"enemies":"Lagavulin","floor":6,"turns":6},{"damage":8,"enemies":"Exordium Wildlife","floor":7,"turns":4},{"damage":14,"enemies":"3 Sentries","floor":8,"turns":6},{"damage":36,"enemies":"Lagavulin","floor":12,"turns":4},{"damage":0,"enemies":"Gremlin Gang","floor":13,"turns":1},{"damage":0,"enemies":"2 Fungi Beasts","floor":14,"turns":2},{"damage":23,"enemies":"Slime Boss","floor":16,"turns":9},{"damage":29,"enemies":"Shell Parasite","floor":18,"turns":5},{"damage":38,"enemies":"3 Byrds","floor":21,"turns":5},{"damage":28,"enemies":"3 Cultists","floor":22,"turns":5},{"damage":21,"enemies":"Book of Stabbing","floor":23,"turns":1}],"seed_played":"488862842662584964","potions_obtained":[{"floor":1,"key":"AttackPotion"},{"floor":3,"key":"Dexterity Potion"},{"floor":4,"key":"GamblersBrew"},{"floor":7,"key":"SpeedPotion"},{"floor":13,"key":"SpeedPotion"},{"floor":22,"key":"FearPotion"}],"is_trial":false,"path_per_floor":["M","M","M","M","M","E","M","E","T","R","?","E","M","M","R","B",null,"M","?","$","M","M"],"character_chosen":"IRONCLAD","items_purchased":["Unceasing Top"],"campfire_rested":1,"item_purchase_floors":[20],"current_hp_per_floor":[76,80,80,74,68,63,61,60,60,60,42,12,18,24,50,33,87,64,64,64,32,10,0],"gold":231,"neow_bonus":"TRANSFORM_CARD","is_prod":false,"is_daily":false,"chose_seed":false,"campfire_upgraded":1,"win_rate":0,"timestamp":1531954870,"path_taken":["M","M","M","M","M","E","M","E","T","R","?","E","?","M","R","BOSS","M","?","$","?","M","E"],"build_version":"2018-07-12","purchased_purges":0,"victory":false,"max_hp_per_floor":[80,80,80,80,80,80,80,87,87,87,87,87,87,87,87,87,87,87,87,87,87,87,87],"card_choices":[{"not_picked":["Clash","Cleave"],"picked":"Spot Weakness","floor":1},{"not_picked":["Havoc","Clash"],"picked":"Seeing Red","floor":2},{"not_picked":["Body Slam","Headbutt"],"picked":"Heavy Blade","floor":3},{"not_picked":["Disarm","Wild Strike"],"picked":"Anger","floor":4},{"not_picked":["Hemokinesis","Spot Weakness"],"picked":"Battle Trance","floor":5},{"not_picked":["Berserk","Twin Strike"],"picked":"Sword Boomerang","floor":6},{"not_picked":["Perfected Strike","True Grit"],"picked":"Heavy Blade","floor":7},{"not_picked":["Corruption","Pommel Strike"],"picked":"Dropkick","floor":8},{"not_picked":["Blood for Blood","Wild Strike"],"picked":"Immolate","floor":12},{"not_picked":["Headbutt","Second Wind"],"picked":"Twin Strike","floor":13},{"not_picked":["Iron Wave","Heavy Blade"],"picked":"Dropkick","floor":14},{"not_picked":["Immolate","Berserk"],"picked":"Limit Break","floor":16},{"not_picked":["Rage","Burning Pact"],"picked":"Anger","floor":17},{"not_picked":["Anger","Armaments"],"picked":"Flex","floor":17},{"not_picked":["Headbutt","Pommel Strike"],"picked":"Body Slam","floor":17},{"not_picked":["Rampage","Sentinel"],"picked":"Heavy Blade","floor":17},{"not_picked":["Pommel Strike","Anger"],"picked":"Body Slam","floor":17},{"not_picked":["Body Slam","Fire Breathing+1"],"picked":"Thunderclap+1","floor":18},{"not_picked":["Perfected Strike+1","Cleave"],"picked":"Heavy Blade+1","floor":21},{"not_picked":["Brutality","Warcry"],"picked":"Flex","floor":22}],"player_experience":163254,"relics_obtained":[{"floor":6,"key":"Whetstone"},{"floor":8,"key":"Strawberry"},{"floor":9,"key":"Pen Nib"},{"floor":12,"key":"Art of War"}],"event_choices":[{"event_name":"Scrap Ooze","player_choice":"success","floor":11,"damage_taken":18},{"event_name":"The Joust","player_choice":"Bet on Murderer","floor":19,"damage_taken":0}],"boss_relics":[{"not_picked":["Runic Dome","Velvet Choker"],"picked":"Orrery"}],"items_purged_floors":[],"is_endless":false,"potions_floor_spawned":[1,3,4,7,13,22],"killed_by":"Book of Stabbing","ascension_level":2}