{"gold_per_floor":[114,39,55,55,66,66,82,82,107,120,138,138,138,109,109,183,183,167,182,39,39,39,39,39,64,64,64,12,24,34,46,46,46],"floor_reached":33,"playtime":2246,"items_purged":["Strike_G"],"score":406,"play_id":"fec2bd6a-3081-442f-b49f-b0af5a14fd01","local_time":"20190713194751","is_ascension_mode":true,"campfire_choices":[{"data":"Footwork","floor":6,"key":"SMITH"},{"data":"Deflect","floor":8,"key":"SMITH"},{"data":"Neutralize","floor":13,"key":"SMITH"},{"data":"Tools of the Trade","floor":15,"key":"SMITH"},{"data":"Footwork","floor":23,"key":"SMITH"},{"data":"Doppelganger","floor":27,"key":"SMITH"},{"floor":32,"key":"REST"}],"neow_cost":"NONE","seed_source_timestamp":2792664244171,"circlet_count":0,"master_deck":["AscendersBane","Strike_G","Strike_G","Defend_G+1","Defend_G","Defend_G+1","Defend_G","Defend_G","Survivor","Neutralize+1","Underhanded Strike","Dash","Footwork+1","Dagger Spray","Deflect+1","Tools of the Trade+1","Dodge and Roll","Dagger Throw","Bullet Time","Riddle With Holes","Footwork+1","Shame","Storm of Steel","Doppelganger+1","Caltrops+1","Dagger Throw+1"],"relics":["Ring of the Snake","War Paint","Vajra","Philosopher\u0027s Stone","Dream Catcher","Bronze Scales","Oddly Smooth Stone"],"potions_floor_usage":[16,18,33],"damage_taken":[{"damage":2,"enemies":"2 Louse","floor":1,"turns":3},{"damage":0,"enemies":"Small Slimes","floor":3,"turns":4},{"damage":1,"enemies":"Jaw Worm","floor":5,"turns":4},{"damage":0,"enemies":"Looter","floor":7,"turns":4},{"damage":0,"enemies":"Blue Slaver","floor":10,"turns":4},{"damage":1,"enemies":"Red Slaver","floor":11,"turns":4},{"damage":2,"enemies":"Exordium Thugs","floor":14,"turns":5},{"damage":10,"enemies":"The Guardian","floor":16,"turns":18},{"damage":1,"enemies":"2 Thieves","floor":18,"turns":4},{"damage":6,"enemies":"Chosen","floor":19,"turns":5},{"damage":4,"enemies":"Shelled Parasite and Fungi","floor":29,"turns":6},{"damage":9,"enemies":"Centurion and Healer","floor":30,"turns":10},{"damage":21,"enemies":"Cultist and Chosen","floor":31,"turns":6},{"damage":35,"enemies":"Collector","floor":33,"turns":8}],"seed_played":"-3930674424205865162","potions_obtained":[{"floor":3,"key":"SpeedPotion"},{"floor":5,"key":"Poison Potion"},{"floor":11,"key":"Weak Potion"},{"floor":16,"key":"SkillPotion"},{"floor":29,"key":"FairyPotion"},{"floor":31,"key":"GhostInAJar"}],"is_trial":false,"path_per_floor":["M","$","M","?","M","R","M","R","T","M","M","?","R","M","R","B",null,"M","M","$","?","?","R","?","T","T","R","$","M","M","M","R","B"],"character_chosen":"THE_SILENT","items_purchased":["Footwork","Footwork","Dexterity Potion"],"campfire_rested":1,"item_purchase_floors":[2,20,28],"current_hp_per_floor":[57,57,57,45,44,44,44,44,44,44,43,43,43,41,41,31,57,56,50,50,50,50,50,50,50,50,50,50,46,37,16,35,0],"gold":46,"neow_bonus":"THREE_CARDS","is_prod":false,"is_daily":false,"chose_seed":false,"campfire_upgraded":6,"win_rate":0,"timestamp":1563061671,"path_taken":["M","$","M","?","M","R","M","R","T","M","M","?","R","M","R","BOSS","M","M","$","?","?","R","?","?","T","R","?","M","M","M","R","BOSS"],"build_version":"2019-07-05","purchased_purges":1,"victory":false,"max_hp_per_floor":[66,66,66,66,66,66,66,66,66,66,66,66,66,66,66,66,66,66,66,66,66,66,66,66,66,66,66,66,66,66,66,66,66],"card_choices":[{"not_picked":["Bane","Well Laid Plans"],"picked":"Underhanded Strike","floor":0},{"not_picked":["Underhanded Strike","Quick Slash"],"picked":"Dash","floor":1},{"not_picked":["Accuracy","Prepared"],"picked":"Dagger Spray","floor":3},{"not_picked":["Outmaneuver","Quick Slash"],"picked":"Deflect","floor":5},{"not_picked":["Finisher","Slice"],"picked":"Tools of the Trade","floor":7},{"not_picked":["Bane","Calculated Gamble","Blade Dance"],"picked":"SKIP","floor":10},{"not_picked":["Blade Dance","Caltrops"],"picked":"Dodge and Roll","floor":11},{"not_picked":["Heel Hook","Skewer"],"picked":"Dagger Throw","floor":14},{"not_picked":["Corpse Explosion","Grand Finale"],"picked":"Bullet Time","floor":16},{"not_picked":["Infinite Blades","Slice"],"picked":"Riddle With Holes","floor":18},{"not_picked":["Cloak And Dagger","Acrobatics","Flying Knee"],"picked":"SKIP","floor":19},{"not_picked":["Outmaneuver","Deflect","Setup"],"picked":"SKIP","floor":29},{"not_picked":["Blade Dance","Poisoned Stab","Deadly Poison"],"picked":"SKIP","floor":30},{"not_picked":["Dodge and Roll","Unload"],"picked":"Caltrops+1","floor":31},{"not_picked":["Escape Plan","Deflect"],"picked":"Dagger Throw+1","floor":32}],"player_experience":524028,"relics_obtained":[{"floor":9,"key":"Vajra"},{"floor":25,"key":"Bronze Scales"},{"floor":26,"key":"Oddly Smooth Stone"}],"event_choices":[{"damage_healed":0,"gold_gain":0,"player_choice":"Success","damage_taken":12,"relics_obtained":["War Paint"],"max_hp_gain":0,"max_hp_loss":0,"event_name":"Scrap Ooze","floor":4,"gold_loss":0},{"damage_healed":0,"gold_gain":0,"player_choice":"Ignored","damage_taken":0,"max_hp_gain":0,"max_hp_loss":0,"event_name":"Liars Game","floor":12,"gold_loss":0},{"damage_healed":0,"gold_gain":0,"player_choice":"Stole Relic","damage_taken":0,"relics_obtained":["Dream Catcher"],"max_hp_gain":0,"max_hp_loss":0,"event_name":"Addict","floor":21,"gold_loss":0,"cards_obtained":["Shame"]},{"damage_healed":0,"gold_gain":0,"player_choice":"Ignored","damage_taken":0,"max_hp_gain":0,"max_hp_loss":0,"event_name":"Ghosts","floor":22,"gold_loss":0},{"damage_healed":0,"gold_gain":0,"cards_transformed":["Strike_G","Strike_G"],"player_choice":"Became Test Subject","damage_taken":0,"max_hp_gain":0,"max_hp_loss":0,"event_name":"Drug Dealer","floor":24,"gold_loss":0,"cards_obtained":["Storm of Steel","Doppelganger"]}],"is_beta":false,"boss_relics":[{"not_picked":["Runic Pyramid","WristBlade"],"picked":"Philosopher\u0027s Stone"}],"items_purged_floors":[20],"is_endless":false,"potions_floor_spawned":[3,5,11,16,29,30,31],"killed_by":"Collector","ascension_level":14}