{"gold_per_floor":[110,123,135,135,135,135,167,167,167,232,247,247,278,298,298,372,372,391,403,16,34,84,84,112,112,112,125,125,137,137,62,62,141,141,157,157,205,216,50,50,50],"floor_reached":41,"playtime":1774,"items_purged":["Strike_R"],"score":838,"play_id":"d52cb844-d33c-4c28-bb2d-93cf49668271","local_time":"20181115224425","is_ascension_mode":true,"campfire_choices":[{"data":"Bash","floor":6,"key":"SMITH"},{"data":"Immolate","floor":8,"key":"SMITH"},{"data":"True Grit","floor":12,"key":"SMITH"},{"data":"Shockwave","floor":15,"key":"SMITH"},{"data":"Strike_R","floor":23,"key":"PURGE"},{"floor":25,"key":"REST"},{"data":"Strike_R","floor":28,"key":"PURGE"},{"data":"Strike_R+1","floor":32,"key":"PURGE"},{"floor":40,"key":"REST"}],"neow_cost":"NONE","seed_source_timestamp":124005970517234,"circlet_count":0,"master_deck":["AscendersBane","Defend_R","Defend_R","Defend_R","Defend_R","Bash+1","Dropkick+1","Clothesline","Shockwave+1","Immolate+1","True Grit+1","Feel No Pain+1","Juggernaut+1","Iron Wave","Impervious","Flex","Pommel Strike","Metallicize+1","Dark Embrace+1","Shrug It Off","Inflame+1","Corruption+1","Feel No Pain+1","Corruption+1"],"relics":["Burning Blood","Centennial Puzzle","Frozen Egg 2","Orichalcum","Bag of Marbles","Calipers","Runic Pyramid","Peace Pipe","Pantograph","Potion Belt","MutagenicStrength","Snecko Eye","Nunchaku","PreservedInsect"],"potions_floor_usage":[7,7,16,24,29,33],"damage_taken":[{"damage":12,"enemies":"Cultist","floor":1,"turns":4},{"damage":6,"enemies":"2 Louse","floor":2,"turns":3},{"damage":7,"enemies":"Small Slimes","floor":3,"turns":3},{"damage":12,"enemies":"Gremlin Nob","floor":7,"turns":4},{"damage":5,"enemies":"3 Sentries","floor":10,"turns":2},{"damage":3,"enemies":"Looter","floor":11,"turns":2},{"damage":11,"enemies":"3 Sentries","floor":13,"turns":6},{"damage":0,"enemies":"Large Slime","floor":14,"turns":3},{"damage":16,"enemies":"Hexaghost","floor":16,"turns":8},{"damage":2,"enemies":"Shell Parasite","floor":18,"turns":6},{"damage":5,"enemies":"2 Thieves","floor":19,"turns":2},{"damage":17,"enemies":"Snecko","floor":21,"turns":5},{"damage":37,"enemies":"Slavers","floor":24,"turns":6},{"damage":15,"enemies":"Centurion and Healer","floor":27,"turns":6},{"damage":0,"enemies":"Cultist and Chosen","floor":29,"turns":6},{"damage":37,"enemies":"Collector","floor":33,"turns":10},{"damage":0,"enemies":"3 Darklings","floor":35,"turns":1},{"damage":52,"enemies":"2 Orb Walkers","floor":37,"turns":6},{"damage":2,"enemies":"Orb Walker","floor":38,"turns":2},{"damage":61,"enemies":"Reptomancer","floor":41,"turns":4}],"seed_played":"3785978089272964895","potions_obtained":[{"floor":2,"key":"SkillPotion"},{"floor":3,"key":"Block Potion"},{"floor":11,"key":"Regen Potion"},{"floor":13,"key":"Weak Potion"},{"floor":18,"key":"EssenceOfSteel"},{"floor":27,"key":"Poison Potion"},{"floor":35,"key":"Block Potion"}],"is_trial":false,"path_per_floor":["M","M","M","?","?","R","E","R","T","?","M","R","E","M","R","B",null,"M","M","$","M","?","R","E","R","T","M","R","M","?","$","R","B",null,"M","?","?","M","$","R","E"],"character_chosen":"IRONCLAD","items_purchased":["Metallicize+1","Peace Pipe","PreservedInsect"],"campfire_rested":2,"item_purchase_floors":[20,20,39],"current_hp_per_floor":[62,62,61,61,38,38,32,32,32,33,36,36,31,37,37,42,67,71,72,72,61,61,61,30,52,52,43,43,49,49,49,49,43,67,73,71,25,29,29,50,0],"gold":50,"neow_bonus":"RANDOM_COMMON_RELIC","is_prod":false,"is_daily":false,"chose_seed":false,"campfire_upgraded":4,"win_rate":0,"timestamp":1542339865,"path_taken":["M","M","M","?","?","R","E","R","T","?","M","R","E","M","R","BOSS","M","M","$","M","?","R","E","R","T","M","R","M","?","$","R","BOSS","M","?","?","M","$","R","E"],"build_version":"2018-11-15","purchased_purges":1,"victory":false,"max_hp_per_floor":[75,75,75,75,75,75,75,75,75,75,75,75,75,75,75,75,75,75,75,75,75,75,75,75,75,75,75,75,75,75,75,75,75,75,75,71,71,71,71,71,71],"card_choices":[{"not_picked":["Wild Strike","Ghostly Armor"],"picked":"Dropkick","floor":1},{"not_picked":["Searing Blow","Intimidate"],"picked":"Clothesline","floor":2},{"not_picked":["Clash","True Grit"],"picked":"Shockwave","floor":3},{"not_picked":["Iron Wave","Sever Soul"],"picked":"Immolate","floor":7},{"not_picked":["Wild Strike","Pommel Strike"],"picked":"True Grit","floor":10},{"not_picked":["Reckless Charge","Anger"],"picked":"Feel No Pain+1","floor":11},{"not_picked":["Feel No Pain+1","Anger"],"picked":"Juggernaut+1","floor":13},{"not_picked":["Iron Wave","Heavy Blade","Thunderclap"],"picked":"SKIP","floor":14},{"not_picked":["Heavy Blade","Thunderclap"],"picked":"Iron Wave","floor":14},{"not_picked":["Brutality+1","Bludgeon"],"picked":"Impervious","floor":16},{"not_picked":["Iron Wave","Cleave"],"picked":"Flex","floor":18},{"not_picked":["Clash","Wild Strike+1"],"picked":"Pommel Strike","floor":19},{"not_picked":["Twin Strike","Body Slam"],"picked":"Dark Embrace+1","floor":21},{"not_picked":["Rupture+1","Anger"],"picked":"Shrug It Off","floor":24},{"not_picked":["Battle Trance","Warcry"],"picked":"Inflame+1","floor":27},{"not_picked":["Reckless Charge","Body Slam"],"picked":"Corruption+1","floor":29},{"not_picked":["Pummel","Combust+1","Havoc+1"],"picked":"SKIP","floor":35},{"not_picked":["Entrench","Wild Strike"],"picked":"Feel No Pain+1","floor":37},{"not_picked":["Wild Strike","Rupture+1"],"picked":"Corruption+1","floor":38}],"player_experience":1058810,"relics_obtained":[{"floor":7,"key":"Frozen Egg 2"},{"floor":9,"key":"Orichalcum"},{"floor":10,"key":"Bag of Marbles"},{"floor":13,"key":"Calipers"},{"floor":24,"key":"Pantograph"},{"floor":26,"key":"Potion Belt"},{"floor":37,"key":"Nunchaku"}],"event_choices":[{"cards_removed":["Strike_R"],"damage_healed":0,"gold_gain":0,"player_choice":"Forget","damage_taken":0,"max_hp_gain":0,"max_hp_loss":0,"event_name":"Living Wall","floor":4,"gold_loss":0},{"damage_healed":0,"gold_gain":0,"player_choice":"Entered Light","damage_taken":23,"max_hp_gain":0,"max_hp_loss":0,"event_name":"Shining Light","floor":5,"gold_loss":0,"cards_upgraded":["Strike_R","Dropkick"]},{"damage_healed":0,"gold_gain":0,"player_choice":"Searched \u00271\u0027 times","damage_taken":0,"max_hp_gain":0,"max_hp_loss":0,"event_name":"Dead Adventurer","floor":10,"gold_loss":0},{"damage_healed":0,"gold_gain":50,"player_choice":"Stole From Cult","damage_taken":0,"max_hp_gain":0,"max_hp_loss":0,"event_name":"Nest","floor":22,"gold_loss":0},{"damage_healed":0,"gold_gain":0,"player_choice":"Inject Mutagens","damage_taken":0,"relics_obtained":["MutagenicStrength"],"max_hp_gain":0,"max_hp_loss":0,"event_name":"Drug Dealer","floor":30,"gold_loss":0},{"damage_healed":0,"gold_gain":0,"player_choice":"Max HP","damage_taken":0,"max_hp_gain":0,"max_hp_loss":4,"event_name":"Winding Halls","floor":36,"gold_loss":0},{"damage_healed":0,"gold_gain":0,"player_choice":"Fight","damage_taken":0,"max_hp_gain":0,"max_hp_loss":0,"event_name":"Mysterious Sphere","floor":37,"gold_loss":0}],"is_beta":false,"boss_relics":[{"not_picked":["Lizard Tail","White Beast Statue"],"picked":"Runic Pyramid"},{"not_picked":["Eternal Feather","Pandora\u0027s Box"],"picked":"Snecko Eye"}],"items_purged_floors":[31],"is_endless":false,"potions_floor_spawned":[2,3,11,13,14,18,21,27,35],"killed_by":"Reptomancer","ascension_level":20}