{"gold_per_floor":[118,128,139,156,170,203,203,203,203,203,203,264,298,313,313,313],"floor_reached":16,"playtime":659,"items_purged":[],"score":228,"play_id":"87842465-2303-4270-9cd5-f431c90f7f8c","local_time":"20181202145449","is_ascension_mode":true,"campfire_choices":[{"data":"Go for the Eyes","floor":8,"key":"SMITH"},{"floor":10,"key":"REST"},{"floor":15,"key":"REST"}],"neow_cost":"NONE","seed_source_timestamp":611569881084701,"circlet_count":0,"master_deck":["AscendersBane","Strike_B","Strike_B","Strike_B","Strike_B","Defend_B","Defend_B","Defend_B","Defend_B","Zap+1","Dualcast","Gash","Ball Lightning","Coolheaded","Cold Snap","Conserve Battery","Go for the Eyes+1","Compile Driver","Electrodynamics","Ball Lightning"],"relics":["Cracked Core","Bag of Marbles","Gremlin Horn","SsserpentHead","Bottled Flame"],"potions_floor_usage":[6,13],"damage_taken":[{"damage":0,"enemies":"Cultist","floor":1,"turns":4},{"damage":0,"enemies":"Jaw Worm","floor":2,"turns":3},{"damage":11,"enemies":"Small Slimes","floor":3,"turns":3},{"damage":6,"enemies":"Exordium Thugs","floor":4,"turns":4},{"damage":2,"enemies":"Looter","floor":5,"turns":3},{"damage":43,"enemies":"Gremlin Nob","floor":6,"turns":5},{"damage":0,"enemies":"2 Fungi Beasts","floor":12,"turns":2},{"damage":17,"enemies":"3 Sentries","floor":13,"turns":9},{"damage":2,"enemies":"Exordium Thugs","floor":14,"turns":3},{"damage":37,"enemies":"Hexaghost","floor":16,"turns":11}],"seed_played":"-1621917662075193661","potions_obtained":[{"floor":4,"key":"EssenceOfSteel"},{"floor":6,"key":"Weak Potion"}],"is_trial":false,"path_per_floor":["M","M","M","M","M","E","?","R","T","R","?","M","E","M","R","B"],"character_chosen":"DEFECT","items_purchased":[],"campfire_rested":2,"item_purchase_floors":[],"current_hp_per_floor":[71,71,60,54,52,9,9,9,9,32,32,32,15,13,36,0],"gold":313,"neow_bonus":"TEN_PERCENT_HP_BONUS","is_prod":false,"is_daily":false,"chose_seed":false,"campfire_upgraded":1,"win_rate":0,"timestamp":1543780489,"path_taken":["M","?","M","M","M","E","?","R","T","R","?","?","E","M","R","BOSS"],"build_version":"2018-11-15","purchased_purges":0,"victory":false,"max_hp_per_floor":[78,78,78,78,78,78,78,78,78,78,78,78,78,78,78,78],"card_choices":[{"not_picked":["Stack","Gash","Turbo"],"picked":"SKIP","floor":1},{"not_picked":["Stack","Turbo"],"picked":"Gash","floor":1},{"not_picked":["Aggregate","Skim"],"picked":"Ball Lightning","floor":2},{"not_picked":["FTL","Double Energy"],"picked":"Coolheaded","floor":3},{"not_picked":["Streamline","Barrage"],"picked":"Cold Snap","floor":4},{"not_picked":["Beam Cell","Fission"],"picked":"Conserve Battery","floor":5},{"not_picked":["Stack","Reinforced Body"],"picked":"Go for the Eyes","floor":6},{"not_picked":["FTL","Sweeping Beam"],"picked":"Compile Driver","floor":12},{"not_picked":["Compile Driver","Leap"],"picked":"Electrodynamics","floor":13},{"not_picked":["Stack","Sweeping Beam"],"picked":"Ball Lightning","floor":14}],"player_experience":1220410,"relics_obtained":[{"floor":6,"key":"Bag of Marbles"},{"floor":9,"key":"Gremlin Horn"},{"floor":13,"key":"Bottled Flame"}],"event_choices":[{"damage_healed":0,"gold_gain":0,"player_choice":"Grow","damage_taken":0,"max_hp_gain":0,"max_hp_loss":0,"event_name":"Living Wall","floor":7,"gold_loss":0,"cards_upgraded":["Zap"]},{"damage_healed":0,"gold_gain":0,"player_choice":"Trade","damage_taken":0,"relics_obtained":["SsserpentHead"],"max_hp_gain":0,"max_hp_loss":0,"event_name":"FaceTrader","floor":11,"gold_loss":0}],"is_beta":false,"boss_relics":[],"items_purged_floors":[],"is_endless":false,"potions_floor_spawned":[4,6],"killed_by":"Hexaghost","ascension_level":20}