{"gold_per_floor":[113,133,148,148,148,148,476,491,491,491,522,540,540,558,558,662,662,681,696,235,235,235],"floor_reached":22,"playtime":2774,"items_purged":["Strike_G"],"score":294,"play_id":"53734f34-eeac-4741-ae65-d9ea88dfad96","local_time":"20190607102826","is_ascension_mode":true,"campfire_choices":[{"data":"Neutralize","floor":6,"key":"SMITH"},{"floor":10,"key":"REST"},{"floor":13,"key":"REST"},{"floor":15,"key":"REST"}],"neow_cost":"NONE","seed_source_timestamp":13449471705350,"circlet_count":0,"master_deck":["AscendersBane","Defend_G","Defend_G","Defend_G","Defend_G","Defend_G","Strike_G","Strike_G","Strike_G","Strike_G","Survivor","Neutralize+1","Dagger Throw","Sucker Punch","Backstab","Footwork","Deflect","Well Laid Plans+1","Backflip","Tools of the Trade+1","Dagger Spray","Dagger Spray+1","Setup+1","Magnetism+1","Tactician","Underhanded Strike","Noxious Fumes+1"],"relics":["Black Star","Darkstone Periapt","Old Coin","Bottled Lightning","Prayer Wheel","Frozen Egg 2","Gremlin Horn","Philosopher\u0027s Stone"],"potions_floor_usage":[7,16,21,22],"damage_taken":[{"damage":0,"enemies":"2 Louse","floor":1,"turns":4},{"damage":0,"enemies":"Cultist","floor":2,"turns":5},{"damage":0,"enemies":"Small Slimes","floor":3,"turns":5},{"damage":23,"enemies":"Lagavulin","floor":7,"turns":8},{"damage":5,"enemies":"3 Louse","floor":8,"turns":3},{"damage":42,"enemies":"Gremlin Nob","floor":11,"turns":6},{"damage":8,"enemies":"Large Slime","floor":12,"turns":10},{"damage":0,"enemies":"2 Fungi Beasts","floor":14,"turns":4},{"damage":20,"enemies":"The Guardian","floor":16,"turns":19},{"damage":19,"enemies":"Shell Parasite","floor":18,"turns":9},{"damage":14,"enemies":"3 Byrds","floor":19,"turns":5},{"damage":27,"enemies":"Colosseum Slavers","floor":21,"turns":4},{"damage":12,"enemies":"Centurion and Healer","floor":22,"turns":4}],"seed_played":"5089412067938612858","potions_obtained":[{"floor":2,"key":"PowerPotion"},{"floor":8,"key":"EssenceOfSteel"},{"floor":11,"key":"Swift Potion"},{"floor":12,"key":"SpeedPotion"},{"floor":18,"key":"FearPotion"}],"is_trial":false,"path_per_floor":["M","M","M","?","?","R","E","M","T","R","E","M","R","M","R","B",null,"M","M","$","?","M"],"character_chosen":"THE_SILENT","items_purchased":["Magnetism+1","Tactician","Underhanded Strike","Noxious Fumes+1"],"campfire_rested":3,"item_purchase_floors":[20,20,20,20],"current_hp_per_floor":[63,63,63,56,70,70,47,42,42,63,21,13,34,34,55,35,61,42,28,28,1,0],"gold":235,"neow_bonus":"BOSS_RELIC","is_prod":false,"is_daily":false,"chose_seed":false,"campfire_upgraded":1,"win_rate":0,"timestamp":1559917706,"path_taken":["M","M","M","?","?","R","E","?","T","R","E","M","R","?","R","BOSS","M","M","$","?","M"],"build_version":"2019-01-23","purchased_purges":1,"victory":false,"max_hp_per_floor":[70,70,70,70,70,70,70,70,70,70,70,70,70,70,70,70,70,70,70,70,70,70],"card_choices":[{"not_picked":["Finisher","Heel Hook"],"picked":"Dagger Throw","floor":1},{"not_picked":["Outmaneuver","Bouncing Flask"],"picked":"Sucker Punch","floor":2},{"not_picked":["Bouncing Flask","Underhanded Strike"],"picked":"Backstab","floor":3},{"not_picked":["Poisoned Stab","Venomology"],"picked":"Footwork","floor":7},{"not_picked":["Dodge and Roll","Flying Knee"],"picked":"Deflect","floor":8},{"not_picked":["Expertise","Poisoned Stab","Acrobatics"],"picked":"SKIP","floor":11},{"not_picked":["Sucker Punch","Poisoned Stab"],"picked":"Well Laid Plans+1","floor":12},{"not_picked":["Outmaneuver","Eviscerate","Acrobatics"],"picked":"SKIP","floor":12},{"not_picked":["Catalyst","Acrobatics"],"picked":"Backflip","floor":14},{"not_picked":["Prepared","Outmaneuver","Sucker Punch"],"picked":"SKIP","floor":14},{"not_picked":["Storm of Steel","Adrenaline"],"picked":"Tools of the Trade+1","floor":16},{"not_picked":["Slice","Deadly Poison"],"picked":"Dagger Spray","floor":18},{"not_picked":["Bane","Outmaneuver"],"picked":"Dagger Spray+1","floor":18},{"not_picked":["Blade Dance","Infinite Blades+1"],"picked":"Setup+1","floor":19},{"not_picked":["Endless Agony+1","Riddle With Holes","Underhanded Strike"],"picked":"SKIP","floor":19}],"player_experience":389056,"relics_obtained":[{"floor":7,"key":"Old Coin"},{"floor":7,"key":"Bottled Lightning"},{"floor":9,"key":"Prayer Wheel"},{"floor":11,"key":"Frozen Egg 2"},{"floor":11,"key":"Gremlin Horn"}],"event_choices":[{"damage_healed":0,"gold_gain":0,"player_choice":"Success","damage_taken":7,"relics_obtained":["Darkstone Periapt"],"max_hp_gain":0,"max_hp_loss":0,"event_name":"Scrap Ooze","floor":4,"gold_loss":0},{"damage_healed":14,"gold_gain":0,"player_choice":"Full Heal","damage_taken":0,"max_hp_gain":0,"max_hp_loss":0,"event_name":"Wheel of Change","floor":5,"gold_loss":0},{"damage_healed":0,"gold_gain":0,"player_choice":"Fight","damage_taken":0,"max_hp_gain":0,"max_hp_loss":0,"event_name":"Colosseum","floor":21,"gold_loss":0},{"damage_healed":0,"gold_gain":0,"player_choice":"Fled From Nobs","damage_taken":0,"max_hp_gain":0,"max_hp_loss":0,"event_name":"Colosseum","floor":21,"gold_loss":0}],"is_beta":false,"boss_relics":[{"not_picked":["Snecko Eye","White Beast Statue"],"picked":"Philosopher\u0027s Stone"}],"items_purged_floors":[20],"is_endless":false,"potions_floor_spawned":[2,8,11,12,18],"killed_by":"Centurion and Healer","ascension_level":10}