{"gold_per_floor":[115,127,202,212,137,137,170,170,170,196,32,32,51,84,84,157,157,176,5,5,20,20,20,46,46,120,134,134,184,184,201,201,201],"floor_reached":33,"playtime":985,"items_purged":["Strike_R"],"score":587,"play_id":"4a01a939-90a3-46e8-8928-2b412888f998","local_time":"20181206173642","is_ascension_mode":true,"campfire_choices":[{"data":"Bash","floor":6,"key":"SMITH"},{"data":"Havoc","floor":8,"key":"SMITH"},{"floor":12,"key":"REST"},{"data":"Shockwave","floor":15,"key":"SMITH"},{"data":"Immolate","floor":23,"key":"SMITH"},{"data":"Feel No Pain","floor":25,"key":"SMITH"},{"data":"Fiend Fire","floor":30,"key":"SMITH"},{"data":"Feel No Pain","floor":32,"key":"SMITH"}],"neow_cost":"NONE","seed_source_timestamp":25309156005548,"circlet_count":0,"master_deck":["AscendersBane","Defend_R","Defend_R","Defend_R","Defend_R","Bash+1","Shockwave+1","Shrug It Off","Havoc+1","Pommel Strike","Clothesline","Feel No Pain+1","Headbutt","Immolate+1","Bite","Bite","Bite","Bite","Bite","Shrug It Off","Shockwave+1","Shrug It Off","Seeing Red","Fiend Fire+1","Feel No Pain+1"],"relics":["Burning Blood","NeowsBlessing","Matryoshka","Red Skull","Bronze Scales","Sundial","Snecko Eye","Omamori","Mango","Happy Flower","Paper Frog"],"potions_floor_usage":[7,10,16,24,33],"damage_taken":[{"damage":0,"enemies":"Cultist","floor":1,"turns":1},{"damage":0,"enemies":"Small Slimes","floor":2,"turns":1},{"damage":0,"enemies":"2 Louse","floor":4,"turns":1},{"damage":39,"enemies":"Lagavulin","floor":7,"turns":8},{"damage":32,"enemies":"Gremlin Nob","floor":10,"turns":4},{"damage":1,"enemies":"2 Fungi Beasts","floor":13,"turns":4},{"damage":7,"enemies":"Lagavulin","floor":14,"turns":7},{"damage":40,"enemies":"Hexaghost","floor":16,"turns":8},{"damage":13,"enemies":"3 Byrds","floor":18,"turns":2},{"damage":11,"enemies":"2 Thieves","floor":21,"turns":3},{"damage":43,"enemies":"Book of Stabbing","floor":24,"turns":5},{"damage":8,"enemies":"Snake Plant","floor":27,"turns":2},{"damage":3,"enemies":"Shelled Parasite and Fungi","floor":31,"turns":2},{"damage":61,"enemies":"Collector","floor":33,"turns":7}],"seed_played":"518015532942711976","potions_obtained":[{"floor":1,"key":"PowerPotion"},{"floor":4,"key":"BloodPotion"},{"floor":10,"key":"GamblersBrew"},{"floor":21,"key":"SkillPotion"},{"floor":24,"key":"SkillPotion"}],"is_trial":false,"path_per_floor":["M","M","?","M","?","R","E","R","T","E","$","R","M","E","R","B",null,"M","$","?","M","?","R","E","R","T","M","?","?","R","M","R","B"],"character_chosen":"IRONCLAD","items_purchased":["Feel No Pain","Omamori"],"campfire_rested":1,"item_purchase_floors":[11,19],"current_hp_per_floor":[74,75,64,70,70,70,37,37,37,18,18,40,45,44,44,12,59,54,54,54,55,55,55,36,36,36,38,38,38,38,47,47,0],"gold":201,"neow_bonus":"THREE_ENEMY_KILL","is_prod":false,"is_daily":false,"chose_seed":false,"campfire_upgraded":7,"win_rate":0,"timestamp":1544135802,"path_taken":["M","?","?","M","?","R","E","R","T","E","$","R","M","E","R","BOSS","M","$","?","M","?","R","E","R","T","?","?","?","R","M","R","BOSS"],"build_version":"2018-11-15","purchased_purges":1,"victory":false,"max_hp_per_floor":[75,75,75,75,75,75,75,75,75,75,75,75,75,75,75,75,75,75,75,75,75,75,75,89,89,89,89,89,89,89,89,89,89],"card_choices":[{"not_picked":["Dropkick","Inflame"],"picked":"Shockwave","floor":1},{"not_picked":["Headbutt","Sever Soul"],"picked":"Shrug It Off","floor":2},{"not_picked":["Second Wind","Thunderclap"],"picked":"Havoc","floor":4},{"not_picked":["Rage","Brutality"],"picked":"Pommel Strike","floor":7},{"not_picked":["Sever Soul","Flex"],"picked":"Clothesline","floor":10},{"not_picked":["Heavy Blade","Flex","Thunderclap"],"picked":"SKIP","floor":13},{"not_picked":["Fire Breathing","Clothesline"],"picked":"Headbutt","floor":14},{"not_picked":["Barricade","Bludgeon"],"picked":"Immolate","floor":16},{"not_picked":["Dual Wield","Sword Boomerang+1","Wild Strike+1"],"picked":"SKIP","floor":18},{"not_picked":["Havoc","Burning Pact"],"picked":"Shrug It Off","floor":21},{"not_picked":["Clash","Infernal Blade"],"picked":"Shrug It Off","floor":24},{"not_picked":["Rage","Clothesline"],"picked":"Seeing Red","floor":27},{"not_picked":["Iron Wave","Seeing Red"],"picked":"Feel No Pain","floor":31}],"player_experience":1229084,"relics_obtained":[{"floor":7,"key":"Matryoshka"},{"floor":9,"key":"Red Skull"},{"floor":9,"key":"Bronze Scales"},{"floor":10,"key":"Sundial"},{"floor":14,"key":"Blood Vial"},{"floor":24,"key":"Mango"},{"floor":26,"key":"Happy Flower"},{"floor":26,"key":"Paper Frog"}],"event_choices":[{"damage_healed":0,"gold_gain":75,"player_choice":"Gather Gold","damage_taken":11,"max_hp_gain":0,"max_hp_loss":0,"event_name":"World of Goop","floor":3,"gold_loss":0},{"cards_removed":["Strike_R"],"damage_healed":0,"gold_gain":0,"player_choice":"Card Removal","damage_taken":0,"max_hp_gain":0,"max_hp_loss":0,"event_name":"The Cleric","floor":5,"gold_loss":75},{"damage_healed":0,"gold_gain":0,"player_choice":"Became a vampire (Vial)","damage_taken":0,"max_hp_gain":0,"max_hp_loss":0,"event_name":"Vampires","floor":20,"relics_lost":["Blood Vial"],"gold_loss":0,"cards_obtained":["Bite","Bite","Bite","Bite","Bite"]},{"damage_healed":0,"gold_gain":0,"player_choice":"Copied","damage_taken":0,"max_hp_gain":0,"max_hp_loss":0,"event_name":"Duplicator","floor":22,"gold_loss":0,"cards_obtained":["Shockwave"]},{"damage_healed":0,"gold_gain":0,"player_choice":"Read","damage_taken":0,"max_hp_gain":0,"max_hp_loss":0,"event_name":"The Library","floor":28,"gold_loss":0,"cards_obtained":["Fiend Fire"]},{"damage_healed":0,"gold_gain":50,"player_choice":"Stole From Cult","damage_taken":0,"max_hp_gain":0,"max_hp_loss":0,"event_name":"Nest","floor":29,"gold_loss":0}],"is_beta":false,"boss_relics":[{"not_picked":["Eternal Feather","Tiny House"],"picked":"Snecko Eye"}],"items_purged_floors":[11],"is_endless":false,"potions_floor_spawned":[1,4,10,21,24],"killed_by":"Collector","ascension_level":20}