{"gold_per_floor":[113,113,288,301,301,301,226,237,237,46,73,73,101,120,120,224,224,238,138,138,158,174,174,208,208,208,221,221,221,131,149,149,254,254,268,280,298,54,73,73,100,100,127,153,153,153,198,228,228,228,228,228,7,37,37],"floor_reached":55,"playtime":3323,"items_purged":["Doubt","Havoc"],"score":937,"play_id":"e8b2ac91-da2f-459f-aceb-fdfb81e710d3","local_time":"20190723151803","is_ascension_mode":true,"campfire_choices":[{"floor":6.0,"key":"REST"},{"floor":15.0,"key":"REST"},{"data":"Armaments","floor":23.0,"key":"SMITH"},{"data":"Whirlwind","floor":25.0,"key":"SMITH"},{"floor":28.0,"key":"REST"},{"floor":32.0,"key":"REST"},{"floor":40.0,"key":"REST"},{"floor":42.0,"key":"REST"},{"floor":49.0,"key":"RECALL"},{"floor":52.0,"key":"DIG"}],"neow_cost":"NONE","seed_source_timestamp":165781319225898,"circlet_count":0,"master_deck":["Bash+1","Armaments+1","Shrug It Off","Body Slam+1","Shrug It Off","Battle Trance","Juggernaut","Rage","Demon Form","Metallicize","Power Through+1","Battle Trance","Infernal Blade","Shockwave","Flex","Warcry","Burning Pact+1","Whirlwind+1","Reaper","Intimidate","Necronomicurse","Body Slam+1","Juggernaut","True Grit+1","Parasite","Exhume","Body Slam+1","Flex+1","Power Through+1","Writhe","Dual Wield","Barricade","Impervious","Feel No Pain+1"],"special_seed":0,"relics":["Burning Blood","NeowsBlessing","Art of War","Matryoshka","Oddly Smooth Stone","Bottled Lightning","Mercury Hourglass","Pandora\u0027s Box","Whetstone","Dream Catcher","Juzu Bracelet","Necronomicon","Sozu","Self Forming Clay","Letter Opener","Orichalcum","Boot","Shovel","Ornamental Fan","Mummified Hand","Pantograph"],"potions_floor_usage":[],"damage_taken":[{"damage":0.0,"enemies":"Jaw Worm","floor":1.0,"turns":1.0},{"damage":0.0,"enemies":"2 Louse","floor":4.0,"turns":1.0},{"damage":0.0,"enemies":"Cultist","floor":8.0,"turns":1.0},{"damage":30.0,"enemies":"Gremlin Nob","floor":11.0,"turns":5.0},{"damage":25.0,"enemies":"Lagavulin","floor":13.0,"turns":7.0},{"damage":1.0,"enemies":"3 Louse","floor":14.0,"turns":2.0},{"damage":27.0,"enemies":"Hexaghost","floor":16.0,"turns":9.0},{"damage":4.0,"enemies":"Spheric Guardian","floor":18.0,"turns":4.0},{"damage":0.0,"enemies":"3 Byrds","floor":21.0,"turns":4.0},{"damage":8.0,"enemies":"Snecko","floor":22.0,"turns":6.0},{"damage":21.0,"enemies":"Gremlin Leader","floor":24.0,"turns":6.0},{"damage":34.0,"enemies":"Shelled Parasite and Fungi","floor":27.0,"turns":5.0},{"damage":0.0,"enemies":"Centurion and Healer","floor":31.0,"turns":3.0},{"damage":0.0,"enemies":"Collector","floor":33.0,"turns":5.0},{"damage":1.0,"enemies":"Orb Walker","floor":35.0,"turns":2.0},{"damage":25.0,"enemies":"3 Darklings","floor":36.0,"turns":3.0},{"damage":28.0,"enemies":"Sphere and 2 Shapes","floor":37.0,"turns":4.0},{"damage":23.0,"enemies":"Writhing Mass","floor":39.0,"turns":4.0},{"damage":43.0,"enemies":"Nemesis","floor":41.0,"turns":6.0},{"damage":56.0,"enemies":"Giant Head","floor":44.0,"turns":7.0},{"damage":8.0,"enemies":"2 Orb Walkers","floor":47.0,"turns":3.0},{"damage":21.0,"enemies":"Nemesis","floor":48.0,"turns":5.0},{"damage":72.0,"enemies":"Donu and Deca","floor":50.0,"turns":8.0},{"damage":30.0,"enemies":"Shield and Spear","floor":54.0,"turns":5.0},{"damage":84,"enemies":"The Heart","floor":55,"turns":8}],"seed_played":"-1440486848625630543","potions_obtained":[{"floor":1.0,"key":"Strength Potion"},{"floor":13.0,"key":"Ancient Potion"},{"floor":14.0,"key":"Fire Potion"},{"floor":18.0,"key":"GamblersBrew"},{"floor":27.0,"key":"Explosive Potion"},{"floor":31.0,"key":"PowerPotion"}],"is_trial":false,"path_per_floor":["M","?","?","M","?","R","$","M","T","$","E","$","E","M","R","B",null,"M","$","?","M","M","R","E","R","T","M","R","?","?","M","R","B",null,"M","M","M","$","M","R","E","R","T","E","$","?","?","E","R","B",null,"R","$","E","B"],"character_chosen":"IRONCLAD","items_purchased":["Oddly Smooth Stone","Shrug It Off","Self Forming Clay","Barricade","Impervious"],"campfire_rested":6,"item_purchase_floors":[10,10,38,53,53],"current_hp_per_floor":[80,64,64,70,63,80,80,80,80,80,56,56,37,42,66,45,80,80,80,80,80,78,78,63,63,63,35,59,43,43,57,80,80,80,80,61,51,51,34,58,41,65,65,40,40,60,78,63,63,21,80,80,80,66,0],"gold":37,"neow_bonus":"THREE_ENEMY_KILL","is_prod":false,"is_daily":false,"chose_seed":false,"campfire_upgraded":2,"win_rate":0,"timestamp":1563887883,"path_taken":["M","?","?","M","?","R","?","M","T","$","E","$","E","?","R","BOSS","M","$","?","M","M","R","E","R","T","M","R","?","?","M","R","BOSS","M","M","M","$","M","R","E","R","T","E","$","?","?","E","R","BOSS","R","$","E","BOSS"],"build_version":"2019-07-17","purchased_purges":2,"victory":false,"max_hp_per_floor":[80,80,80,80,80,80,80,80,80,80,80,80,80,80,80,80,80,80,80,80,80,80,80,80,80,80,80,80,80,80,80,80,80,80,80,80,80,80,80,80,80,80,80,80,80,80,80,80,80,80,80,80,80,80,80],"card_choices":[{"not_picked":["Disarm","Inflame"],"picked":"Armaments","floor":1.0},{"not_picked":["Intimidate","Body Slam"],"picked":"Shrug It Off","floor":4.0},{"not_picked":["Perfected Strike","Wild Strike"],"picked":"Body Slam","floor":8.0},{"not_picked":["Blood for Blood","Inflame"],"picked":"Battle Trance","floor":11.0},{"not_picked":["Heavy Blade","Warcry"],"picked":"Juggernaut","floor":13.0},{"not_picked":["Carnage","Clothesline"],"picked":"Rage","floor":14.0},{"not_picked":["Reaper","Feed"],"picked":"Demon Form","floor":16.0},{"not_picked":["Iron Wave+1","Blood for Blood","Clash"],"picked":"SKIP","floor":18.0},{"not_picked":["Warcry+1","Iron Wave+1"],"picked":"Burning Pact+1","floor":21.0},{"not_picked":["Sword Boomerang","Clash+1"],"picked":"Whirlwind","floor":22.0},{"not_picked":["Iron Wave+1","Searing Blow+1"],"picked":"Reaper","floor":24.0},{"not_picked":["True Grit","Uppercut","Shrug It Off"],"picked":"SKIP","floor":27.0},{"not_picked":["Havoc","Sword Boomerang"],"picked":"Intimidate","floor":28.0},{"not_picked":["Thunderclap","Infernal Blade"],"picked":"Body Slam+1","floor":31.0},{"not_picked":["Immolate","Berserk"],"picked":"Juggernaut","floor":33.0},{"not_picked":["Clash+1","Thunderclap+1","Iron Wave+1"],"picked":"SKIP","floor":35.0},{"not_picked":["Headbutt+1","Flex"],"picked":"True Grit+1","floor":36.0},{"not_picked":["Warcry","Evolve","True Grit"],"picked":"SKIP","floor":37.0},{"not_picked":["Havoc","Thunderclap+1"],"picked":"Exhume","floor":39.0},{"not_picked":["Perfected Strike","Clash"],"picked":"Body Slam+1","floor":40.0},{"not_picked":["Sever Soul+1","Cleave+1"],"picked":"Flex+1","floor":41.0},{"not_picked":["Sentinel+1","Whirlwind"],"picked":"Power Through+1","floor":44.0},{"not_picked":["Armaments+1","Havoc"],"picked":"Dual Wield","floor":48.0},{"not_picked":["Wild Strike+1","Impervious"],"picked":"Feel No Pain+1","floor":54.0}],"player_experience":290038,"relics_obtained":[{"floor":9.0,"key":"Matryoshka"},{"floor":11.0,"key":"Bottled Lightning"},{"floor":13.0,"key":"Mercury Hourglass"},{"floor":24.0,"key":"Whetstone"},{"floor":26.0,"key":"Dream Catcher"},{"floor":26.0,"key":"Juzu Bracelet"},{"floor":29.0,"key":"Necronomicon"},{"floor":41.0,"key":"Letter Opener"},{"floor":43.0,"key":"Orichalcum"},{"floor":44.0,"key":"Boot"},{"floor":47.0,"key":"Shovel"},{"floor":48.0,"key":"Ornamental Fan"},{"floor":52.0,"key":"Mummified Hand"},{"floor":54.0,"key":"Pantograph"}],"event_choices":[{"damage_healed":0.0,"max_hp_gain":0.0,"max_hp_loss":0.0,"gold_gain":0.0,"event_name":"Shining Light","player_choice":"Entered Light","floor":2.0,"gold_loss":0.0,"damage_taken":16.0,"cards_upgraded":["Strike_R","Defend_R"]},{"damage_healed":0.0,"max_hp_gain":0.0,"max_hp_loss":0.0,"gold_gain":175.0,"event_name":"Liars Game","player_choice":"AGREE","floor":3.0,"gold_loss":0.0,"damage_taken":0.0,"cards_obtained":["Doubt"]},{"damage_healed":0.0,"max_hp_gain":0.0,"max_hp_loss":0.0,"gold_gain":0.0,"event_name":"Scrap Ooze","player_choice":"Success","floor":5.0,"gold_loss":0.0,"damage_taken":7.0,"relics_obtained":["Art of War"]},{"damage_healed":0.0,"max_hp_gain":0.0,"max_hp_loss":0.0,"gold_gain":0.0,"cards_transformed":["Dropkick","Iron Wave"],"event_name":"Drug Dealer","player_choice":"Became Test Subject","floor":20.0,"gold_loss":0.0,"damage_taken":0.0,"cards_obtained":["Flex","Warcry"]},{"damage_healed":0.0,"max_hp_gain":0.0,"max_hp_loss":0.0,"gold_gain":0.0,"event_name":"Cursed Tome","player_choice":"Obtained Book","floor":29.0,"gold_loss":0.0,"damage_taken":16.0},{"cards_removed":["Battle Trance"],"damage_healed":0.0,"max_hp_gain":0.0,"max_hp_loss":0.0,"gold_gain":0.0,"event_name":"Designer","player_choice":"Upgrade and Remove","floor":30.0,"gold_loss":90.0,"damage_taken":0.0,"cards_upgraded":["Power Through"]},{"damage_healed":20.0,"max_hp_gain":0.0,"max_hp_loss":0.0,"gold_gain":0.0,"event_name":"Winding Halls","player_choice":"Writhe","floor":46.0,"gold_loss":0.0,"damage_taken":0.0,"cards_obtained":["Writhe"]},{"damage_healed":0.0,"max_hp_gain":0.0,"max_hp_loss":0.0,"gold_gain":0.0,"event_name":"Mysterious Sphere","player_choice":"Fight","floor":47.0,"gold_loss":0.0,"damage_taken":0.0}],"is_beta":false,"boss_relics":[{"not_picked":["Busted Crown","Snecko Eye"],"picked":"Pandora\u0027s Box"},{"not_picked":["Tiny House","Cursed Key"],"picked":"Sozu"}],"items_purged_floors":[7,19],"is_endless":false,"potions_floor_spawned":[1,13,14,18,27,31,35,41,48],"killed_by":"The Heart","ascension_level":4}