{"gold_per_floor":[113,113,127,140,140,140,173,173,173,173,228,15,28,44,44,118,118,129,129,144,59,79,79,113,131,157,157,172,12,12,42,42,120,120,134,134,148,148],"floor_reached":38,"playtime":1671,"items_purged":["Strike_B"],"score":795,"play_id":"5ce8f3be-34d1-46f9-bc52-9febee502fe1","local_time":"20181211195959","is_ascension_mode":true,"campfire_choices":[{"data":"Loop","floor":6,"key":"SMITH"},{"floor":8,"key":"REST"},{"data":"Dualcast","floor":10,"key":"SMITH"},{"floor":15,"key":"REST"},{"data":"Creative AI","floor":23,"key":"SMITH"},{"data":"Recycle","floor":27,"key":"SMITH"},{"data":"Fission","floor":32,"key":"SMITH"}],"neow_cost":"NONE","seed_source_timestamp":12135622272255,"circlet_count":0,"master_deck":["AscendersBane","Defend_B","Defend_B","Defend_B","Defend_B","Zap+1","Dualcast+1","Gash+1","Stack+1","Cold Snap+1","Gash","Cold Snap","Loop+1","Ball Lightning","Creative AI+1","Seek","Recycle+1","Conserve Battery","Gash","Biased Cognition","Coolheaded+1","Fission+1","Glacier","Rainbow","Go for the Eyes","Melter+1","Compile Driver","Blind","Sweeping Beam+1","Electrodynamics","Coolheaded+1","Hologram"],"relics":["Astrolabe","Darkstone Periapt","Mummified Hand","Letter Opener","Tiny Chest","Runic Pyramid","Meat on the Bone","Bag of Preparation","Bronze Scales","Red Mask","Snecko Eye"],"potions_floor_usage":[13,16,25],"damage_taken":[{"damage":1,"enemies":"2 Louse","floor":1,"turns":3},{"damage":0,"enemies":"Cultist","floor":3,"turns":4},{"damage":0,"enemies":"Small Slimes","floor":4,"turns":3},{"damage":10,"enemies":"Lagavulin","floor":7,"turns":7},{"damage":29,"enemies":"Gremlin Nob","floor":11,"turns":6},{"damage":10,"enemies":"3 Louse","floor":13,"turns":3},{"damage":4,"enemies":"Exordium Thugs","floor":14,"turns":5},{"damage":9,"enemies":"Hexaghost","floor":16,"turns":7},{"damage":1,"enemies":"Spheric Guardian","floor":18,"turns":4},{"damage":0,"enemies":"3 Byrds","floor":20,"turns":5},{"damage":4,"enemies":"Centurion and Healer","floor":22,"turns":4},{"damage":8,"enemies":"Gremlin Leader","floor":24,"turns":6},{"damage":0,"enemies":"Cultist and Chosen","floor":25,"turns":6},{"damage":0,"enemies":"Shelled Parasite and Fungi","floor":28,"turns":5},{"damage":1,"enemies":"Masked Bandits","floor":31,"turns":4},{"damage":0,"enemies":"Collector","floor":33,"turns":9},{"damage":0,"enemies":"Orb Walker","floor":35,"turns":3},{"damage":0,"enemies":"3 Shapes","floor":37,"turns":2},{"damage":0,"enemies":"Writhing Mass","floor":38,"turns":3}],"seed_played":"4716365859494392542","potions_obtained":[{"floor":1,"key":"Dexterity Potion"},{"floor":11,"key":"Energy Potion"},{"floor":14,"key":"FearPotion"},{"floor":16,"key":"Explosive Potion"},{"floor":25,"key":"SpeedPotion"},{"floor":31,"key":"Ancient Potion"}],"is_trial":false,"path_per_floor":["M","?","M","M","?","R","E","R","T","R","E","$","M","M","R","B",null,"M","?","M","?","M","R","E","M","T","R","M","$","?","?","R","B",null,"M","?","M","M"],"character_chosen":"DEFECT","items_purchased":["Seek","Recycle","Blind"],"campfire_rested":2,"item_purchase_floors":[12,12,29],"current_hp_per_floor":[63,63,63,63,37,37,27,48,48,48,19,19,9,5,26,17,58,57,57,57,57,53,53,45,45,45,45,45,45,45,44,44,44,64,64,64,64,64],"gold":148,"neow_bonus":"BOSS_RELIC","is_prod":false,"is_daily":false,"chose_seed":false,"campfire_upgraded":5,"win_rate":0,"timestamp":1544576399,"path_taken":["M","?","M","M","?","R","E","R","T","R","E","$","M","M","R","BOSS","M","?","?","?","M","R","E","M","T","R","M","$","?","?","R","BOSS","M","?","M","M"],"build_version":"2018-12-06","purchased_purges":1,"victory":false,"max_hp_per_floor":[71,71,71,71,71,71,71,71,71,71,71,71,71,71,71,71,71,71,71,71,71,71,71,71,71,71,71,71,71,71,71,71,71,71,71,71,71,71],"card_choices":[{"not_picked":["Capacitor","Redo"],"picked":"Gash","floor":1},{"not_picked":["Rebound","White Noise"],"picked":"Cold Snap","floor":3},{"not_picked":["Leap","Self Repair"],"picked":"Loop","floor":4},{"not_picked":["Lockon","Buffer"],"picked":"Ball Lightning","floor":7},{"not_picked":["Gash","Hologram"],"picked":"Creative AI","floor":11},{"not_picked":["Hello World","Self Repair"],"picked":"Conserve Battery","floor":13},{"not_picked":["Redo","Lockon"],"picked":"Gash","floor":14},{"not_picked":["Machine Learning","Seek"],"picked":"Biased Cognition","floor":16},{"not_picked":["Streamline","Lockon"],"picked":"Coolheaded+1","floor":18},{"not_picked":["Barrage","Streamline","Gash"],"picked":"SKIP","floor":20},{"not_picked":["Genetic Algorithm","Lockon"],"picked":"Rainbow","floor":22},{"not_picked":["Biased Cognition","Sweeping Beam"],"picked":"Go for the Eyes","floor":24},{"not_picked":["Rebound","Skim"],"picked":"Melter+1","floor":25},{"not_picked":["Reprogram","Stack"],"picked":"Compile Driver","floor":28},{"not_picked":["Beam Cell","Steam Power"],"picked":"Sweeping Beam+1","floor":31},{"not_picked":["Echo Form","Hyperbeam"],"picked":"Electrodynamics","floor":33},{"not_picked":["Steam","Leap"],"picked":"Coolheaded+1","floor":35},{"not_picked":["Rip and Tear","Storm"],"picked":"Hologram","floor":37}],"player_experience":1263472,"relics_obtained":[{"floor":7,"key":"Mummified Hand"},{"floor":9,"key":"Letter Opener"},{"floor":11,"key":"Tiny Chest"},{"floor":24,"key":"Bag of Preparation"},{"floor":26,"key":"Bronze Scales"},{"floor":31,"key":"Red Mask"}],"event_choices":[{"damage_healed":0,"gold_gain":0,"player_choice":"Grow","damage_taken":0,"max_hp_gain":0,"max_hp_loss":0,"event_name":"Living Wall","floor":2,"gold_loss":0,"cards_upgraded":["Zap"]},{"damage_healed":0,"gold_gain":0,"player_choice":"Success","damage_taken":26,"relics_obtained":["Darkstone Periapt"],"max_hp_gain":0,"max_hp_loss":0,"event_name":"Scrap Ooze","floor":5,"gold_loss":0},{"damage_healed":0,"gold_gain":0,"player_choice":"2 cards matched","damage_taken":0,"max_hp_gain":0,"max_hp_loss":0,"event_name":"Match and Keep!","floor":19,"gold_loss":0,"cards_obtained":["Fission","Glacier"]},{"damage_healed":0,"gold_gain":0,"player_choice":"Obtained Relic","damage_taken":0,"relics_obtained":["Meat on the Bone"],"max_hp_gain":0,"max_hp_loss":0,"event_name":"Addict","floor":21,"gold_loss":85},{"damage_healed":0,"gold_gain":0,"player_choice":"Ignored","damage_taken":0,"max_hp_gain":0,"max_hp_loss":0,"event_name":"Beggar","floor":30,"gold_loss":0},{"damage_healed":0,"gold_gain":0,"player_choice":"Fought Bandits","damage_taken":0,"max_hp_gain":0,"max_hp_loss":0,"event_name":"Masked Bandits","floor":31,"gold_loss":0},{"damage_healed":0,"gold_gain":0,"player_choice":"Ignored","damage_taken":0,"max_hp_gain":0,"max_hp_loss":0,"event_name":"SecretPortal","floor":36,"gold_loss":0}],"is_beta":false,"boss_relics":[{"not_picked":["Tiny House","Philosopher\u0027s Stone"],"picked":"Runic Pyramid"},{"not_picked":["Cursed Key","Black Star"],"picked":"Snecko Eye"}],"items_purged_floors":[29],"is_endless":false,"potions_floor_spawned":[1,11,14,16,18,25,28,31,37],"killed_by":"Writhing Mass","ascension_level":15}