{"gold_per_floor":[114,125,140,140,150,184,195,195,195,195,209,228,16,16,16,88,88,98,111,111,25,38,38],"floor_reached":23,"playtime":860,"items_purged":[],"score":390,"play_id":"8380196c-ef0f-4d34-b2ef-a95c41cc2b15","local_time":"20190711183508","is_ascension_mode":true,"campfire_choices":[{"data":"Zap","floor":8,"key":"SMITH"},{"data":"Darkness","floor":10,"key":"SMITH"},{"data":"Hyperbeam","floor":15,"key":"SMITH"}],"neow_cost":"NONE","seed_source_timestamp":174906022453880,"circlet_count":0,"master_deck":["AscendersBane","Strike_B","Strike_B","Defend_B","Defend_B","Defend_B","Defend_B","Zap+1","Dualcast","Compile Driver","Darkness+1","Cold Snap","Hyperbeam+1","Leap","Conserve Battery","Capacitor","Electrodynamics","Barrage+1","Glacier","Force Field","Multi-Cast","Loop","Ball Lightning+1"],"relics":["Cracked Core","Vajra","Art of War","OrangePellets","Velvet Choker"],"potions_floor_usage":[16,16,19],"damage_taken":[{"damage":2,"enemies":"Jaw Worm","floor":1,"turns":3},{"damage":1,"enemies":"Cultist","floor":2,"turns":3},{"damage":14,"enemies":"Small Slimes","floor":3,"turns":3},{"damage":15,"enemies":"Red Slaver","floor":5,"turns":4},{"damage":39,"enemies":"Gremlin Nob","floor":6,"turns":4},{"damage":0,"enemies":"2 Fungi Beasts","floor":7,"turns":1},{"damage":0,"enemies":"Gremlin Gang","floor":11,"turns":1},{"damage":0,"enemies":"Large Slime","floor":12,"turns":4},{"damage":9,"enemies":"Hexaghost","floor":16,"turns":8},{"damage":10,"enemies":"3 Byrds","floor":18,"turns":2},{"damage":0,"enemies":"Chosen","floor":19,"turns":3},{"damage":31,"enemies":"Snecko","floor":22,"turns":7},{"damage":24,"enemies":"Slavers","floor":23,"turns":3}],"seed_played":"7192001998068498390","potions_obtained":[{"floor":1,"key":"LiquidBronze"},{"floor":6,"key":"FearPotion"},{"floor":7,"key":"Weak Potion"},{"floor":18,"key":"SteroidPotion"}],"is_trial":false,"path_per_floor":["M","M","M","?","M","E","M","R","T","R","M","M","$","?","R","B",null,"M","M","?","$","M","E"],"character_chosen":"DEFECT","items_purchased":["OrangePellets","Loop"],"campfire_rested":0,"item_purchase_floors":[13,21],"current_hp_per_floor":[69,68,54,78,63,24,24,24,24,24,24,24,24,24,24,15,62,52,52,52,52,21,0],"gold":38,"neow_bonus":"TEN_PERCENT_HP_BONUS","is_prod":false,"is_daily":false,"chose_seed":false,"campfire_upgraded":3,"win_rate":0,"timestamp":1562884508,"path_taken":["M","M","M","?","M","E","?","R","T","R","M","?","$","?","R","BOSS","M","M","?","$","M","E"],"build_version":"2019-07-05","purchased_purges":0,"victory":false,"max_hp_per_floor":[78,78,78,78,78,78,78,78,78,78,78,78,78,78,78,78,78,78,78,78,78,78,78],"card_choices":[{"not_picked":["Reinforced Body","Heatsinks"],"picked":"Compile Driver","floor":1},{"not_picked":["Gash","Tempest"],"picked":"Darkness","floor":2},{"not_picked":["Gash","Rebound"],"picked":"Cold Snap","floor":3},{"not_picked":["Sweeping Beam","Stack"],"picked":"Hyperbeam","floor":5},{"not_picked":["Rebound","FTL"],"picked":"Leap","floor":6},{"not_picked":["Beam Cell","Aggregate"],"picked":"Conserve Battery","floor":7},{"not_picked":["Go for the Eyes","Steam","Rebound"],"picked":"SKIP","floor":11},{"not_picked":["Go for the Eyes","Steam","Rebound"],"picked":"SKIP","floor":11},{"not_picked":["Force Field","Storm"],"picked":"Capacitor","floor":12},{"not_picked":["Machine Learning","Hyperbeam"],"picked":"Electrodynamics","floor":16},{"not_picked":["Streamline","BootSequence"],"picked":"Barrage+1","floor":18},{"not_picked":["Force Field","Go for the Eyes"],"picked":"Glacier","floor":19},{"not_picked":["Force Field","Steam"],"picked":"Ball Lightning+1","floor":22}],"player_experience":1468169,"relics_obtained":[{"floor":6,"key":"Vajra"},{"floor":9,"key":"Art of War"}],"event_choices":[{"damage_healed":24,"gold_gain":0,"player_choice":"Full Heal","damage_taken":0,"max_hp_gain":0,"max_hp_loss":0,"event_name":"Wheel of Change","floor":4,"gold_loss":0},{"damage_healed":0,"gold_gain":0,"player_choice":"Got Potions","damage_taken":0,"max_hp_gain":0,"max_hp_loss":0,"event_name":"Lab","floor":14,"gold_loss":0},{"damage_healed":0,"gold_gain":0,"cards_transformed":["Strike_B","Strike_B"],"player_choice":"Became Test Subject","damage_taken":0,"max_hp_gain":0,"max_hp_loss":0,"event_name":"Drug Dealer","floor":20,"gold_loss":0,"cards_obtained":["Force Field","Multi-Cast"]}],"is_beta":false,"boss_relics":[{"not_picked":["Philosopher\u0027s Stone","Sozu"],"picked":"Velvet Choker"}],"items_purged_floors":[],"is_endless":false,"potions_floor_spawned":[1,6,7,18],"killed_by":"Slavers","ascension_level":20}