{"gold_per_floor":[117,392,15,28,28,28,59,59,59,69,69,69,102,102,102,176,176,188,188,203,203,217,217,233,233,233,233,262,274,293,293,293,366,366,383,10,24,35,35,67,67,67],"floor_reached":42,"playtime":1900,"items_purged":["Regret"],"score":933,"play_id":"f4060fc7-822a-4c6b-8432-21a32e07e98d","local_time":"20181207114951","is_ascension_mode":true,"campfire_choices":[{"data":"Zap","floor":6,"key":"SMITH"},{"data":"Go for the Eyes","floor":8,"key":"SMITH"},{"data":"Defragment","floor":15,"key":"SMITH"},{"data":"Fusion","floor":23,"key":"SMITH"},{"data":"Hologram","floor":25,"key":"SMITH"},{"data":"Multi-Cast","floor":27,"key":"SMITH"},{"data":"Multi-Cast","floor":32,"key":"SMITH"},{"data":"Go for the Eyes","floor":41,"key":"SMITH"}],"neow_cost":"NONE","seed_source_timestamp":89988291704461,"circlet_count":0,"master_deck":["AscendersBane","Strike_B","Defend_B","Defend_B","Defend_B","Defend_B","Zap+1","Dualcast","Cold Snap","Electrodynamics","Compile Driver","Go for the Eyes+1","Multi-Cast+1","Fusion+1","Defragment+1","Rainbow","Sweeping Beam+1","Conserve Battery","Hologram+1","Reinforced Body","Doubt","Go for the Eyes+1","Auto Shields+1","Fusion+1","Storm","Multi-Cast+1","All For One","Compile Driver","Capacitor+1","FTL","Consume+1"],"relics":["Cracked Core","Art of War","Meat on the Bone","Omamori","Mercury Hourglass","Letter Opener","FossilizedHelix","Cursed Key","Incense Burner","Necronomicon","Shuriken","Boot","Black Star","Chemical X","Centennial Puzzle","Pen Nib","Strawberry"],"potions_floor_usage":[16,16,33,33,42],"damage_taken":[{"damage":4,"enemies":"2 Louse","floor":1,"turns":2},{"damage":8,"enemies":"Cultist","floor":4,"turns":4},{"damage":25,"enemies":"Gremlin Nob","floor":7,"turns":4},{"damage":0,"enemies":"Small Slimes","floor":10,"turns":2},{"damage":13,"enemies":"3 Sentries","floor":13,"turns":4},{"damage":34,"enemies":"Hexaghost","floor":16,"turns":11},{"damage":0,"enemies":"Chosen","floor":18,"turns":4},{"damage":11,"enemies":"2 Thieves","floor":20,"turns":2},{"damage":0,"enemies":"Chosen and Byrds","floor":22,"turns":5},{"damage":0,"enemies":"Snecko","floor":24,"turns":3},{"damage":14,"enemies":"Slavers","floor":28,"turns":4},{"damage":9,"enemies":"Centurion and Healer","floor":29,"turns":6},{"damage":0,"enemies":"Shelled Parasite and Fungi","floor":30,"turns":6},{"damage":35,"enemies":"Automaton","floor":33,"turns":14},{"damage":0,"enemies":"3 Shapes","floor":35,"turns":4},{"damage":0,"enemies":"3 Darklings","floor":37,"turns":2},{"damage":4,"enemies":"Transient","floor":38,"turns":6},{"damage":36,"enemies":"Reptomancer","floor":40,"turns":6},{"damage":64,"enemies":"Nemesis","floor":42,"turns":6}],"seed_played":"-7883858925893962936","potions_obtained":[{"floor":4,"key":"LiquidBronze"},{"floor":10,"key":"Block Potion"},{"floor":16,"key":"EssenceOfSteel"},{"floor":18,"key":"Energy Potion"},{"floor":35,"key":"Swift Potion"}],"is_trial":false,"path_per_floor":["M","?","$","M","?","R","E","R","T","M","?","?","E","T","R","B",null,"M","?","M","?","M","R","M","R","T","R","E","M","M","?","R","B",null,"M","$","M","M","?","E","R","E"],"character_chosen":"DEFECT","items_purchased":["Electrodynamics","Art of War","Compile Driver","Chemical X","Centennial Puzzle"],"campfire_rested":0,"item_purchase_floors":[3,3,3,36,36],"current_hp_per_floor":[67,67,67,59,54,54,41,41,41,41,46,39,38,38,38,16,66,66,66,55,34,46,46,46,46,46,46,44,47,47,47,47,24,68,68,68,68,64,64,47,47,0],"gold":67,"neow_bonus":"TEN_PERCENT_HP_BONUS","is_prod":false,"is_daily":false,"chose_seed":false,"campfire_upgraded":8,"win_rate":0,"timestamp":1544201391,"path_taken":["M","?","?","?","?","R","E","R","T","M","?","?","E","?","R","BOSS","M","?","M","?","M","R","M","R","T","R","E","M","M","?","R","BOSS","M","$","M","M","?","E","R","E"],"build_version":"2018-12-06","purchased_purges":1,"victory":false,"max_hp_per_floor":[78,78,78,78,78,78,78,78,78,78,83,83,83,83,83,83,83,83,83,83,83,83,83,83,83,83,83,83,83,83,83,83,83,83,83,83,83,83,83,90,90,90],"card_choices":[{"not_picked":["Compile Driver","Coolheaded"],"picked":"Cold Snap","floor":1},{"not_picked":["Rebound","Skim"],"picked":"Go for the Eyes","floor":4},{"not_picked":["Redo","Streamline"],"picked":"Multi-Cast","floor":7},{"not_picked":["Gash","Melter"],"picked":"Fusion","floor":10},{"not_picked":["Auto Shields","Blizzard"],"picked":"Defragment","floor":13},{"not_picked":["Reboot","All For One"],"picked":"Rainbow","floor":16},{"not_picked":["Streamline","Cold Snap"],"picked":"Sweeping Beam+1","floor":18},{"not_picked":["Beam Cell","Gash"],"picked":"Conserve Battery","floor":20},{"not_picked":["Turbo","Lockon"],"picked":"Hologram","floor":22},{"not_picked":["Turbo","Chaos"],"picked":"Reinforced Body","floor":24},{"not_picked":["Gash","Scrape"],"picked":"Go for the Eyes","floor":28},{"not_picked":["Gash","Skim"],"picked":"Auto Shields+1","floor":29},{"not_picked":["Streamline","Consume"],"picked":"Fusion+1","floor":30},{"not_picked":["Fission","Creative AI"],"picked":"All For One","floor":33},{"not_picked":["Turbo+1","Sweeping Beam"],"picked":"Compile Driver","floor":35},{"not_picked":["Sweeping Beam+1","Conserve Battery"],"picked":"Capacitor+1","floor":37},{"not_picked":["Fission","Conserve Battery+1"],"picked":"FTL","floor":38},{"not_picked":["Turbo","Hologram"],"picked":"Consume+1","floor":40}],"player_experience":1234787,"relics_obtained":[{"floor":7,"key":"Omamori"},{"floor":9,"key":"Mercury Hourglass"},{"floor":13,"key":"Letter Opener"},{"floor":14,"key":"FossilizedHelix"},{"floor":21,"key":"Necronomicon"},{"floor":26,"key":"Shuriken"},{"floor":28,"key":"Boot"},{"floor":40,"key":"Pen Nib"},{"floor":40,"key":"Strawberry"}],"event_choices":[{"damage_healed":0,"gold_gain":275,"player_choice":"Desecrate","damage_taken":0,"max_hp_gain":0,"max_hp_loss":0,"event_name":"Golden Shrine","floor":2,"gold_loss":0,"cards_obtained":["Regret"]},{"damage_healed":0,"gold_gain":0,"player_choice":"Success","damage_taken":5,"relics_obtained":["Meat on the Bone"],"max_hp_gain":0,"max_hp_loss":0,"event_name":"Scrap Ooze","floor":5,"gold_loss":0},{"damage_healed":0,"gold_gain":0,"player_choice":"Donut","damage_taken":0,"max_hp_gain":5,"max_hp_loss":0,"event_name":"Big Fish","floor":11,"gold_loss":0},{"cards_removed":["Strike_B"],"damage_healed":0,"gold_gain":0,"player_choice":"Card Removal","damage_taken":7,"max_hp_gain":0,"max_hp_loss":0,"event_name":"Golden Wing","floor":12,"gold_loss":0},{"damage_healed":0,"gold_gain":0,"player_choice":"Opened","damage_taken":0,"relics_obtained":["Incense Burner"],"max_hp_gain":0,"max_hp_loss":0,"event_name":"The Mausoleum","floor":19,"gold_loss":0,"cards_obtained":["Writhe"]},{"damage_healed":0,"gold_gain":0,"player_choice":"Obtained Book","damage_taken":21,"max_hp_gain":0,"max_hp_loss":0,"event_name":"Cursed Tome","floor":21,"gold_loss":0},{"damage_healed":0,"gold_gain":0,"cards_transformed":["Strike_B","Strike_B"],"player_choice":"Became Test Subject","damage_taken":0,"max_hp_gain":0,"max_hp_loss":0,"event_name":"Drug Dealer","floor":31,"gold_loss":0,"cards_obtained":["Storm","Multi-Cast"]},{"damage_healed":0,"gold_gain":0,"player_choice":"Ignored","damage_taken":0,"max_hp_gain":0,"max_hp_loss":0,"event_name":"SecretPortal","floor":39,"gold_loss":0}],"is_beta":false,"boss_relics":[{"not_picked":["Coffee Dripper","White Beast Statue"],"picked":"Cursed Key"},{"not_picked":["Velvet Choker","Runic Dome"],"picked":"Black Star"}],"items_purged_floors":[3],"is_endless":false,"potions_floor_spawned":[4,10,16,18,22,29,35],"killed_by":"Nemesis","ascension_level":20}