{"gold_per_floor":[116,41,55,71,91,91,116,116,116,132,132],"floor_reached":11,"playtime":739,"items_purged":["Pain"],"score":98,"play_id":"71825fb7-40cd-4bd7-bdab-7506e8c82dc0","local_time":"20190601161228","is_ascension_mode":true,"campfire_choices":[{"floor":6,"key":"REST"},{"floor":8,"key":"REST"}],"neow_cost":"NONE","seed_source_timestamp":95322378736129,"circlet_count":0,"master_deck":["Defend_G","Defend_G","Defend_G","Defend_G","Defend_G","Strike_G","Strike_G","Strike_G","Strike_G","Strike_G","Survivor","Neutralize","Normality","Decay","Catalyst","Blur","Dash","Prepared"],"relics":["Calling Bell","Blood Vial","Pear","Pocketwatch","Meat on the Bone","Pantograph"],"potions_floor_usage":[5,5,5,11],"damage_taken":[{"damage":28,"enemies":"Jaw Worm","floor":1,"turns":6},{"damage":9,"enemies":"Cultist","floor":3,"turns":5},{"damage":0,"enemies":"Small Slimes","floor":4,"turns":3},{"damage":12,"enemies":"Gremlin Gang","floor":5,"turns":7},{"damage":43,"enemies":"3 Sentries","floor":7,"turns":15},{"damage":16,"enemies":"Large Slime","floor":10,"turns":11},{"damage":63,"enemies":"Gremlin Nob","floor":11,"turns":5}],"seed_played":"8159665453401853037","potions_obtained":[{"floor":3,"key":"EntropicBrew"},{"floor":7,"key":"SpeedPotion"}],"is_trial":false,"path_per_floor":["M","$","M","M","M","R","E","R","T","M","E"],"character_chosen":"THE_SILENT","items_purchased":[],"campfire_rested":2,"item_purchase_floors":[],"current_hp_per_floor":[47,47,40,42,32,56,15,39,39,37,0],"gold":132,"neow_bonus":"BOSS_RELIC","is_prod":false,"is_daily":false,"chose_seed":false,"campfire_upgraded":0,"win_rate":0,"timestamp":1559419948,"path_taken":["M","$","M","M","M","R","E","R","T","M","E"],"build_version":"2019-01-23","purchased_purges":1,"victory":false,"max_hp_per_floor":[80,80,80,80,80,80,80,80,80,80,80],"card_choices":[{"not_picked":["Deflect","Poisoned Stab"],"picked":"Catalyst","floor":1},{"not_picked":["Choke","Eviscerate","Cloak And Dagger"],"picked":"SKIP","floor":3},{"not_picked":["Outmaneuver","Underhanded Strike","Flying Knee"],"picked":"SKIP","floor":4},{"not_picked":["Setup","Slice"],"picked":"Blur","floor":5},{"not_picked":["Masterful Stab","Night Terror"],"picked":"Dash","floor":7},{"not_picked":["PiercingWail","Underhanded Strike"],"picked":"Prepared","floor":10}],"player_experience":351795,"relics_obtained":[{"floor":0,"key":"Blood Vial"},{"floor":0,"key":"Pear"},{"floor":0,"key":"Pocketwatch"},{"floor":7,"key":"Meat on the Bone"},{"floor":9,"key":"Pantograph"}],"event_choices":[],"is_beta":false,"boss_relics":[],"items_purged_floors":[2],"is_endless":false,"potions_floor_spawned":[3,7],"killed_by":"Gremlin Nob","ascension_level":6}