{"gold_per_floor":[115,115,130,130,148,148,68,68,92,120,120],"floor_reached":11,"playtime":404,"items_purged":[],"score":142,"play_id":"58142352-0def-45dc-b987-92ac67839572","local_time":"20181118183605","is_ascension_mode":true,"campfire_choices":[{"data":"True Grit","floor":6,"key":"SMITH"},{"data":"Bash","floor":8,"key":"SMITH"}],"neow_cost":"NONE","seed_source_timestamp":369695887338905,"circlet_count":0,"master_deck":["AscendersBane","Strike_R","Strike_R","Strike_R","Strike_R","Strike_R","Defend_R","Defend_R","Defend_R","Defend_R","Bash+1","Brutality","Pommel Strike","True Grit+1","Cleave","Battle Trance","Impervious"],"relics":["Burning Blood","Pantograph","Pen Nib","PreservedInsect"],"potions_floor_usage":[10],"damage_taken":[{"damage":4,"enemies":"2 Louse","floor":1,"turns":4},{"damage":9,"enemies":"Jaw Worm","floor":3,"turns":6},{"damage":2,"enemies":"Cultist","floor":5,"turns":3},{"damage":41,"enemies":"Lagavulin","floor":10,"turns":7},{"damage":33,"enemies":"Gremlin Gang","floor":11,"turns":4}],"seed_played":"5874379953276121602","potions_obtained":[{"floor":3,"key":"LiquidBronze"},{"floor":5,"key":"Ancient Potion"}],"is_trial":false,"path_per_floor":["M","?","M","?","M","R","$","R","T","E","M"],"character_chosen":"IRONCLAD","items_purchased":["Battle Trance"],"campfire_rested":0,"item_purchase_floors":[7],"current_hp_per_floor":[70,59,56,56,60,60,60,60,60,25,0],"gold":120,"neow_bonus":"ONE_RANDOM_RARE_CARD","is_prod":false,"is_daily":false,"chose_seed":false,"campfire_upgraded":2,"win_rate":0,"timestamp":1542584165,"path_taken":["M","?","M","?","M","R","?","R","T","E","?"],"build_version":"2018-11-15","purchased_purges":0,"victory":false,"max_hp_per_floor":[75,75,75,75,75,75,75,75,75,75,75],"card_choices":[{"not_picked":["Body Slam","Blood for Blood"],"picked":"Pommel Strike","floor":1},{"not_picked":["Fire Breathing","Searing Blow"],"picked":"True Grit","floor":3},{"not_picked":["Perfected Strike","Body Slam"],"picked":"Cleave","floor":5},{"not_picked":["True Grit","Body Slam"],"picked":"Impervious","floor":10}],"player_experience":1098265,"relics_obtained":[{"floor":9,"key":"Pen Nib"},{"floor":10,"key":"PreservedInsect"}],"event_choices":[{"damage_healed":0,"gold_gain":0,"player_choice":"Success","damage_taken":11,"relics_obtained":["Pantograph"],"max_hp_gain":0,"max_hp_loss":0,"event_name":"Scrap Ooze","floor":2,"gold_loss":0},{"damage_healed":0,"gold_gain":0,"player_choice":"Ignored","damage_taken":0,"max_hp_gain":0,"max_hp_loss":0,"event_name":"Liars Game","floor":4,"gold_loss":0}],"is_beta":false,"boss_relics":[],"items_purged_floors":[],"is_endless":false,"potions_floor_spawned":[3,5],"killed_by":"Gremlin Gang","ascension_level":20}