{"gold_per_floor":[114,133,144,144,160,160,179,213,268,268,294,30,30,58,58,130,130,146,196,196,210,225,260,260,260],"floor_reached":25,"playtime":1630,"items_purged":["Strike_R"],"score":532,"play_id":"6f01a653-2ba7-4b5d-a239-359d6cdba1b8","local_time":"20190116175103","is_ascension_mode":true,"campfire_choices":[{"data":"Body Slam","floor":6,"key":"SMITH"},{"data":"Whirlwind","floor":10,"key":"SMITH"},{"floor":13,"key":"REST"},{"data":"True Grit","floor":15,"key":"SMITH"},{"data":"Barricade","floor":24,"key":"SMITH"}],"neow_cost":"NONE","seed_source_timestamp":10084642391725,"circlet_count":0,"master_deck":["AscendersBane","Strike_R","Strike_R","Strike_R","Strike_R","Defend_R","Defend_R","Defend_R+1","Defend_R","Bash+1","Power Through+1","Clothesline","Headbutt","Body Slam+1","Whirlwind+1","Feel No Pain","True Grit+1","Evolve","Barricade+1","Impervious","Shrug It Off","Disarm","Warcry"],"relics":["Burning Blood","War Paint","Tiny Chest","Happy Flower","Dream Catcher","PreservedInsect","Coffee Dripper","Boot"],"potions_floor_usage":[22,25],"damage_taken":[{"damage":3,"enemies":"2 Louse","floor":1,"turns":3},{"damage":1,"enemies":"Cultist","floor":2,"turns":4},{"damage":7,"enemies":"Jaw Worm","floor":3,"turns":5},{"damage":14,"enemies":"Exordium Thugs","floor":5,"turns":5},{"damage":15,"enemies":"Red Slaver","floor":7,"turns":4},{"damage":26,"enemies":"Gremlin Nob","floor":8,"turns":4},{"damage":21,"enemies":"3 Sentries","floor":11,"turns":7},{"damage":16,"enemies":"Lagavulin","floor":14,"turns":8},{"damage":4,"enemies":"Slime Boss","floor":16,"turns":6},{"damage":12,"enemies":"Spheric Guardian","floor":18,"turns":8},{"damage":0,"enemies":"Chosen","floor":21,"turns":5},{"damage":16,"enemies":"Shelled Parasite and Fungi","floor":22,"turns":8},{"damage":12,"enemies":"Gremlin Leader","floor":23,"turns":6},{"damage":54,"enemies":"Slavers","floor":25,"turns":5}],"seed_played":"-7433348719253840332","potions_obtained":[{"floor":3,"key":"Ancient Potion"},{"floor":11,"key":"Weak Potion"}],"is_trial":false,"path_per_floor":["M","M","M","?","M","R","M","E","T","R","E","$","R","E","R","B",null,"M","?","T","M","M","E","R","E"],"character_chosen":"IRONCLAD","items_purchased":["True Grit","Dream Catcher"],"campfire_rested":1,"item_purchase_floors":[12,12],"current_hp_per_floor":[71,75,74,74,66,66,57,37,37,37,22,22,44,34,34,36,65,59,59,59,65,55,49,49,0],"gold":260,"neow_bonus":"UPGRADE_CARD","is_prod":false,"is_daily":false,"chose_seed":false,"campfire_upgraded":4,"win_rate":0,"timestamp":1547679063,"path_taken":["M","M","M","?","?","R","M","E","T","R","E","$","R","E","R","BOSS","M","?","?","M","?","E","R","E"],"build_version":"2019-01-10","purchased_purges":1,"victory":false,"max_hp_per_floor":[75,75,75,75,75,75,75,75,75,75,75,75,75,75,75,75,75,75,75,75,75,75,75,75,75],"card_choices":[{"not_picked":["Headbutt","Corruption"],"picked":"Power Through","floor":1},{"not_picked":["Clash","Body Slam"],"picked":"Clothesline","floor":2},{"not_picked":["Clash","Twin Strike"],"picked":"Headbutt","floor":3},{"not_picked":["Sword Boomerang","Warcry"],"picked":"Whirlwind","floor":5},{"not_picked":["Anger","Bloodletting","Headbutt"],"picked":"SKIP","floor":7},{"not_picked":["Ghostly Armor","Searing Blow"],"picked":"Feel No Pain","floor":8},{"not_picked":["Burning Pact","Heavy Blade","Headbutt"],"picked":"SKIP","floor":11},{"not_picked":["Iron Wave","Pummel"],"picked":"Evolve","floor":13},{"not_picked":["Thunderclap","Flame Barrier"],"picked":"Barricade","floor":14},{"not_picked":["Exhume","Demon Form"],"picked":"Impervious","floor":16},{"not_picked":["Blood for Blood+1","Burning Pact"],"picked":"Shrug It Off","floor":18},{"not_picked":["Thunderclap","Cleave"],"picked":"Disarm","floor":21},{"not_picked":["Ghostly Armor","True Grit","Entrench"],"picked":"SKIP","floor":22},{"not_picked":["Bludgeon","Heavy Blade"],"picked":"Warcry","floor":23}],"player_experience":1318424,"relics_obtained":[{"floor":8,"key":"War Paint"},{"floor":9,"key":"Tiny Chest"},{"floor":11,"key":"Happy Flower"},{"floor":14,"key":"PreservedInsect"},{"floor":23,"key":"Boot"}],"event_choices":[{"damage_healed":0,"gold_gain":0,"player_choice":"1 cards matched","damage_taken":0,"max_hp_gain":0,"max_hp_loss":0,"event_name":"Match and Keep!","floor":4,"gold_loss":0,"cards_obtained":["Body Slam"]},{"damage_healed":0,"gold_gain":50,"player_choice":"Stole From Cult","damage_taken":0,"max_hp_gain":0,"max_hp_loss":0,"event_name":"Nest","floor":19,"gold_loss":0}],"is_beta":false,"boss_relics":[{"not_picked":["Orrery","Pandora\u0027s Box"],"picked":"Coffee Dripper"}],"items_purged_floors":[12],"is_endless":false,"potions_floor_spawned":[3,11,16,21],"killed_by":"Slavers","ascension_level":20}