{"gold_per_floor":[111,121,136,155,175,175,207,226,226,226,301,3,3,3,3,3],"floor_reached":16,"playtime":619,"items_purged":["Strike_R"],"score":204,"play_id":"f53fb22c-2d88-4285-ab58-27eeceea0633","local_time":"20181029181142","is_ascension_mode":true,"campfire_choices":[{"data":"Entrench","floor":6,"key":"SMITH"},{"data":"Barricade","floor":10,"key":"SMITH"},{"floor":15,"key":"REST"}],"neow_cost":"NONE","seed_source_timestamp":943465364620234,"circlet_count":0,"master_deck":["Strike_R","Strike_R","Strike_R","Strike_R","Defend_R","Defend_R","Defend_R","Defend_R","Bash","AscendersBane","Cleave","Pommel Strike","Entrench+1","Evolve","Barricade+1","Battle Trance","Perfected Strike","Entrench+1"],"relics":["Burning Blood","Art of War","Paper Frog","Question Card","DollysMirror","Golden Idol"],"potions_floor_usage":[5,7,16],"damage_taken":[{"damage":4,"enemies":"Small Slimes","floor":1,"turns":4},{"damage":6,"enemies":"2 Louse","floor":2,"turns":3},{"damage":12,"enemies":"Jaw Worm","floor":3,"turns":3},{"damage":7,"enemies":"Looter","floor":4,"turns":4},{"damage":23,"enemies":"Large Slime","floor":5,"turns":7},{"damage":30,"enemies":"3 Sentries","floor":7,"turns":10},{"damage":6,"enemies":"2 Fungi Beasts","floor":8,"turns":3},{"damage":47,"enemies":"Hexaghost","floor":16,"turns":14}],"seed_played":"3437936111769459002","potions_obtained":[{"floor":1,"key":"FearPotion"},{"floor":2,"key":"Regen Potion"},{"floor":8,"key":"Poison Potion"}],"is_trial":false,"path_per_floor":["M","M","M","M","M","R","E","M","T","R","?","$","?","?","R"],"character_chosen":"IRONCLAD","items_purchased":["DollysMirror"],"campfire_rested":1,"item_purchase_floors":[12],"current_hp_per_floor":[70,70,64,63,46,46,37,37,37,37,26,26,26,26,46,0],"gold":3,"neow_bonus":"RANDOM_COMMON_RELIC","is_prod":false,"is_daily":false,"chose_seed":false,"campfire_upgraded":2,"win_rate":0,"timestamp":1540851102,"path_taken":["M","M","M","M","M","R","E","M","T","R","?","$","?","?","R","BOSS"],"build_version":"2018-10-25v2","purchased_purges":1,"victory":false,"max_hp_per_floor":[75,75,75,75,75,75,75,75,75,75,75,75,75,68,68,68],"card_choices":[{"not_picked":["Dual Wield","Body Slam"],"picked":"Cleave","floor":1},{"not_picked":["Anger","Sword Boomerang"],"picked":"Pommel Strike","floor":2},{"not_picked":["Warcry","Blood for Blood"],"picked":"Entrench","floor":3},{"not_picked":["Clash","Carnage"],"picked":"Evolve","floor":4},{"not_picked":["Twin Strike","Wild Strike"],"picked":"Barricade","floor":5},{"not_picked":["Wild Strike","Twin Strike"],"picked":"Battle Trance","floor":7},{"not_picked":["Clash","Cleave"],"picked":"Perfected Strike","floor":8}],"player_experience":1008706,"relics_obtained":[{"floor":7,"key":"Paper Frog"},{"floor":9,"key":"Question Card"}],"event_choices":[{"damage_healed":0,"gold_gain":75,"player_choice":"Gather Gold","damage_taken":11,"max_hp_gain":0,"max_hp_loss":0,"event_name":"World of Goop","floor":11,"gold_loss":0},{"damage_healed":0,"gold_gain":0,"player_choice":"Ignored","damage_taken":0,"max_hp_gain":0,"max_hp_loss":0,"event_name":"Liars Game","floor":13,"gold_loss":0},{"damage_healed":0,"gold_gain":0,"player_choice":"Lose Max HP","damage_taken":0,"relics_obtained":["Golden Idol"],"max_hp_gain":0,"max_hp_loss":7,"event_name":"Golden Idol","floor":14,"gold_loss":0}],"is_beta":false,"boss_relics":[],"items_purged_floors":[12],"is_endless":false,"potions_floor_spawned":[1,2,4,8],"killed_by":"Hexaghost","ascension_level":20}