{"gold_per_floor":[116,129,54,71,86,86,101,101,125,136,136,136,166,34,34,107,107,127,106,86,104,29,29,29],"floor_reached":24,"playtime":1084,"items_purged":["Strike_G"],"score":396,"play_id":"c57de3e4-8789-4cf1-852b-3d5a35865547","local_time":"20190118175450","is_ascension_mode":true,"campfire_choices":[{"floor":6,"key":"REST"},{"floor":8,"key":"REST"},{"floor":12,"key":"REST"},{"data":"Deadly Poison","floor":15,"key":"SMITH"},{"data":"Malaise","floor":23,"key":"SMITH"}],"neow_cost":"NONE","seed_source_timestamp":183674322343207,"circlet_count":0,"master_deck":["AscendersBane","Defend_G","Defend_G","Defend_G","Defend_G","Defend_G","Strike_G","Strike_G","Strike_G","Survivor","Neutralize","PiercingWail","PiercingWail","Backstab","Backstab","After Image","Footwork","Deadly Poison+1","Malaise+1","Cloak And Dagger+1","Cloak And Dagger"],"relics":["Ring of the Serpent","Vajra","Regal Pillow","Pen Nib"],"potions_floor_usage":[7,13,24],"damage_taken":[{"damage":2,"enemies":"Jaw Worm","floor":1,"turns":5},{"damage":2,"enemies":"Small Slimes","floor":2,"turns":6},{"damage":30,"enemies":"Cultist","floor":4,"turns":8},{"damage":1,"enemies":"Blue Slaver","floor":5,"turns":8},{"damage":47,"enemies":"Gremlin Gang","floor":7,"turns":9},{"damage":3,"enemies":"Looter","floor":10,"turns":4},{"damage":27,"enemies":"Gremlin Nob","floor":13,"turns":4},{"damage":1,"enemies":"The Guardian","floor":16,"turns":13},{"damage":16,"enemies":"Shell Parasite","floor":18,"turns":5},{"damage":14,"enemies":"2 Thieves","floor":19,"turns":4},{"damage":1,"enemies":"Centurion and Healer","floor":21,"turns":11},{"damage":26,"enemies":"Slavers","floor":24,"turns":6}],"seed_played":"8417223479883505025","potions_obtained":[{"floor":5,"key":"Weak Potion"},{"floor":10,"key":"FearPotion"},{"floor":19,"key":"FearPotion"},{"floor":20,"key":"PowerPotion"}],"is_trial":false,"path_per_floor":["M","M","?","M","M","R","M","R","T","M","?","R","E","$","R","B",null,"M","M","?","M","$","R","E"],"character_chosen":"THE_SILENT","items_purchased":["Footwork","Deadly Poison"],"campfire_rested":3,"item_purchase_floors":[14,14],"current_hp_per_floor":[63,61,61,31,30,51,4,25,25,22,4,40,13,13,13,12,57,41,27,27,26,26,26,0],"gold":29,"neow_bonus":"TEN_PERCENT_HP_BONUS","is_prod":false,"is_daily":false,"chose_seed":false,"campfire_upgraded":2,"win_rate":0,"timestamp":1547852090,"path_taken":["M","M","?","M","M","R","M","R","T","M","?","R","E","$","R","BOSS","M","M","?","?","$","R","E"],"build_version":"2019-01-17v2","purchased_purges":1,"victory":false,"max_hp_per_floor":[72,72,72,72,72,72,72,72,72,72,72,72,72,72,72,72,72,72,72,72,72,72,72,72],"card_choices":[{"not_picked":["Flying Knee","Setup"],"picked":"PiercingWail","floor":1},{"not_picked":["Riddle With Holes","Acrobatics","Outmaneuver"],"picked":"SKIP","floor":2},{"not_picked":["Catalyst","Outmaneuver"],"picked":"PiercingWail","floor":4},{"not_picked":["Dodge and Roll","Cloak And Dagger","Eviscerate"],"picked":"SKIP","floor":5},{"not_picked":["Deflect","Poisoned Stab"],"picked":"Backstab","floor":7},{"not_picked":["Dagger Throw","Deflect"],"picked":"Backstab","floor":10},{"not_picked":["Dagger Throw","Underhanded Strike"],"picked":"After Image","floor":13},{"not_picked":["After Image","Tools of the Trade"],"picked":"Malaise","floor":16},{"not_picked":["Outmaneuver","PiercingWail"],"picked":"Cloak And Dagger+1","floor":18},{"not_picked":["Bane","Acrobatics","Underhanded Strike+1"],"picked":"SKIP","floor":19},{"not_picked":["Slice","Skewer"],"picked":"Cloak And Dagger","floor":21}],"player_experience":1328816,"relics_obtained":[{"floor":9,"key":"Vajra"},{"floor":13,"key":"Pen Nib"}],"event_choices":[{"cards_removed":["Strike_G"],"damage_healed":0,"gold_gain":0,"player_choice":"Card Removal","damage_taken":0,"max_hp_gain":0,"max_hp_loss":0,"event_name":"The Cleric","floor":3,"gold_loss":75},{"damage_healed":0,"gold_gain":0,"player_choice":"Success","damage_taken":18,"relics_obtained":["Regal Pillow"],"max_hp_gain":0,"max_hp_loss":0,"event_name":"Scrap Ooze","floor":11,"gold_loss":0},{"damage_healed":0,"gold_gain":0,"player_choice":"Bought 1 Potion","damage_taken":0,"max_hp_gain":0,"max_hp_loss":0,"event_name":"The Woman in Blue","floor":20,"gold_loss":0}],"is_beta":false,"boss_relics":[{"not_picked":["Philosopher\u0027s Stone","Pandora\u0027s Box"],"picked":"Ring of the Serpent"}],"items_purged_floors":[22],"is_endless":false,"potions_floor_spawned":[5,10,19],"killed_by":"Slavers","ascension_level":20}