{"gold_per_floor":[112,112,123,143,160,160,33,45,71,71],"floor_reached":10,"playtime":421,"items_purged":["Strike_R"],"score":114,"play_id":"cc6e6c65-3b65-416c-824d-8d676dce2dd0","local_time":"20190722200035","is_ascension_mode":true,"campfire_choices":[{"data":"Pommel Strike","floor":6,"key":"SMITH"}],"neow_cost":"NONE","seed_source_timestamp":20864774249823,"circlet_count":0,"master_deck":["AscendersBane","Strike_R","Strike_R","Defend_R","Defend_R","Defend_R","Defend_R","Bash","Disarm","Sword Boomerang","Pommel Strike+1","True Grit","Flame Barrier"],"relics":["Burning Blood","Ancient Tea Set"],"potions_floor_usage":[8],"damage_taken":[{"damage":5,"enemies":"2 Louse","floor":1,"turns":3},{"damage":8,"enemies":"Cultist","floor":3,"turns":5},{"damage":0,"enemies":"Small Slimes","floor":4,"turns":4},{"damage":9,"enemies":"2 Fungi Beasts","floor":5,"turns":6},{"damage":23,"enemies":"Gremlin Gang","floor":8,"turns":6},{"damage":53,"enemies":"3 Sentries","floor":10,"turns":8}],"seed_played":"-2013399450777744880","potions_obtained":[{"floor":1,"key":"SkillPotion"},{"floor":5,"key":"SpeedPotion"}],"is_trial":false,"path_per_floor":["M","?","M","M","M","R","$","M","T","E"],"character_chosen":"IRONCLAD","items_purchased":["True Grit"],"campfire_rested":0,"item_purchase_floors":[7],"current_hp_per_floor":[69,69,67,73,70,70,70,53,53,0],"gold":71,"neow_bonus":"REMOVE_CARD","is_prod":false,"is_daily":false,"chose_seed":false,"campfire_upgraded":1,"win_rate":0,"timestamp":1563840035,"path_taken":["M","?","M","M","M","R","$","M","T","E"],"build_version":"2019-07-17","purchased_purges":1,"victory":false,"max_hp_per_floor":[75,75,75,75,75,75,75,75,75,75],"card_choices":[{"not_picked":["Fire Breathing","Clothesline"],"picked":"Disarm","floor":1},{"not_picked":["Corruption","Wild Strike"],"picked":"Sword Boomerang","floor":3},{"not_picked":["Iron Wave","Warcry","Rage"],"picked":"SKIP","floor":4},{"not_picked":["Clash","Cleave"],"picked":"Pommel Strike","floor":5},{"not_picked":["Shrug It Off","Clothesline"],"picked":"Flame Barrier","floor":8}],"player_experience":586817,"relics_obtained":[{"floor":9,"key":"Ancient Tea Set"}],"event_choices":[{"cards_removed":["Strike_R"],"damage_healed":0,"gold_gain":0,"player_choice":"Purged","damage_taken":0,"max_hp_gain":0,"max_hp_loss":0,"event_name":"Purifier","floor":2,"gold_loss":0}],"is_beta":false,"boss_relics":[],"items_purged_floors":[7],"is_endless":false,"potions_floor_spawned":[1,5],"killed_by":"3 Sentries","ascension_level":18}