{"gold_per_floor":[113,133,147,33,208,208,223,223,246,261,336,346,365,365],"floor_reached":14,"playtime":938,"items_purged":["Strike_G"],"score":101,"play_id":"696aa35b-b836-495f-9134-42f1a9dabc38","local_time":"20190428173026","is_ascension_mode":true,"campfire_choices":[{"data":"Calculated Gamble","floor":6,"key":"SMITH"},{"floor":8,"key":"REST"}],"neow_cost":"NONE","seed_source_timestamp":89399025933092,"circlet_count":0,"master_deck":["Defend_G","Defend_G","Defend_G","Defend_G","Defend_G","Strike_G","Strike_G","Strike_G","Strike_G","Survivor","Neutralize","Predator","Calculated Gamble+1","Doubt","Backflip"],"relics":["Snecko Eye","Strawberry","Smiling Mask"],"potions_floor_usage":[14],"damage_taken":[{"damage":11,"enemies":"Small Slimes","floor":1,"turns":5},{"damage":1,"enemies":"2 Louse","floor":2,"turns":3},{"damage":6,"enemies":"Cultist","floor":3,"turns":3},{"damage":10,"enemies":"2 Fungi Beasts","floor":7,"turns":5},{"damage":6,"enemies":"Looter","floor":10,"turns":3},{"damage":16,"enemies":"3 Louse","floor":12,"turns":4},{"damage":8,"enemies":"Blue Slaver","floor":13,"turns":7},{"damage":48,"enemies":"Lagavulin Event","floor":14,"turns":11}],"seed_played":"1670028693232947331","potions_obtained":[{"floor":1,"key":"Dexterity Potion"},{"floor":2,"key":"FearPotion"}],"is_trial":false,"path_per_floor":["M","M","M","$","?","R","M","R","T","M","?","M","M","?"],"character_chosen":"THE_SILENT","items_purchased":["Calculated Gamble"],"campfire_rested":1,"item_purchase_floors":[4],"current_hp_per_floor":[59,58,52,52,52,52,42,63,70,64,53,37,29,0],"gold":365,"neow_bonus":"BOSS_RELIC","is_prod":false,"is_daily":false,"chose_seed":false,"campfire_upgraded":1,"win_rate":0,"timestamp":1556487026,"path_taken":["M","M","M","$","?","R","M","R","T","M","?","M","M","?"],"build_version":"2019-01-23","purchased_purges":1,"victory":false,"max_hp_per_floor":[70,70,70,70,70,70,70,70,77,77,77,77,77,77],"card_choices":[{"not_picked":["Riddle With Holes","Terror"],"picked":"Predator","floor":1},{"not_picked":["Acrobatics","Deflect","Outmaneuver"],"picked":"SKIP","floor":2},{"not_picked":["Flying Knee","Accuracy","Slice"],"picked":"SKIP","floor":3},{"not_picked":["Wraith Form v2","Quick Slash","PiercingWail"],"picked":"SKIP","floor":7},{"not_picked":["Cloak And Dagger","Outmaneuver","Blade Dance"],"picked":"SKIP","floor":10},{"not_picked":["Acrobatics","Cloak And Dagger","Deadly Poison"],"picked":"SKIP","floor":12},{"not_picked":["All Out Attack","Dodge and Roll"],"picked":"Backflip","floor":13}],"player_experience":195274,"relics_obtained":[{"floor":9,"key":"Strawberry"}],"event_choices":[{"damage_healed":0,"gold_gain":175,"player_choice":"AGREE","damage_taken":0,"max_hp_gain":0,"max_hp_loss":0,"event_name":"Liars Game","floor":5,"gold_loss":0,"cards_obtained":["Doubt"]},{"damage_healed":0,"gold_gain":75,"player_choice":"Gather Gold","damage_taken":11,"max_hp_gain":0,"max_hp_loss":0,"event_name":"World of Goop","floor":11,"gold_loss":0},{"damage_healed":0,"gold_gain":0,"player_choice":"Searched \u00272\u0027 times","damage_taken":0,"relics_obtained":["Smiling Mask"],"max_hp_gain":0,"max_hp_loss":0,"event_name":"Dead Adventurer","floor":14,"gold_loss":0}],"is_beta":false,"boss_relics":[],"items_purged_floors":[4],"is_endless":false,"potions_floor_spawned":[1,2],"killed_by":"Lagavulin Event","ascension_level":4}