{"gold_per_floor":[114,133,146,146,321,656,656,684,684,713,730,70,70,90,90,190,190,205,221,221,235,150,175,75,104,104,116,128,56,82,99,99,195,195,209,219,232,83,83,113,147,147,193,207,224,254,272,306,306,306],"floor_reached":51,"playtime":3239,"items_purged":["Doubt","Defend_R","Defend_R"],"score":1438,"play_id":"d1d7567f-de3d-417c-b214-dd5f25ceb2b8","local_time":"20180718202948","is_ascension_mode":true,"campfire_choices":[{"data":"Bash","floor":7,"key":"SMITH"},{"data":"Body Slam","floor":15,"key":"SMITH"},{"data":"Limit Break","floor":32,"key":"SMITH"},{"floor":40,"key":"DIG"},{"floor":42,"key":"DIG"},{"floor":49,"key":"DIG"}],"neow_cost":"NONE","seed_source_timestamp":606825980582888,"circlet_count":0,"master_deck":["Strike_R","Strike_R","Strike_R","Strike_R","Strike_R","Defend_R","Defend_R","Bash+1","Clash","Clash","Clash","Offering","Armaments","Anger","Body Slam+1","Flex","Fiend Fire","Clash","Limit Break+1","Intimidate","Limit Break","Feed","Warcry+1","Anger+1","Anger","Flex+1"],"relics":["Burning Blood","Lantern","Old Coin","Mummified Hand","Ornamental Fan","Pen Nib","Unceasing Top","Ginger","Mercury Hourglass","Coffee Dripper","Peace Pipe","Ancient Tea Set","Gambling Chip","Bottled Lightning","Dodecahedron","Busted Crown","Shovel","Tiny Chest","Singing Bowl","Boot","Vajra","Oddly Smooth Stone","The Courier","Blood Vial"],"potions_floor_usage":[6,14,16,16,25,33,33,47,50,50,50],"damage_taken":[{"damage":5,"enemies":"Cultist","floor":1,"turns":5},{"damage":1,"enemies":"2 Louse","floor":2,"turns":3},{"damage":3,"enemies":"Small Slimes","floor":3,"turns":3},{"damage":26,"enemies":"Lagavulin","floor":6,"turns":6},{"damage":28,"enemies":"Gremlin Nob","floor":8,"turns":4},{"damage":17,"enemies":"Lagavulin","floor":10,"turns":5},{"damage":0,"enemies":"Exordium Wildlife","floor":11,"turns":3},{"damage":0,"enemies":"3 Louse","floor":14,"turns":1},{"damage":31,"enemies":"The Guardian","floor":16,"turns":4},{"damage":1,"enemies":"Spheric Guardian","floor":18,"turns":3},{"damage":7,"enemies":"2 Thieves","floor":19,"turns":2},{"damage":4,"enemies":"Sentry and Sphere","floor":21,"turns":3},{"damage":19,"enemies":"Slavers","floor":23,"turns":3},{"damage":4,"enemies":"Book of Stabbing","floor":25,"turns":2},{"damage":0,"enemies":"Centurion and Healer","floor":27,"turns":2},{"damage":0,"enemies":"Snake Plant","floor":28,"turns":2},{"damage":6,"enemies":"Slavers","floor":30,"turns":3},{"damage":4,"enemies":"Sentry and Sphere","floor":31,"turns":2},{"damage":4,"enemies":"Automaton","floor":33,"turns":4},{"damage":10,"enemies":"3 Shapes","floor":35,"turns":2},{"damage":0,"enemies":"Orb Walker","floor":36,"turns":1},{"damage":4,"enemies":"Sphere and 2 Shapes","floor":37,"turns":2},{"damage":7,"floor":39,"turns":2},{"damage":4,"enemies":"Nemesis","floor":41,"turns":1},{"damage":0,"enemies":"Flame Bruiser 2 Orb","floor":44,"turns":1},{"damage":4,"enemies":"Maw","floor":45,"turns":2},{"damage":4,"enemies":"2 Orb Walkers","floor":46,"turns":2},{"damage":6,"enemies":"4 Shapes","floor":47,"turns":2},{"damage":4,"enemies":"Giant Head","floor":48,"turns":2},{"damage":14,"enemies":"Donu and Deca","floor":50,"turns":4}],"seed_played":"840395987589704854","potions_obtained":[{"floor":2,"key":"FearPotion"},{"floor":8,"key":"LiquidBronze"},{"floor":10,"key":"LiquidBronze"},{"floor":11,"key":"SkillPotion"},{"floor":19,"key":"Fire Potion"},{"floor":21,"key":"Poison Potion"},{"floor":25,"key":"Block Potion"},{"floor":28,"key":"Fire Potion"},{"floor":35,"key":"Weak Potion"},{"floor":36,"key":"Ancient Potion"},{"floor":47,"key":"Fire Potion"}],"is_trial":false,"path_per_floor":["M","M","M","?","?","E","R","E","T","E","M","$","T","M","R","B",null,"M","M","?","M","?","E","$","E","T","M","M","$","E","M","R","B",null,"M","M","M","$","?","R","E","R","T","M","M","E","M","E","R","B"],"character_chosen":"IRONCLAD","items_purchased":["Unceasing Top","Ginger","Limit Break","Anger"],"campfire_rested":0,"item_purchase_floors":[12,12,29,38],"current_hp_per_floor":[80,80,80,85,85,65,65,43,43,32,38,38,38,44,44,19,85,85,84,84,85,85,72,72,74,74,80,85,85,85,85,85,85,85,84,91,94,94,96,96,99,99,99,101,103,108,108,113,113,105],"gold":306,"neow_bonus":"RANDOM_COMMON_RELIC","is_prod":false,"is_daily":false,"chose_seed":false,"campfire_upgraded":3,"win_rate":0,"timestamp":1531960188,"path_taken":["M","?","M","?","?","E","R","E","T","E","?","$","?","M","R","BOSS","M","M","?","?","?","E","?","E","T","M","?","$","E","M","R","BOSS","M","M","M","$","?","R","E","R","T","?","M","E","M","E","R","BOSS"],"build_version":"2018-07-12","purchased_purges":3,"victory":true,"max_hp_per_floor":[80,80,80,85,85,85,85,85,85,85,85,85,85,85,85,85,85,85,85,85,85,85,85,85,85,85,85,85,85,85,85,85,85,85,88,91,94,94,97,97,99,99,99,101,103,108,108,113,113,113],"card_choices":[{"not_picked":["Twin Strike","Seeing Red"],"picked":"Clash","floor":1},{"not_picked":["Rupture","Clothesline"],"picked":"Clash","floor":2},{"not_picked":["Shockwave","Bloodletting"],"picked":"Clash","floor":3},{"not_picked":["Burning Pact","Metallicize"],"picked":"Offering","floor":6},{"not_picked":["Dropkick","Bloodletting"],"picked":"Armaments","floor":8},{"not_picked":["Hemokinesis","Juggernaut"],"picked":"Anger","floor":10},{"not_picked":["Hemokinesis","Blood for Blood"],"picked":"Body Slam","floor":11},{"not_picked":["Body Slam","Corruption"],"picked":"Flex","floor":14},{"not_picked":["Demon Form","Berserk"],"picked":"Fiend Fire","floor":16},{"not_picked":["Iron Wave","Sever Soul+1","Second Wind"],"picked":"SKIP","floor":18},{"not_picked":["Dropkick","Flame Barrier","Power Through"],"picked":"SKIP","floor":19},{"not_picked":["Clothesline","Headbutt","Pommel Strike"],"picked":"SKIP","floor":21},{"not_picked":["Burning Pact","Warcry","Battle Trance"],"picked":"SKIP","floor":23},{"not_picked":["Perfected Strike+1","Iron Wave","Blood for Blood+1"],"picked":"SKIP","floor":25},{"not_picked":["Intimidate","Combust+1"],"picked":"Limit Break","floor":27},{"not_picked":["Searing Blow","Second Wind+1"],"picked":"Intimidate","floor":28},{"not_picked":["Body Slam","Combust+1","Whirlwind"],"picked":"SKIP","floor":30},{"not_picked":["Sword Boomerang","Warcry","Sever Soul"],"picked":"SKIP","floor":31},{"not_picked":["Brutality","Double Tap"],"picked":"Feed","floor":33},{"not_picked":[],"picked":"Warcry+1","floor":35},{"not_picked":[],"picked":"Anger+1","floor":36},{"not_picked":["Body Slam"],"picked":"SKIP","floor":37},{"not_picked":["Wild Strike+1"],"picked":"Singing Bowl","floor":41},{"not_picked":["Havoc"],"picked":"Singing Bowl","floor":44},{"not_picked":["Pommel Strike"],"picked":"Singing Bowl","floor":45},{"not_picked":["Headbutt+1"],"picked":"Singing Bowl","floor":46},{"not_picked":[],"picked":"Flex+1","floor":47},{"not_picked":["Feel No Pain+1"],"picked":"Singing Bowl","floor":48}],"player_experience":167043,"relics_obtained":[{"floor":6,"key":"Old Coin"},{"floor":8,"key":"Mummified Hand"},{"floor":9,"key":"Ornamental Fan"},{"floor":10,"key":"Pen Nib"},{"floor":13,"key":"Mercury Hourglass"},{"floor":23,"key":"Ancient Tea Set"},{"floor":25,"key":"Gambling Chip"},{"floor":26,"key":"Bottled Lightning"},{"floor":30,"key":"Dodecahedron"},{"floor":39,"key":"Shovel"},{"floor":40,"key":"Tiny Chest"},{"floor":41,"key":"Singing Bowl"},{"floor":42,"key":"Boot"},{"floor":43,"key":"Vajra"},{"floor":46,"key":"Oddly Smooth Stone"},{"floor":48,"key":"The Courier"},{"floor":49,"key":"Blood Vial"}],"event_choices":[{"event_name":"Big Fish","player_choice":"Donut","floor":4,"damage_taken":0},{"event_name":"Liars Game","player_choice":"agreed","floor":5,"damage_taken":0},{"event_name":"The Library","player_choice":"Read","floor":20,"damage_taken":0},{"event_name":"Addict","player_choice":"Obtained Relic","floor":22,"damage_taken":0},{"event_name":"MindBloom","player_choice":"Fight","floor":39,"damage_taken":0}],"boss_relics":[{"not_picked":["Eternal Feather","Empty Cage"],"picked":"Coffee Dripper"},{"not_picked":["Astrolabe","Velvet Choker"],"picked":"Busted Crown"}],"items_purged_floors":[12,24,38],"is_endless":false,"potions_floor_spawned":[2,8,10,11,19,21,25,28,30,35,36,46,47],"ascension_level":2}