{"gold_per_floor":[99,99,99,99,99,99,99,99,99,99,99,99,50,2,2,2,2,0,0,0,0],"floor_reached":21,"playtime":1530,"items_purged":[],"score":208,"play_id":"8b25a0ea-c017-4e9b-8afa-6cd49b040176","local_time":"20180702142807","is_ascension_mode":true,"campfire_choices":[{"data":"Outmaneuver","floor":6,"key":"SMITH"},{"floor":15,"key":"REST"}],"neow_cost":"NONE","seed_source_timestamp":236217423577448,"circlet_count":0,"master_deck":["Defend_G","Defend_G","Defend_G","Defend_G","Strike_G","Strike_G","Strike_G","Strike_G","Strike_G","Survivor","Neutralize","Backflip","Outmaneuver+1","Concentrate","Acrobatics","Predator","Dagger Throw","A Thousand Cuts"],"special_seed":17714,"relics":["Ectoplasm","Dodecahedron","Juzu Bracelet","Omamori","Happy Flower","Golden Idol","Philosopher\u0027s Stone"],"potions_floor_usage":[7,8,10,16,18,20],"damage_taken":[{"damage":3,"enemies":"Small Slimes","floor":1,"turns":5},{"damage":0,"enemies":"2 Louse","floor":3,"turns":3},{"damage":0,"enemies":"Cultist","floor":4,"turns":3},{"damage":0,"enemies":"Exordium Wildlife","floor":5,"turns":6},{"damage":18,"enemies":"3 Sentries","floor":7,"turns":12},{"damage":10,"enemies":"2 Fungi Beasts","floor":8,"turns":5},{"damage":28,"enemies":"Gremlin Nob","floor":10,"turns":4},{"damage":14,"enemies":"The Guardian","floor":16,"turns":15},{"damage":12,"enemies":"2 Thieves","floor":18,"turns":4},{"damage":14,"enemies":"Chosen","floor":20,"turns":4},{"damage":46,"enemies":"Snake Plant","floor":21,"turns":6}],"seed_played":"6282246652927996132","potions_obtained":[{"floor":5,"key":"SpeedPotion"},{"floor":7,"key":"SteroidPotion"},{"floor":8,"key":"Fire Potion"},{"floor":16,"key":"GhostInAJar"},{"floor":18,"key":"Poison Potion"}],"is_trial":false,"path_per_floor":["M","?","M","M","M","R","E","M","T","E","T","?","?","$","R","B",null,"M","?","M"],"character_chosen":"THE_SILENT","items_purchased":["Dexterity Potion"],"campfire_rested":1,"item_purchase_floors":[14],"current_hp_per_floor":[67,67,67,67,67,67,49,39,39,11,11,11,11,11,32,18,70,58,58,44,0],"gold":0,"neow_bonus":"BOSS_RELIC","is_prod":false,"is_daily":false,"chose_seed":false,"campfire_upgraded":1,"win_rate":0,"timestamp":1530559687,"path_taken":["M","?","M","?","M","R","E","M","T","E","?","?","?","?","R","BOSS","M","?","M","M"],"build_version":"2018-06-28","purchased_purges":0,"victory":false,"max_hp_per_floor":[70,70,70,70,70,70,70,70,70,70,70,70,70,70,70,70,70,70,70,70,70],"card_choices":[{"not_picked":["Underhanded Strike","Flying Knee"],"picked":"Backflip","floor":1},{"not_picked":["Predator","Backflip"],"picked":"Outmaneuver","floor":3},{"not_picked":["Riddle With Holes","Finisher"],"picked":"Concentrate","floor":4},{"not_picked":["Malaise","Caltrops","Choke"],"picked":"SKIP","floor":5},{"not_picked":["Expertise","Bane"],"picked":"Acrobatics","floor":7},{"not_picked":["Infinite Blades","Deflect"],"picked":"Predator","floor":8},{"not_picked":["Cloak And Dagger","Well Laid Plans"],"picked":"Dagger Throw","floor":10},{"not_picked":["After Image","Corpse Explosion"],"picked":"A Thousand Cuts","floor":16},{"not_picked":["Crippling Poison+1","Choke","Concentrate+1"],"picked":"SKIP","floor":18},{"not_picked":["Bane","Deflect","Sucker Punch"],"picked":"SKIP","floor":20}],"player_experience":133106,"relics_obtained":[{"floor":7,"key":"Dodecahedron"},{"floor":9,"key":"Juzu Bracelet"},{"floor":10,"key":"Omamori"},{"floor":11,"key":"Happy Flower"}],"event_choices":[{"event_name":"Living Wall","player_choice":"Forget","floor":2,"damage_taken":0},{"event_name":"Golden Idol","player_choice":"Take Wound","floor":12,"damage_taken":0},{"event_name":"World of Goop","player_choice":"Left","floor":13,"damage_taken":0},{"event_name":"Addict","player_choice":"Ignored","floor":19,"damage_taken":0}],"boss_relics":[{"not_picked":["Velvet Choker","White Beast Statue"],"picked":"Philosopher\u0027s Stone"}],"items_purged_floors":[],"is_endless":false,"potions_floor_spawned":[5,7,8,16,18],"killed_by":"Snake Plant","ascension_level":2}