{"gold_per_floor":[110,110,130,130,205,244,244,257,257,257,301,324,343,71,71,164,227,245,268,268,268,282,282,282],"floor_reached":24,"playtime":1220,"items_purged":[],"score":361,"play_id":"5866cd33-e4ef-441a-9e6a-e57566c65517","local_time":"20181011161658","is_ascension_mode":true,"campfire_choices":[{"data":"Glass Knife","floor":7,"key":"SMITH"},{"floor":10,"key":"REST"},{"data":"Footwork","floor":15,"key":"SMITH"},{"data":"Corpse Explosion","floor":23,"key":"SMITH"}],"neow_cost":"PERCENT_DAMAGE","seed_source_timestamp":89593894883247,"circlet_count":0,"master_deck":["Defend_G","Defend_G","Defend_G","Defend_G","Defend_G","Strike_G","Strike_G","Strike_G","Strike_G","Strike_G","Survivor","Neutralize","AscendersBane","Quick Slash","Backflip","Neutralize","Corpse Explosion+1","Glass Knife+1","PiercingWail","Escape Plan+1","All Out Attack","Footwork+1","Doppelganger","Night Terror","Deflect","Leg Sweep+1","Doubt","Die Die Die"],"special_seed":0,"relics":["Ring of the Snake","Golden Idol","Torii","Pantograph","Dream Catcher","Chemical X","Nloth\u0027s Gift"],"potions_floor_usage":[6,22,22,24],"damage_taken":[{"damage":7,"enemies":"Jaw Worm","floor":1,"turns":7},{"damage":0,"enemies":"Small Slimes","floor":3,"turns":3},{"damage":19,"enemies":"Lagavulin","floor":6,"turns":7},{"damage":0,"enemies":"Cultist","floor":8,"turns":3},{"damage":2,"enemies":"3 Sentries","floor":11,"turns":3},{"damage":0,"enemies":"Red Slaver","floor":12,"turns":3},{"damage":0,"enemies":"Looter","floor":13,"turns":2},{"damage":7,"enemies":"The Guardian","floor":16,"turns":13},{"damage":2,"enemies":"Shell Parasite","floor":18,"turns":8},{"damage":19,"enemies":"Spheric Guardian","floor":19,"turns":6},{"damage":13,"enemies":"Snake Plant","floor":22,"turns":7},{"damage":42,"enemies":"Gremlin Leader","floor":24,"turns":5}],"seed_played":"-8919262329675920906","potions_obtained":[{"floor":3,"key":"Block Potion"},{"floor":11,"key":"Weak Potion"},{"floor":12,"key":"Block Potion"},{"floor":22,"key":"Energy Potion"}],"is_trial":false,"path_per_floor":["M","?","M","?","?","E","R","M","T","R","E","M","M","$","R","B",null,"M","M","?","?","M","R"],"character_chosen":"THE_SILENT","items_purchased":["Chemical X","Doppelganger"],"campfire_rested":1,"item_purchase_floors":[14,14],"current_hp_per_floor":[43,43,43,43,32,13,13,13,13,34,32,32,32,32,32,50,71,69,50,50,50,37,37,0],"gold":282,"neow_bonus":"TWENTY_PERCENT_HP_BONUS","is_prod":false,"is_daily":false,"chose_seed":false,"campfire_upgraded":3,"win_rate":0,"timestamp":1539289018,"path_taken":["M","?","M","?","?","E","R","M","T","R","E","M","?","?","R","BOSS","M","M","?","?","M","R","E"],"build_version":"2018-10-04v2","purchased_purges":0,"victory":false,"max_hp_per_floor":[78,71,71,71,71,71,71,71,71,71,71,71,71,71,71,71,76,76,76,76,76,76,76,76],"card_choices":[{"not_picked":["Deflect","PiercingWail"],"picked":"Quick Slash","floor":1},{"not_picked":["Deflect","Prepared"],"picked":"Backflip","floor":3},{"not_picked":["Setup","Noxious Fumes"],"picked":"Glass Knife","floor":6},{"not_picked":["Deflect","Blur"],"picked":"PiercingWail","floor":8},{"not_picked":["Masterful Stab","Expertise"],"picked":"Escape Plan","floor":11},{"not_picked":["Deflect","Acrobatics"],"picked":"All Out Attack","floor":12},{"not_picked":["Slice","Concentrate"],"picked":"Footwork","floor":13},{"not_picked":["Burst","Unload"],"picked":"Night Terror","floor":16},{"not_picked":["Quick Slash","Infinite Blades"],"picked":"Deflect","floor":17},{"not_picked":["Acrobatics","Crippling Poison","Sucker Punch"],"picked":"SKIP","floor":18},{"not_picked":["Storm of Steel","Prepared"],"picked":"Leg Sweep+1","floor":19},{"not_picked":["Dagger Spray","Backstab"],"picked":"Die Die Die","floor":22}],"player_experience":853526,"relics_obtained":[{"floor":6,"key":"Torii"},{"floor":9,"key":"Pantograph"},{"floor":11,"key":"Dream Catcher"}],"event_choices":[{"event_name":"Golden Idol","player_choice":"Lose Max HP","floor":2,"damage_taken":0},{"event_name":"Match and Keep!","player_choice":"2 cards matched","floor":4,"damage_taken":0},{"event_name":"World of Goop","player_choice":"Gather Gold","floor":5,"damage_taken":0},{"event_name":"Match and Keep!","player_choice":"1 cards matched","floor":20,"damage_taken":0},{"event_name":"N\u0027loth","player_choice":"Traded a Tiny House","floor":21,"damage_taken":0}],"is_beta":false,"boss_relics":[{"not_picked":["Empty Cage","Lizard Tail"],"picked":"Tiny House"}],"items_purged_floors":[],"is_endless":false,"potions_floor_spawned":[3,11,12,22],"killed_by":"Gremlin Leader","ascension_level":15}