{"gold_per_floor":[119,17,192,206,131,158,178,178,202,213,225,225,240,140,140,237,237,249,171,185,211,136,136,147,147,202,202,220,234,249,249,249,354,354,364,364,379,391,407,407,425,445,445,445],"floor_reached":44,"playtime":1243,"items_purged":["Strike_R","Doubt"],"score":466,"play_id":"59ee03b5-bf40-4520-8e17-3ad5e6efa6a1","local_time":"20180821190527","is_ascension_mode":false,"campfire_choices":[{"data":"Mind Blast","floor":8,"key":"SMITH"},{"data":"Whirlwind","floor":12,"key":"SMITH"},{"data":"Flex","floor":15,"key":"SMITH"},{"data":"Whirlwind","floor":23,"key":"SMITH"},{"data":"Limit Break","floor":25,"key":"SMITH"},{"data":"Flex","floor":27,"key":"SMITH"},{"floor":32,"key":"REST"},{"floor":40,"key":"REST"}],"neow_cost":"NONE","seed_source_timestamp":107148062797044,"circlet_count":0,"master_deck":["Strike_R","Strike_R","Strike_R","Defend_R+1","Defend_R","Defend_R+1","Defend_R","Bash+1","Mind Blast+1","Whirlwind+1","Flex+1","Flex+1","Pommel Strike","Pommel Strike","Clash","Limit Break+1","Warcry+1","Whirlwind+1","Clash","Rage+1","Feed","Clash","Headbutt","Clash","Ghostly Armor","Demon Form","Metallicize","PanicButton","Metallicize","Whirlwind","Clothesline+1","Warcry+1","Ghostly Armor","Berserk"],"relics":["Black Blood","Anchor","Dream Catcher","Red Mask","Tiny Chest","War Paint","Fusion Hammer","Question Card"],"potions_floor_usage":[6,6,10,16,30,30,38],"damage_taken":[{"damage":6,"enemies":"Cultist","floor":1,"turns":3},{"damage":5,"enemies":"Small Slimes","floor":4,"turns":4},{"damage":0,"enemies":"3 Sentries","floor":6,"turns":1},{"damage":7,"enemies":"Jaw Worm","floor":7,"turns":3},{"damage":4,"enemies":"Large Slime","floor":10,"turns":6},{"damage":0,"enemies":"3 Louse","floor":11,"turns":3},{"damage":0,"enemies":"Exordium Wildlife","floor":13,"turns":1},{"damage":58,"enemies":"Hexaghost","floor":16,"turns":7},{"damage":20,"enemies":"2 Thieves","floor":18,"turns":3},{"damage":25,"enemies":"Shell Parasite","floor":20,"turns":4},{"damage":0,"floor":21,"turns":2},{"damage":20,"enemies":"Shelled Parasite and Fungi","floor":24,"turns":3},{"damage":23,"enemies":"Centurion and Healer","floor":28,"turns":4},{"damage":12,"enemies":"Sentry and Sphere","floor":29,"turns":4},{"damage":24,"enemies":"Shelled Parasite and Fungi","floor":30,"turns":5},{"damage":7,"enemies":"Champ","floor":33,"turns":8},{"damage":14,"enemies":"Flame Bruiser 1 Orb","floor":35,"turns":7},{"damage":9,"enemies":"3 Shapes","floor":37,"turns":5},{"damage":40,"enemies":"Maw","floor":38,"turns":7},{"damage":7,"enemies":"Sphere and 2 Shapes","floor":39,"turns":4},{"damage":19,"enemies":"Flame Bruiser 2 Orb","floor":41,"turns":4},{"damage":46,"enemies":"Maw","floor":42,"turns":7},{"damage":29,"enemies":"Spire Growth","floor":44,"turns":2}],"seed_played":"4720792771511406652","potions_obtained":[{"floor":1,"key":"AttackPotion"},{"floor":4,"key":"Explosive Potion"},{"floor":7,"key":"AttackPotion"},{"floor":13,"key":"Strength Potion"},{"floor":20,"key":"Dexterity Potion"},{"floor":24,"key":"SkillPotion"},{"floor":33,"key":"Swift Potion"}],"is_trial":false,"path_per_floor":["M","$","?","M","$","E","M","R","T","M","M","R","M","$","R","B",null,"M","$","M","?","?","R","M","R","T","R","M","M","M","?","R","B",null,"M","?","M","M","M","R","M","M","T"],"character_chosen":"IRONCLAD","items_purchased":["Mind Blast","Whirlwind"],"campfire_rested":2,"item_purchase_floors":[2,19],"current_hp_per_floor":[80,80,80,80,80,80,79,79,79,80,80,80,80,80,80,28,80,70,70,55,65,65,65,55,55,55,55,42,40,26,26,50,53,80,76,76,77,47,50,74,65,29,29,0],"gold":445,"neow_bonus":"UPGRADE_CARD","is_prod":false,"is_daily":false,"chose_seed":false,"campfire_upgraded":6,"win_rate":0,"timestamp":1534892727,"path_taken":["M","?","?","M","$","E","M","R","T","M","M","R","M","$","R","BOSS","M","$","M","?","?","R","?","R","T","R","M","M","M","?","R","BOSS","M","?","M","M","M","R","M","M","T","M"],"build_version":"2018-08-16","purchased_purges":2,"victory":false,"max_hp_per_floor":[80,80,80,80,80,80,80,80,80,80,80,80,80,80,80,80,80,80,80,80,80,80,80,80,80,80,80,80,80,80,80,80,80,80,80,80,80,80,80,80,80,80,80,80],"card_choices":[{"not_picked":["Entrench","Perfected Strike","Power Through"],"picked":"SKIP","floor":1},{"not_picked":["Warcry","Headbutt"],"picked":"Whirlwind","floor":4},{"not_picked":["Intimidate","Pommel Strike"],"picked":"Flex","floor":6},{"not_picked":["Twin Strike","Body Slam"],"picked":"Flex","floor":7},{"not_picked":["True Grit","Evolve"],"picked":"Pommel Strike","floor":10},{"not_picked":["Searing Blow","Power Through"],"picked":"Pommel Strike","floor":11},{"not_picked":["Entrench","Twin Strike"],"picked":"Clash","floor":13},{"not_picked":["Berserk","Exhume"],"picked":"Limit Break","floor":16},{"not_picked":["Heavy Blade","Armaments"],"picked":"Warcry+1","floor":18},{"not_picked":["Thunderclap","Heavy Blade"],"picked":"Clash","floor":20},{"not_picked":["Armaments","Second Wind"],"picked":"Rage+1","floor":21},{"not_picked":["Pummel","Second Wind"],"picked":"Feed","floor":24},{"not_picked":["Shrug It Off","Flex"],"picked":"Clash","floor":28},{"not_picked":["Iron Wave","Perfected Strike"],"picked":"Headbutt","floor":29},{"not_picked":["Corruption","Iron Wave"],"picked":"Clash","floor":30},{"not_picked":["Perfected Strike","Iron Wave"],"picked":"Ghostly Armor","floor":32},{"not_picked":["Dark Embrace","Juggernaut"],"picked":"Demon Form","floor":33},{"not_picked":["Armaments","Iron Wave+1"],"picked":"Metallicize","floor":35},{"not_picked":["Deep Breath","Jack Of All Trades"],"picked":"PanicButton","floor":36},{"not_picked":["Second Wind","Headbutt+1"],"picked":"Metallicize","floor":37},{"not_picked":["Thunderclap","Spot Weakness"],"picked":"Whirlwind","floor":38},{"not_picked":["Inflame+1","True Grit+1"],"picked":"Clothesline+1","floor":39},{"not_picked":["Clash+1","Iron Wave+1"],"picked":"Warcry+1","floor":40},{"not_picked":["Anger+1","Armaments"],"picked":"Ghostly Armor","floor":41},{"not_picked":["Inflame","Iron Wave+1"],"picked":"Berserk","floor":42}],"player_experience":528937,"relics_obtained":[{"floor":6,"key":"Anchor"},{"floor":9,"key":"Dream Catcher"},{"floor":21,"key":"Red Mask"},{"floor":26,"key":"Tiny Chest"},{"floor":43,"key":"Question Card"}],"event_choices":[{"event_name":"Liars Game","player_choice":"agreed","floor":3,"damage_taken":0},{"event_name":"Masked Bandits","player_choice":"Fought Bandits","floor":21,"damage_taken":0},{"event_name":"Beggar","player_choice":"Gave Gold","floor":22,"damage_taken":0},{"event_name":"Wheel of Change","player_choice":"Relic","floor":31,"damage_taken":0},{"event_name":"SensoryStone","player_choice":"Memory 1","floor":36,"damage_taken":0}],"is_beta":false,"boss_relics":[{"not_picked":["Coffee Dripper","Runic Pyramid"],"picked":"Black Blood"},{"not_picked":["Empty Cage","Black Star"],"picked":"Fusion Hammer"}],"items_purged_floors":[5,14],"is_endless":false,"potions_floor_spawned":[1,4,7,13,20,24,33],"killed_by":"Spire Growth","ascension_level":0}