{"gold_per_floor":[18,35,50,50,62,62,79,79,156,156,231,260,287,307,307,380,380,399,399,126,72,83,83,117,147,201,201,217,236,236,255,255,329,329,339,339,439,166,181,181],"floor_reached":40,"playtime":2036,"items_purged":["Strike_B","Strike_B"],"score":1062,"play_id":"11f31c7b-f35a-49bf-a811-1aa3f1f5d968","local_time":"20181118214402","is_ascension_mode":true,"campfire_choices":[{"data":"Zap","floor":6.0,"key":"SMITH"},{"data":"Capacitor","floor":8.0,"key":"SMITH"},{"data":"Dualcast","floor":10.0,"key":"SMITH"},{"data":"Darkness","floor":15.0,"key":"SMITH"},{"floor":23.0,"key":"REST"},{"floor":27,"key":"REST"},{"floor":30,"key":"REST"},{"floor":32,"key":"REST"}],"neow_cost":"NO_GOLD","seed_source_timestamp":379204965252397,"circlet_count":0,"master_deck":["AscendersBane","Strike_B","Strike_B","Defend_B","Defend_B","Defend_B","Defend_B","Zap+1","Dualcast+1","Ball Lightning","Glacier","Capacitor+1","Conserve Battery","Glacier","Hologram","Darkness+1","Fission","Hologram","Capacitor+1","Panache","Compile Driver","Consume","Hologram","Steam+1","Redo+1","Fission","Meteor Strike","Recycle","Blind","Apotheosis","Tempest+1"],"special_seed":0,"relics":["Cracked Core","FossilizedHelix","Cables","Calipers","Art of War","Fusion Hammer","Red Mask","Juzu Bracelet","Inserter","Shovel","Centennial Puzzle"],"potions_floor_usage":[25,29,33,40],"damage_taken":[{"damage":2.0,"enemies":"Jaw Worm","floor":1.0,"turns":4.0},{"damage":9.0,"enemies":"Small Slimes","floor":2.0,"turns":4.0},{"damage":0.0,"enemies":"Cultist","floor":3.0,"turns":3.0},{"damage":6.0,"enemies":"Looter","floor":5.0,"turns":3.0},{"damage":0.0,"enemies":"3 Louse","floor":7.0,"turns":4.0},{"damage":6.0,"enemies":"Lagavulin","floor":12.0,"turns":9.0},{"damage":0.0,"enemies":"Large Slime","floor":14.0,"turns":6.0},{"damage":0.0,"enemies":"The Guardian","floor":16.0,"turns":12.0},{"damage":0.0,"enemies":"Chosen","floor":18.0,"turns":5.0},{"damage":13.0,"enemies":"3 Byrds","floor":22.0,"turns":5.0},{"damage":0.0,"enemies":"Masked Bandits","floor":24.0,"turns":4.0},{"damage":55,"enemies":"Slavers","floor":25,"turns":9},{"damage":33,"enemies":"3 Cultists","floor":28,"turns":7},{"damage":2,"enemies":"Snake Plant","floor":29,"turns":4},{"damage":0,"enemies":"Cultist and Chosen","floor":31,"turns":10},{"damage":0,"enemies":"Automaton","floor":33,"turns":12},{"damage":5,"enemies":"3 Darklings","floor":35,"turns":7},{"damage":20,"enemies":"Mind Bloom Boss Battle","floor":37,"turns":8},{"damage":0,"enemies":"3 Shapes","floor":39,"turns":5},{"damage":43,"enemies":"Reptomancer","floor":40,"turns":2}],"seed_played":"910865232387407078","potions_obtained":[{"floor":2.0,"key":"Swift Potion"},{"floor":3.0,"key":"Ancient Potion"},{"floor":7.0,"key":"PowerPotion"},{"floor":18.0,"key":"FocusPotion"},{"floor":28,"key":"Regen Potion"},{"floor":29,"key":"SkillPotion"},{"floor":31,"key":"FocusPotion"},{"floor":33,"key":"Regen Potion"}],"is_trial":false,"path_per_floor":["M","M","M","$","M","R","M","R","T","R","?","E","T","M","R","B",null,"M","?","$","$","M","R","?","E","T","R","M","M","R","M","R","B",null,"M","?","?","$","M","E"],"character_chosen":"DEFECT","items_purchased":["Panache","Compile Driver","Centennial Puzzle"],"campfire_rested":4,"item_purchase_floors":[20,21,38],"current_hp_per_floor":[62,53,53,53,47,47,47,47,47,47,36,30,30,30,30,30,61,61,61,61,61,48,69,69,14,14,35,2,12,33,33,54,54,67,62,52,32,32,32,0],"gold":181,"neow_bonus":"ONE_RARE_RELIC","is_prod":false,"is_daily":false,"chose_seed":false,"campfire_upgraded":4,"win_rate":0,"timestamp":1542595442,"path_taken":["M","M","M","$","M","R","M","R","T","R","?","E","?","M","R","BOSS","M","?","?","$","M","R","?","E","T","R","M","M","R","M","R","BOSS","M","?","?","$","M","E"],"build_version":"2018-11-15","purchased_purges":2,"victory":false,"max_hp_per_floor":[71,71,71,71,71,71,71,71,71,71,71,71,71,71,71,71,71,71,71,71,71,71,71,71,71,71,71,71,71,71,71,71,71,71,71,71,71,71,71,71],"card_choices":[{"not_picked":["Barrage","Rip and Tear"],"picked":"Ball Lightning","floor":1.0},{"not_picked":["Leap","Ball Lightning"],"picked":"Glacier","floor":2.0},{"not_picked":["Tempest","Barrage"],"picked":"Capacitor","floor":3.0},{"not_picked":["Redo","Steam"],"picked":"Conserve Battery","floor":5.0},{"not_picked":["Undo","Redo"],"picked":"Glacier","floor":7.0},{"not_picked":["Cold Snap","Aggregate"],"picked":"Hologram","floor":12.0},{"not_picked":["Undo","Steam"],"picked":"Darkness","floor":14.0},{"not_picked":["Buffer","Thunder Strike"],"picked":"Fission","floor":16.0},{"not_picked":["Ball Lightning","Leap"],"picked":"Hologram","floor":18.0},{"not_picked":["Conserve Battery","Reprogram"],"picked":"Consume","floor":22.0},{"not_picked":["Conserve Battery","Heatsinks"],"picked":"Hologram","floor":24.0},{"not_picked":["Stack","Skim","Conserve Battery"],"picked":"SKIP","floor":25},{"not_picked":["Ball Lightning","Sweeping Beam+1"],"picked":"Steam+1","floor":28},{"not_picked":["Scrape","Leap"],"picked":"Redo+1","floor":29},{"not_picked":["Steam","BootSequence"],"picked":"Fission","floor":31},{"not_picked":["Seek","Electrodynamics"],"picked":"Meteor Strike","floor":33},{"not_picked":["Auto Shields+1","Static Discharge"],"picked":"Recycle","floor":35},{"not_picked":["Chrysalis","Dramatic Entrance"],"picked":"Blind","floor":36},{"not_picked":["Dramatic Entrance","Secret Technique"],"picked":"Apotheosis","floor":36},{"not_picked":["Ball Lightning","Hello World"],"picked":"Tempest+1","floor":37},{"not_picked":["Beam Cell","FTL","Go for the Eyes"],"picked":"SKIP","floor":39}],"player_experience":1104275,"relics_obtained":[{"floor":9.0,"key":"Cables"},{"floor":12.0,"key":"Calipers"},{"floor":13.0,"key":"Art of War"},{"floor":24.0,"key":"Red Mask"},{"floor":25,"key":"Juzu Bracelet"},{"floor":37,"key":"Shovel"}],"event_choices":[{"damage_healed":0.0,"max_hp_gain":0.0,"max_hp_loss":0.0,"gold_gain":75.0,"event_name":"World of Goop","player_choice":"Gather Gold","floor":11.0,"gold_loss":0.0,"damage_taken":11.0},{"damage_healed":0.0,"max_hp_gain":0.0,"max_hp_loss":0.0,"gold_gain":0.0,"event_name":"Duplicator","player_choice":"Copied","floor":19.0,"gold_loss":0.0,"damage_taken":0.0,"cards_obtained":["Capacitor"]},{"damage_healed":0.0,"max_hp_gain":0.0,"max_hp_loss":0.0,"gold_gain":0.0,"event_name":"Masked Bandits","player_choice":"Fought Bandits","floor":24.0,"gold_loss":0.0,"damage_taken":0.0},{"damage_healed":0,"gold_gain":0,"player_choice":"Memory 3","damage_taken":10,"max_hp_gain":0,"max_hp_loss":0,"event_name":"SensoryStone","floor":36,"gold_loss":0},{"damage_healed":0,"gold_gain":0,"player_choice":"Fight","damage_taken":0,"max_hp_gain":0,"max_hp_loss":0,"event_name":"MindBloom","floor":37,"gold_loss":0}],"is_beta":false,"boss_relics":[{"not_picked":["Velvet Choker","Runic Dome"],"picked":"Fusion Hammer"},{"not_picked":["Philosopher\u0027s Stone","Snecko Eye"],"picked":"Inserter"}],"items_purged_floors":[20,38],"is_endless":false,"potions_floor_spawned":[2,3,7,18,28,29,31,33],"killed_by":"Reptomancer","ascension_level":20}