{"gold_per_floor":[116,41,59,71,23,23,33,33,33,52,80,80,80,90,90,186,186,196,213,34,133,146,146,176,176,176,191,28,43,43,62,62,167,167,187,31,44,60,73,73,93,93,93,93,93,104,121,121,121,121],"floor_reached":51,"playtime":3874,"items_purged":["Strike_G","Strike_G","Strike_G"],"score":648,"play_id":"cf75448f-0807-44c8-80d7-a56824fa643b","local_time":"20190720231225","is_ascension_mode":false,"campfire_choices":[{"data":"Skewer","floor":6,"key":"SMITH"},{"data":"Noxious Fumes","floor":8,"key":"SMITH"},{"data":"Riddle With Holes","floor":15,"key":"SMITH"},{"floor":23,"key":"REST"},{"data":"Wraith Form v2","floor":30,"key":"SMITH"},{"data":"Well Laid Plans","floor":32,"key":"SMITH"},{"data":"Burst","floor":40,"key":"SMITH"},{"data":"Neutralize","floor":42,"key":"SMITH"},{"data":"Cloak And Dagger","floor":45,"key":"SMITH"},{"floor":49,"key":"REST"}],"neow_cost":"NONE","seed_source_timestamp":856385852798753,"circlet_count":0,"master_deck":["Strike_G","Strike_G","Defend_G","Defend_G","Defend_G","Defend_G","Defend_G+1","Survivor","Neutralize+1","Skewer+1","Noxious Fumes+1","PiercingWail+1","Sucker Punch","Bane","Cloak And Dagger+1","Wraith Form v2+1","Riddle With Holes+1","Burst+1","Footwork+1","Backstab+1","Injury","Well Laid Plans+1","Cloak And Dagger+1","Expertise+1","Dash+1","PiercingWail","Jack Of All Trades","Dodge and Roll+1"],"relics":["Ring of the Snake","NeowsBlessing","Vajra","Pear","Cursed Key","Shuriken","Dead Branch","WristBlade","Bag of Preparation"],"potions_floor_usage":[11,16,33,50,50],"damage_taken":[{"damage":0,"enemies":"Cultist","floor":1,"turns":1},{"damage":0,"enemies":"Small Slimes","floor":3,"turns":1},{"damage":0,"enemies":"2 Louse","floor":4,"turns":1},{"damage":1,"enemies":"2 Fungi Beasts","floor":7,"turns":4},{"damage":1,"enemies":"Exordium Thugs","floor":10,"turns":3},{"damage":27,"enemies":"3 Sentries","floor":11,"turns":6},{"damage":0,"enemies":"Lots of Slimes","floor":14,"turns":3},{"damage":17,"enemies":"The Guardian","floor":16,"turns":12},{"damage":8,"enemies":"3 Byrds","floor":18,"turns":5},{"damage":6,"enemies":"Shell Parasite","floor":19,"turns":5},{"damage":25,"enemies":"Shelled Parasite and Fungi","floor":22,"turns":8},{"damage":8,"enemies":"Gremlin Leader","floor":24,"turns":9},{"damage":2,"enemies":"Sentry and Sphere","floor":27,"turns":4},{"damage":3,"enemies":"3 Cultists","floor":29,"turns":5},{"damage":0,"enemies":"Snake Plant","floor":31,"turns":4},{"damage":6,"enemies":"Collector","floor":33,"turns":9},{"damage":1,"enemies":"3 Darklings","floor":35,"turns":4},{"damage":0,"enemies":"3 Shapes","floor":37,"turns":4},{"damage":0,"enemies":"3 Darklings","floor":38,"turns":7},{"damage":15,"enemies":"Writhing Mass","floor":39,"turns":5},{"damage":0,"enemies":"4 Shapes","floor":41,"turns":5},{"damage":0,"enemies":"Spire Growth","floor":46,"turns":3},{"damage":0,"enemies":"Maw","floor":47,"turns":6},{"damage":19,"enemies":"Donu and Deca","floor":50,"turns":7}],"seed_played":"-6328388921748326341","potions_obtained":[{"floor":4,"key":"Strength Potion"},{"floor":10,"key":"Energy Potion"},{"floor":14,"key":"EssenceOfSteel"},{"floor":19,"key":"SteroidPotion"},{"floor":22,"key":"LiquidBronze"},{"floor":27,"key":"Ancient Potion"},{"floor":33,"key":"GamblersBrew"},{"floor":35,"key":"Block Potion"},{"floor":39,"key":"SpeedPotion"},{"floor":47,"key":"Strength Potion"}],"is_trial":false,"path_per_floor":["M","$","M","M","$","R","M","R","T","M","E","?","?","M","R","B",null,"M","M","$","?","M","R","E","?","T","M","$","M","R","M","R","B",null,"M","$","M","M","M","R","M","R","T","?","R","M","M","T","R","B",null],"character_chosen":"THE_SILENT","items_purchased":["Sucker Punch","Footwork","Well Laid Plans","Bag of Preparation"],"campfire_rested":2,"item_purchase_floors":[5,20,28,36],"current_hp_per_floor":[70,70,70,70,70,70,69,69,69,68,51,56,39,39,39,22,85,77,71,71,71,46,71,63,63,63,61,61,58,58,58,58,52,85,84,84,84,84,69,69,69,69,69,69,69,69,69,69,85,66],"gold":121,"neow_bonus":"THREE_ENEMY_KILL","is_prod":false,"is_daily":false,"chose_seed":false,"campfire_upgraded":8,"win_rate":0,"timestamp":1563678745,"path_taken":["M","$","M","?","$","R","M","R","T","M","E","?","?","M","R","BOSS","M","M","$","?","M","R","E","?","T","M","$","?","R","M","R","BOSS","M","$","M","?","M","R","M","R","T","?","R","M","M","?","R","BOSS"],"build_version":"2019-07-17","purchased_purges":3,"victory":true,"max_hp_per_floor":[70,70,70,70,70,70,70,70,70,70,80,85,85,85,85,85,85,85,85,85,85,85,85,85,85,85,85,85,85,85,85,85,85,85,85,85,85,85,85,85,85,85,85,85,85,85,85,85,85,85],"card_choices":[{"not_picked":["Blade Dance","Poisoned Stab"],"picked":"Skewer","floor":1},{"not_picked":["Eviscerate","Footwork"],"picked":"Noxious Fumes","floor":3},{"not_picked":["Deadly Poison","Dodge and Roll"],"picked":"PiercingWail","floor":4},{"not_picked":["Blade Dance","Underhanded Strike"],"picked":"Bane","floor":7},{"not_picked":["Quick Slash","Dagger Throw"],"picked":"Cloak And Dagger","floor":10},{"not_picked":["Backflip","Expertise"],"picked":"Wraith Form v2","floor":11},{"not_picked":["Underhanded Strike","Dagger Spray"],"picked":"Riddle With Holes","floor":14},{"not_picked":["Venomology","Envenom"],"picked":"Burst","floor":16},{"not_picked":["Slice","All Out Attack","Heel Hook"],"picked":"SKIP","floor":18},{"not_picked":["Riddle With Holes","All Out Attack","Quick Slash"],"picked":"SKIP","floor":19},{"not_picked":["Poisoned Stab","Blade Dance","Deadly Poison"],"picked":"SKIP","floor":22},{"not_picked":["Wraith Form v2","Finisher"],"picked":"Backstab+1","floor":24},{"not_picked":["Endless Agony+1","Slice","Poisoned Stab"],"picked":"SKIP","floor":27},{"not_picked":["Endless Agony+1","Slice","Poisoned Stab"],"picked":"SKIP","floor":27},{"not_picked":["Masterful Stab+1","Poisoned Stab","Underhanded Strike"],"picked":"SKIP","floor":29},{"not_picked":["Deflect","Skewer+1"],"picked":"Cloak And Dagger+1","floor":31},{"not_picked":["Poisoned Stab","Acrobatics"],"picked":"Expertise+1","floor":35},{"not_picked":["Flying Knee","Predator","Slice"],"picked":"SKIP","floor":37},{"not_picked":["Slice+1","Dodge and Roll"],"picked":"Dash+1","floor":38},{"not_picked":["Deadly Poison","Skewer"],"picked":"PiercingWail","floor":39},{"not_picked":["All Out Attack","Dagger Spray","Expertise+1"],"picked":"SKIP","floor":41},{"not_picked":["Metamorphosis","Bandage Up"],"picked":"Jack Of All Trades","floor":44},{"not_picked":["Tactician","Terror"],"picked":"Dodge and Roll+1","floor":46},{"not_picked":["Deflect","Noxious Fumes","Dagger Spray"],"picked":"SKIP","floor":47}],"player_experience":4062318,"relics_obtained":[{"floor":9,"key":"Vajra"},{"floor":11,"key":"Pear"},{"floor":24,"key":"Shuriken"},{"floor":26,"key":"Dead Branch"}],"event_choices":[{"damage_healed":0,"gold_gain":0,"player_choice":"Donut","damage_taken":0,"max_hp_gain":5,"max_hp_loss":0,"event_name":"Big Fish","floor":12,"gold_loss":0},{"damage_healed":0,"gold_gain":0,"player_choice":"Entered Light","damage_taken":17,"max_hp_gain":0,"max_hp_loss":0,"event_name":"Shining Light","floor":13,"gold_loss":0,"cards_upgraded":["PiercingWail","Defend_G"]},{"damage_healed":0,"gold_gain":99,"player_choice":"Stole From Cult","damage_taken":0,"max_hp_gain":0,"max_hp_loss":0,"event_name":"Nest","floor":21,"gold_loss":0},{"damage_healed":0,"gold_gain":0,"player_choice":"Forge","damage_taken":0,"max_hp_gain":0,"max_hp_loss":0,"event_name":"Accursed Blacksmith","floor":25,"gold_loss":0,"cards_upgraded":["Footwork"]},{"damage_healed":0,"gold_gain":0,"player_choice":"Memory 1","damage_taken":0,"max_hp_gain":0,"max_hp_loss":0,"event_name":"SensoryStone","floor":44,"gold_loss":0}],"is_beta":false,"boss_relics":[{"not_picked":["Orrery","Ectoplasm"],"picked":"Cursed Key"},{"not_picked":["Velvet Choker","HoveringKite"],"picked":"WristBlade"}],"items_purged_floors":[2,20,28],"is_endless":false,"potions_floor_spawned":[4,10,14,19,22,27,33,35,39,46,47],"ascension_level":0}