{"gold_per_floor":[11,27,41,55,130,130,156,42,42,52,87,87,87],"floor_reached":13,"playtime":530,"items_purged":["Strike_R"],"score":191,"play_id":"aedb910d-ee25-4b98-83d2-59512136adea","local_time":"20181018210902","is_ascension_mode":true,"campfire_choices":[{"data":"Armaments","floor":6,"key":"SMITH"},{"data":"Double Tap","floor":12,"key":"SMITH"}],"neow_cost":"NO_GOLD","seed_source_timestamp":3720333873260,"circlet_count":0,"master_deck":["Strike_R","Strike_R","Strike_R","Strike_R","Defend_R","Defend_R","Defend_R","Defend_R","Bash","AscendersBane","Feed","Shockwave","Armaments+1","Body Slam","Pommel Strike","Double Tap+1","Ghostly Armor","Body Slam"],"relics":["Burning Blood","Boot","PreservedInsect","Singing Bowl"],"potions_floor_usage":[4,10,11],"damage_taken":[{"damage":5,"enemies":"Cultist","floor":1,"turns":5},{"damage":9,"enemies":"Jaw Worm","floor":2,"turns":5},{"damage":0,"enemies":"2 Louse","floor":3,"turns":3},{"damage":12,"enemies":"Blue Slaver","floor":4,"turns":5},{"damage":27,"enemies":"Gremlin Nob","floor":7,"turns":4},{"damage":21,"enemies":"Exordium Thugs","floor":10,"turns":9},{"damage":35,"enemies":"3 Sentries","floor":11,"turns":9},{"damage":14,"enemies":"Lagavulin","floor":13,"turns":5}],"seed_played":"-5981502769418237834","potions_obtained":[{"floor":3,"key":"AttackPotion"},{"floor":7,"key":"Swift Potion"},{"floor":10,"key":"GamblersBrew"}],"is_trial":false,"path_per_floor":["M","M","M","M","?","R","E","$","T","M","E","R"],"character_chosen":"IRONCLAD","items_purchased":["Ghostly Armor"],"campfire_rested":0,"item_purchase_floors":[8],"current_hp_per_floor":[69,69,78,75,64,64,47,47,47,36,12,12,0],"gold":87,"neow_bonus":"THREE_RARE_CARDS","is_prod":false,"is_daily":false,"chose_seed":false,"campfire_upgraded":2,"win_rate":0,"timestamp":1539911342,"path_taken":["M","M","M","?","?","R","E","$","T","M","E","R","E"],"build_version":"2018-10-11","purchased_purges":1,"victory":false,"max_hp_per_floor":[75,78,81,84,84,84,88,88,88,92,97,97,97],"card_choices":[{"not_picked":["Fiend Fire","Brutality"],"picked":"Feed","floor":0},{"not_picked":["Perfected Strike","Clothesline"],"picked":"Shockwave","floor":1},{"not_picked":["Iron Wave","Rupture"],"picked":"Armaments","floor":2},{"not_picked":["Thunderclap","Wild Strike"],"picked":"Body Slam","floor":3},{"not_picked":["Clothesline","Wild Strike"],"picked":"Pommel Strike","floor":4},{"not_picked":["Twin Strike","Burning Pact"],"picked":"Double Tap","floor":7},{"not_picked":["Cleave","Power Through"],"picked":"Body Slam","floor":10},{"not_picked":["Havoc","Blood for Blood","Flex"],"picked":"Singing Bowl","floor":11}],"player_experience":922600,"relics_obtained":[{"floor":7,"key":"Boot"},{"floor":9,"key":"PreservedInsect"},{"floor":11,"key":"Singing Bowl"}],"event_choices":[{"event_name":"World of Goop","player_choice":"Gather Gold","floor":5,"damage_taken":0}],"is_beta":false,"boss_relics":[],"items_purged_floors":[8],"is_endless":false,"potions_floor_spawned":[3,7,10],"killed_by":"Lagavulin","ascension_level":15}