{"gold_per_floor":[116,38,50,68,83,83,108,108,108,108,127,140,140,151,151,225,225,238,258,258,32,46,46,73,84,84,84,106,145,157],"floor_reached":30,"playtime":1449,"items_purged":[],"score":648,"play_id":"16528c3a-fff1-4cef-980f-279bb6183848","local_time":"20181023215514","is_ascension_mode":true,"campfire_choices":[{"data":"Neutralize","floor":6,"key":"SMITH"},{"data":"Noxious Fumes","floor":8,"key":"SMITH"},{"data":"Bouncing Flask","floor":10,"key":"SMITH"},{"data":"Cloak And Dagger","floor":13,"key":"SMITH"},{"data":"Deflect","floor":15,"key":"SMITH"},{"data":"Corpse Explosion","floor":23,"key":"SMITH"}],"neow_cost":"PERCENT_DAMAGE","seed_source_timestamp":437613080064478,"circlet_count":0,"master_deck":["Defend_G","Defend_G","Defend_G","Defend_G","Defend_G","Strike_G","Strike_G","Strike_G","Strike_G","Strike_G","Survivor","Neutralize+1","AscendersBane","Bouncing Flask+1","Infinite Blades","Quick Slash","Backflip","Infinite Blades","Noxious Fumes+1","Deflect+1","Cloak And Dagger+1","Flying Knee","Corpse Explosion+1","Finisher","Well Laid Plans","PiercingWail+1","Deflect","Ghostly","Ghostly","Ghostly","Ghostly","Ghostly","Backflip","Well Laid Plans","Catalyst","Writhe","Burst","Footwork"],"relics":["Ring of the Snake","Bird Faced Urn","Blood Vial","Potion Belt","Orrery","Medical Kit","The Courier","Bottled Tornado","MawBank","Molten Egg 2"],"potions_floor_usage":[5,7,29],"damage_taken":[{"damage":4,"enemies":"Cultist","floor":1,"turns":6},{"damage":2,"enemies":"Jaw Worm","floor":3,"turns":4},{"damage":8,"enemies":"Small Slimes","floor":4,"turns":3},{"damage":7,"enemies":"Exordium Thugs","floor":5,"turns":5},{"damage":15,"enemies":"3 Sentries","floor":7,"turns":10},{"damage":9,"enemies":"Red Slaver","floor":11,"turns":5},{"damage":0,"enemies":"Looter","floor":12,"turns":5},{"damage":2,"enemies":"3 Louse","floor":14,"turns":4},{"damage":29,"enemies":"The Guardian","floor":16,"turns":10},{"damage":25,"enemies":"Chosen","floor":18,"turns":4},{"damage":17,"enemies":"Shell Parasite","floor":19,"turns":7},{"damage":16,"enemies":"Cultist and Chosen","floor":22,"turns":7},{"damage":4,"enemies":"Gremlin Leader","floor":24,"turns":7},{"damage":3,"enemies":"3 Cultists","floor":25,"turns":5},{"damage":9,"enemies":"Centurion and Healer","floor":28,"turns":7},{"damage":35,"enemies":"Book of Stabbing","floor":29,"turns":6},{"damage":13,"enemies":"Snake Plant","floor":30,"turns":1}],"seed_played":"-2202900422072930929","potions_obtained":[{"floor":1,"key":"Ancient Potion"},{"floor":4,"key":"Explosive Potion"},{"floor":5,"key":"Fire Potion"},{"floor":25,"key":"PowerPotion"},{"floor":28,"key":"Ancient Potion"},{"floor":29,"key":"FearPotion"}],"is_trial":false,"path_per_floor":["M","$","M","M","M","R","E","R","T","R","M","M","R","M","R","B",null,"M","M","?","$","M","R","E","M","T","?","M","E"],"character_chosen":"THE_SILENT","items_purchased":["Infinite Blades","Medical Kit"],"campfire_rested":0,"item_purchase_floors":[2,21],"current_hp_per_floor":[40,40,40,34,29,29,16,16,16,16,15,21,21,23,23,2,50,33,26,26,26,16,16,22,27,27,27,28,4,0],"gold":157,"neow_bonus":"ONE_RARE_RELIC","is_prod":false,"is_daily":false,"chose_seed":false,"campfire_upgraded":6,"win_rate":0,"timestamp":1540346114,"path_taken":["M","$","?","?","M","R","E","R","T","R","M","M","R","M","R","BOSS","M","M","?","$","M","R","E","?","T","?","M","E","?"],"build_version":"2018-10-18","purchased_purges":0,"victory":false,"max_hp_per_floor":[66,66,66,66,66,66,66,66,66,66,66,66,66,66,66,66,66,66,66,33,33,33,33,33,33,33,33,33,33,33],"card_choices":[{"not_picked":["Deflect","Bane"],"picked":"Bouncing Flask","floor":1},{"not_picked":["Riddle With Holes","Bane"],"picked":"Quick Slash","floor":3},{"not_picked":["Blur","Poisoned Stab"],"picked":"Backflip","floor":4},{"not_picked":["Blade Dance","Skewer"],"picked":"Infinite Blades","floor":5},{"not_picked":["Poisoned Stab","Choke"],"picked":"Noxious Fumes","floor":7},{"not_picked":["Backflip","Quick Slash"],"picked":"Deflect","floor":11},{"not_picked":["Phantasmal Killer","Calculated Gamble"],"picked":"Cloak And Dagger","floor":12},{"not_picked":["Reflex","Underhanded Strike"],"picked":"Flying Knee","floor":14},{"not_picked":["Unload","Grand Finale"],"picked":"Corpse Explosion","floor":16},{"not_picked":["Flying Knee","Choke"],"picked":"Finisher","floor":17},{"not_picked":["Leg Sweep","Infinite Blades"],"picked":"Well Laid Plans","floor":17},{"not_picked":["Cloak And Dagger","Outmaneuver"],"picked":"PiercingWail+1","floor":18},{"not_picked":["Quick Slash+1","Flechettes"],"picked":"Deflect","floor":19},{"not_picked":["PiercingWail","Choke"],"picked":"Backflip","floor":22},{"not_picked":["Slice","Outmaneuver+1"],"picked":"Well Laid Plans","floor":24},{"not_picked":["Tactician","Dagger Spray+1"],"picked":"Catalyst","floor":25},{"not_picked":["Bane+1","Dodge and Roll"],"picked":"Burst","floor":28},{"not_picked":["Slice","Dodge and Roll"],"picked":"Footwork","floor":29}],"player_experience":966193,"relics_obtained":[{"floor":7,"key":"Blood Vial"},{"floor":9,"key":"Potion Belt"},{"floor":24,"key":"The Courier"},{"floor":26,"key":"Bottled Tornado"},{"floor":29,"key":"Molten Egg 2"}],"event_choices":[{"damage_healed":0,"gold_gain":0,"player_choice":"Became a Ghost","damage_taken":0,"max_hp_gain":0,"max_hp_loss":33,"event_name":"Ghosts","floor":20,"gold_loss":0,"cards_obtained":["Ghostly","Ghostly","Ghostly","Ghostly","Ghostly"]},{"damage_healed":0,"gold_gain":0,"player_choice":"Opened","damage_taken":0,"relics_obtained":["MawBank"],"max_hp_gain":0,"max_hp_loss":0,"event_name":"The Mausoleum","floor":27,"gold_loss":0,"cards_obtained":["Writhe"]}],"is_beta":false,"boss_relics":[{"not_picked":["Snecko Eye","Velvet Choker"],"picked":"Orrery"}],"items_purged_floors":[],"is_endless":false,"potions_floor_spawned":[1,4,5,25,28,29],"killed_by":"Snake Plant","ascension_level":20}