{"gold_per_floor":[212,9,9,25,35,65,65,81,81,81,99,126,126,126],"floor_reached":14,"playtime":817,"items_purged":[],"score":105,"play_id":"2446810e-0dc4-4a9c-a795-ae6422dd92df","local_time":"20190709164251","is_ascension_mode":true,"campfire_choices":[{"floor":7,"key":"RECALL"},{"floor":10,"key":"REST"}],"neow_cost":"NONE","seed_source_timestamp":303949427210677,"circlet_count":0,"master_deck":["Strike_R","Strike_R","Strike_R","Strike_R","Strike_R","Defend_R","Defend_R","Defend_R","Defend_R","Bash","Corruption","Sentinel","Twin Strike","Rupture","Feel No Pain","Combust","Immolate"],"relics":["Burning Blood","HandDrill","Matryoshka","Ancient Tea Set","Bronze Scales"],"potions_floor_usage":[6,14,14],"damage_taken":[{"damage":6,"enemies":"2 Louse","floor":1,"turns":3},{"damage":0,"enemies":"Jaw Worm","floor":4,"turns":5},{"damage":5,"enemies":"Small Slimes","floor":5,"turns":4},{"damage":37,"enemies":"Lagavulin","floor":6,"turns":6},{"damage":11,"enemies":"Blue Slaver","floor":8,"turns":5},{"damage":24,"enemies":"3 Louse","floor":11,"turns":4},{"damage":42,"enemies":"Gremlin Nob","floor":12,"turns":5},{"damage":14,"enemies":"Large Slime","floor":14,"turns":7}],"seed_played":"-4317174831053632880","potions_obtained":[{"floor":1,"key":"FearPotion"},{"floor":8,"key":"Swift Potion"},{"floor":12,"key":"EssenceOfSteel"}],"is_trial":false,"path_per_floor":["M","$","?","M","M","E","R","M","T","R","M","E","?","M"],"character_chosen":"IRONCLAD","items_purchased":["HandDrill"],"campfire_rested":1,"item_purchase_floors":[2],"current_hp_per_floor":[80,80,80,80,80,49,49,44,44,68,50,14,14,0],"gold":126,"neow_bonus":"HUNDRED_GOLD","is_prod":false,"is_daily":false,"chose_seed":false,"campfire_upgraded":0,"win_rate":0,"timestamp":1562715771,"path_taken":["M","$","?","M","M","E","R","M","T","R","M","E","?","M"],"build_version":"2019-07-05","purchased_purges":0,"victory":false,"max_hp_per_floor":[80,80,80,80,80,80,80,80,80,80,80,80,80,80],"card_choices":[{"not_picked":["Clash","Warcry"],"picked":"Corruption","floor":1},{"not_picked":["Blood for Blood","Sword Boomerang"],"picked":"Sentinel","floor":4},{"not_picked":["Armaments","Sever Soul"],"picked":"Twin Strike","floor":5},{"not_picked":["Fiend Fire","Uppercut"],"picked":"Rupture","floor":6},{"not_picked":["Perfected Strike","Carnage"],"picked":"Feel No Pain","floor":8},{"not_picked":["Whirlwind","Body Slam"],"picked":"Combust","floor":11},{"not_picked":["True Grit","Burning Pact"],"picked":"Immolate","floor":12}],"player_experience":246286,"relics_obtained":[{"floor":6,"key":"Matryoshka"},{"floor":9,"key":"Ancient Tea Set"},{"floor":12,"key":"Bronze Scales"}],"event_choices":[{"damage_healed":0,"gold_gain":0,"player_choice":"Ignored","damage_taken":0,"max_hp_gain":0,"max_hp_loss":0,"event_name":"Liars Game","floor":3,"gold_loss":0},{"damage_healed":0,"gold_gain":0,"player_choice":"Fled","damage_taken":0,"max_hp_gain":0,"max_hp_loss":0,"event_name":"Scrap Ooze","floor":13,"gold_loss":0}],"is_beta":false,"boss_relics":[],"items_purged_floors":[],"is_endless":false,"potions_floor_spawned":[1,8,12],"killed_by":"Large Slime","ascension_level":1}