{"gold_per_floor":[112,131,3,13,26,53,53,53,53,96,96,114,144,101,101,101],"floor_reached":16,"playtime":1510,"items_purged":["Regret"],"score":121,"play_id":"213636e2-e4ec-4d43-93f9-374789d44016","local_time":"20190427210758","is_ascension_mode":true,"campfire_choices":[{"data":"Cloak And Dagger","floor":7,"key":"SMITH"},{"floor":11,"key":"REST"},{"floor":15,"key":"REST"}],"neow_cost":"NONE","seed_source_timestamp":55396842181861,"circlet_count":0,"master_deck":["Defend_G","Defend_G","Defend_G","Defend_G","Defend_G","Strike_G","Strike_G","Strike_G","Strike_G","Strike_G","Survivor","Neutralize","Doubt","Clumsy","Cloak And Dagger+1","Backflip","Prepared","Acrobatics","Injury","Well Laid Plans"],"relics":["Calling Bell","Boot","Dodecahedron","Gambling Chip","Potion Belt","Golden Idol","Ancient Tea Set","Singing Bowl"],"potions_floor_usage":[6,6,10],"damage_taken":[{"damage":0,"enemies":"Cultist","floor":1,"turns":5},{"damage":0,"enemies":"2 Louse","floor":2,"turns":3},{"damage":0,"enemies":"Small Slimes","floor":4,"turns":3},{"damage":4,"enemies":"Exordium Wildlife","floor":5,"turns":7},{"damage":34,"enemies":"Gremlin Nob","floor":6,"turns":5},{"damage":14,"enemies":"3 Sentries","floor":10,"turns":11},{"damage":0,"enemies":"Exordium Thugs","floor":12,"turns":5},{"damage":62,"enemies":"The Guardian","floor":16,"turns":19}],"seed_played":"-1389316286693745249","potions_obtained":[{"floor":4,"key":"LiquidBronze"},{"floor":5,"key":"PowerPotion"},{"floor":6,"key":"GhostInAJar"}],"is_trial":false,"path_per_floor":["M","M","$","M","M","E","R","?","T","E","R","M","?","?","R","B"],"character_chosen":"THE_SILENT","items_purchased":["Backflip"],"campfire_rested":2,"item_purchase_floors":[3],"current_hp_per_floor":[70,70,70,70,66,32,32,32,32,20,41,41,41,41,62,0],"gold":101,"neow_bonus":"BOSS_RELIC","is_prod":false,"is_daily":false,"chose_seed":false,"campfire_upgraded":1,"win_rate":0,"timestamp":1556413678,"path_taken":["M","M","$","?","M","E","R","?","T","E","R","M","?","?","R","BOSS"],"build_version":"2019-01-23","purchased_purges":1,"victory":false,"max_hp_per_floor":[70,70,70,70,70,70,70,70,70,72,72,72,72,72,72,72],"card_choices":[{"not_picked":["Calculated Gamble","Outmaneuver","Eviscerate"],"picked":"SKIP","floor":1},{"not_picked":["Flechettes","Underhanded Strike"],"picked":"Cloak And Dagger","floor":2},{"not_picked":["Deadly Poison","Finisher","PiercingWail"],"picked":"SKIP","floor":4},{"not_picked":["Masterful Stab","Underhanded Strike"],"picked":"Prepared","floor":5},{"not_picked":["Blade Dance","Doppelganger"],"picked":"Acrobatics","floor":6},{"not_picked":["Dash","Outmaneuver","Underhanded Strike"],"picked":"Singing Bowl","floor":10},{"not_picked":["Slice","Bane"],"picked":"Well Laid Plans","floor":12}],"player_experience":174818,"relics_obtained":[{"floor":0,"key":"Boot"},{"floor":0,"key":"Dodecahedron"},{"floor":0,"key":"Gambling Chip"},{"floor":6,"key":"Potion Belt"},{"floor":9,"key":"Ancient Tea Set"},{"floor":10,"key":"Singing Bowl"}],"event_choices":[{"damage_healed":0,"gold_gain":0,"player_choice":"Take Wound","damage_taken":0,"relics_obtained":["Golden Idol"],"max_hp_gain":0,"max_hp_loss":0,"event_name":"Golden Idol","floor":8,"gold_loss":0,"cards_obtained":["Injury"]},{"damage_healed":0,"gold_gain":30,"player_choice":"Searched \u00271\u0027 times","damage_taken":0,"max_hp_gain":0,"max_hp_loss":0,"event_name":"Dead Adventurer","floor":13,"gold_loss":0},{"damage_healed":0,"gold_gain":0,"player_choice":"Left Gold","damage_taken":0,"max_hp_gain":0,"max_hp_loss":0,"event_name":"World of Goop","floor":14,"gold_loss":43}],"is_beta":false,"boss_relics":[],"items_purged_floors":[3],"is_endless":false,"potions_floor_spawned":[4,5,6],"killed_by":"The Guardian","ascension_level":2}