{"gold_per_floor":[113,113,113,129,142,176,176,202,202,234,309,329,329,343,343,420,420,373,373,373,393,150,150,150],"floor_reached":24,"playtime":1588,"items_purged":["Writhe"],"score":453,"play_id":"6a63d165-3a19-469f-806c-089300d4b06b","local_time":"20190522174215","is_ascension_mode":true,"campfire_choices":[{"data":"Uppercut","floor":7,"key":"SMITH"},{"data":"Disarm","floor":13,"key":"SMITH"},{"data":"Feel No Pain","floor":15,"key":"SMITH"},{"floor":23,"key":"REST"}],"neow_cost":"PERCENT_DAMAGE","seed_source_timestamp":105156786462628,"circlet_count":0,"master_deck":["AscendersBane","Strike_R","Strike_R","Strike_R","Strike_R","Strike_R","Defend_R","Defend_R","Defend_R","Defend_R","Bash+1","Exhume","Shrug It Off","Feel No Pain+1","Pommel Strike","Uppercut+1","Disarm+1","Flame Barrier","Impervious","True Grit+1"],"relics":["Burning Blood","Shovel","Singing Bowl","Paper Frog","Mango","Snecko Eye","Potion Belt","Bronze Scales"],"potions_floor_usage":[8,10,14,24,24],"damage_taken":[{"damage":18,"enemies":"Jaw Worm","floor":1,"turns":6},{"damage":10,"enemies":"Small Slimes","floor":4,"turns":4},{"damage":0,"enemies":"Cultist","floor":5,"turns":4},{"damage":19,"enemies":"3 Sentries","floor":6,"turns":13},{"damage":27,"enemies":"Lagavulin","floor":8,"turns":7},{"damage":12,"enemies":"3 Sentries","floor":10,"turns":16},{"damage":8,"enemies":"2 Fungi Beasts","floor":12,"turns":4},{"damage":5,"enemies":"Blue Slaver","floor":14,"turns":6},{"damage":21,"enemies":"The Guardian","floor":16,"turns":17},{"damage":7,"enemies":"2 Thieves","floor":18,"turns":5},{"damage":15,"enemies":"Chosen","floor":21,"turns":8},{"damage":92,"enemies":"Gremlin Leader","floor":24,"turns":4}],"seed_played":"3827214670625778239","potions_obtained":[{"floor":5,"key":"Energy Potion"},{"floor":8,"key":"Regen Potion"},{"floor":10,"key":"Regen Potion"},{"floor":12,"key":"Swift Potion"},{"floor":21,"key":"Strength Potion"}],"is_trial":false,"path_per_floor":["M","?","?","M","M","E","R","E","T","E","?","M","R","M","R","B",null,"M","?","?","M","$","R","E"],"character_chosen":"IRONCLAD","items_purchased":["Bronze Scales"],"campfire_rested":1,"item_purchase_floors":[22],"current_hp_per_floor":[38,38,63,59,65,52,52,31,31,56,45,43,43,46,46,31,78,79,51,51,42,42,72,0],"gold":150,"neow_bonus":"THREE_RARE_CARDS","is_prod":false,"is_daily":false,"chose_seed":false,"campfire_upgraded":3,"win_rate":0,"timestamp":1558561335,"path_taken":["M","?","?","M","M","E","R","E","T","E","?","M","R","M","R","BOSS","M","?","?","?","$","R","E"],"build_version":"2019-01-23","purchased_purges":1,"victory":false,"max_hp_per_floor":[75,75,75,75,75,75,75,75,75,91,91,91,91,93,93,93,93,95,100,100,100,100,100,100],"card_choices":[{"not_picked":["Barricade","Brutality"],"picked":"Exhume","floor":0},{"not_picked":["Clash","Sword Boomerang"],"picked":"Shrug It Off","floor":1},{"not_picked":["Carnage","Headbutt"],"picked":"Feel No Pain","floor":4},{"not_picked":["Fire Breathing","Sentinel"],"picked":"Pommel Strike","floor":5},{"not_picked":["Exhume","Cleave"],"picked":"Uppercut","floor":6},{"not_picked":["Pommel Strike","Flex"],"picked":"Disarm","floor":8},{"not_picked":["Flex","Iron Wave","Anger"],"picked":"Singing Bowl","floor":10},{"not_picked":["Flex","Burning Pact"],"picked":"Flame Barrier","floor":12},{"not_picked":["Second Wind","Anger","Bludgeon"],"picked":"Singing Bowl","floor":14},{"not_picked":["Barricade","Demon Form"],"picked":"Impervious","floor":16},{"not_picked":["Twin Strike","Hemokinesis+1","Seeing Red+1"],"picked":"Singing Bowl","floor":18},{"not_picked":["Cleave","Perfected Strike"],"picked":"True Grit+1","floor":21}],"player_experience":1435546,"relics_obtained":[{"floor":6,"key":"Shovel"},{"floor":8,"key":"Singing Bowl"},{"floor":9,"key":"Paper Frog"},{"floor":10,"key":"Mango"}],"event_choices":[{"damage_healed":0,"gold_gain":0,"player_choice":"Grow","damage_taken":0,"max_hp_gain":0,"max_hp_loss":0,"event_name":"Living Wall","floor":2,"gold_loss":0,"cards_upgraded":["Bash"]},{"damage_healed":25,"gold_gain":0,"player_choice":"Banana","damage_taken":0,"max_hp_gain":0,"max_hp_loss":0,"event_name":"Big Fish","floor":3,"gold_loss":0},{"damage_healed":0,"gold_gain":75,"player_choice":"Gather Gold","damage_taken":11,"max_hp_gain":0,"max_hp_loss":0,"event_name":"World of Goop","floor":11,"gold_loss":0},{"damage_healed":0,"gold_gain":0,"player_choice":"Shed Blood","damage_taken":33,"max_hp_gain":5,"max_hp_loss":0,"event_name":"Forgotten Altar","floor":19,"gold_loss":0},{"damage_healed":0,"gold_gain":0,"player_choice":"Opened","damage_taken":0,"relics_obtained":["Potion Belt"],"max_hp_gain":0,"max_hp_loss":0,"event_name":"The Mausoleum","floor":20,"gold_loss":0,"cards_obtained":["Writhe"]}],"is_beta":false,"boss_relics":[{"not_picked":["Orrery","Runic Dome"],"picked":"Snecko Eye"}],"items_purged_floors":[22],"is_endless":false,"potions_floor_spawned":[5,8,10,12,21],"killed_by":"Gremlin Leader","ascension_level":20}