{"gold_per_floor":[114,129,129,148,164,164,194,194,219,219,247,247,263,296,296,296],"floor_reached":16,"playtime":622,"items_purged":[],"score":240,"play_id":"71984f5b-a957-4f0a-921c-1a811bd1bce4","local_time":"20190509005500","is_ascension_mode":true,"campfire_choices":[{"data":"Dagger Spray","floor":6,"key":"SMITH"},{"data":"Deadly Poison","floor":8,"key":"SMITH"},{"floor":10,"key":"REST"},{"floor":12,"key":"REST"},{"floor":15,"key":"REST"}],"neow_cost":"NONE","seed_source_timestamp":373053223712625,"circlet_count":0,"master_deck":["AscendersBane","Defend_G","Defend_G","Defend_G","Defend_G","Defend_G","Strike_G","Strike_G","Strike_G","Strike_G","Strike_G","Survivor","Neutralize","Dash","Dagger Spray+1","Deflect","Deadly Poison+1","Calculated Gamble","Leg Sweep","PiercingWail","Poisoned Stab"],"relics":["Ring of the Snake","Vajra","Potion Belt","Dream Catcher","Sundial"],"potions_floor_usage":[4,5,7,14,16],"damage_taken":[{"damage":8,"enemies":"Jaw Worm","floor":1,"turns":6},{"damage":3,"enemies":"Cultist","floor":2,"turns":5},{"damage":4,"enemies":"2 Louse","floor":4,"turns":3},{"damage":8,"enemies":"Exordium Thugs","floor":5,"turns":7},{"damage":31,"enemies":"Gremlin Nob","floor":7,"turns":6},{"damage":31,"enemies":"Lagavulin","floor":11,"turns":7},{"damage":0,"enemies":"Lots of Slimes","floor":13,"turns":1},{"damage":24,"enemies":"Gremlin Nob","floor":14,"turns":4},{"damage":34,"enemies":"Slime Boss","floor":16,"turns":7}],"seed_played":"-8998815532696523217","potions_obtained":[{"floor":3,"key":"Ancient Potion"},{"floor":3,"key":"Fruit Juice"},{"floor":4,"key":"FearPotion"},{"floor":11,"key":"Weak Potion"},{"floor":13,"key":"Swift Potion"}],"is_trial":false,"path_per_floor":["M","M","?","M","M","R","E","R","T","R","E","R","M","E","R","B"],"character_chosen":"THE_SILENT","items_purchased":[],"campfire_rested":3,"item_purchase_floors":[],"current_hp_per_floor":[57,54,54,55,47,47,16,16,16,39,8,31,31,7,30,0],"gold":296,"neow_bonus":"TEN_PERCENT_HP_BONUS","is_prod":false,"is_daily":false,"chose_seed":false,"campfire_upgraded":2,"win_rate":0,"timestamp":1557377700,"path_taken":["M","M","?","?","M","R","E","R","T","R","E","R","M","E","R","BOSS"],"build_version":"2019-01-23","purchased_purges":0,"victory":false,"max_hp_per_floor":[72,72,72,77,77,77,77,77,77,77,77,77,77,77,77,77],"card_choices":[{"not_picked":["Underhanded Strike","Backflip"],"picked":"Dash","floor":1},{"not_picked":["Dagger Throw","Escape Plan"],"picked":"Dagger Spray","floor":2},{"not_picked":["Heel Hook","Blade Dance","Bane"],"picked":"SKIP","floor":4},{"not_picked":["Prepared","Slice"],"picked":"Deflect","floor":5},{"not_picked":["Endless Agony","Venomology"],"picked":"Deadly Poison","floor":7},{"not_picked":["Dodge and Roll","Envenom"],"picked":"Calculated Gamble","floor":11},{"not_picked":["Dash","Blur"],"picked":"Leg Sweep","floor":13},{"not_picked":["Dodge and Roll","Underhanded Strike"],"picked":"PiercingWail","floor":14},{"not_picked":["Sucker Punch","Flying Knee"],"picked":"Poisoned Stab","floor":15}],"player_experience":1376899,"relics_obtained":[{"floor":7,"key":"Vajra"},{"floor":9,"key":"Potion Belt"},{"floor":11,"key":"Dream Catcher"},{"floor":14,"key":"Sundial"}],"event_choices":[{"damage_healed":0,"gold_gain":0,"player_choice":"Got Potions","damage_taken":0,"max_hp_gain":0,"max_hp_loss":0,"event_name":"Lab","floor":3,"gold_loss":0}],"is_beta":false,"boss_relics":[],"items_purged_floors":[],"is_endless":false,"potions_floor_spawned":[4,11,13],"killed_by":"Slime Boss","ascension_level":20}