{"gold_per_floor":[117,136,155,174,29,58,58,88,88,88,106,106,28,53,53,173,173,189,214,227,77,97,97,97],"floor_reached":24,"playtime":2272,"items_purged":[],"score":221,"play_id":"7194ff46-70c9-4322-b7b1-920fbe0b77c1","local_time":"20190709055916","is_ascension_mode":true,"campfire_choices":[{"floor":10,"key":"REST"},{"data":"Armaments","floor":15,"key":"SMITH"},{"floor":23,"key":"REST"}],"neow_cost":"NONE","seed_source_timestamp":263879699013264,"circlet_count":0,"master_deck":["Strike_R","Strike_R","Strike_R","Strike_R","Strike_R","Defend_R","Defend_R","Defend_R","Defend_R","Bash","Pummel","Anger","Armaments","Spot Weakness","Anger","Armaments+1","Heavy Blade","Feel No Pain","Cleave","Juggernaut","Cleave"],"relics":["Burning Blood","Bronze Scales","Art of War","Dead Branch","Ornamental Fan","Meat on the Bone","Golden Idol","Eternal Feather","Regal Pillow"],"potions_floor_usage":[6,6,16,18,22],"damage_taken":[{"damage":6,"enemies":"Cultist","floor":1,"turns":3},{"damage":3,"enemies":"Jaw Worm","floor":2,"turns":3},{"damage":2,"enemies":"Small Slimes","floor":3,"turns":3},{"damage":6,"enemies":"Exordium Wildlife","floor":4,"turns":4},{"damage":13,"enemies":"Lagavulin","floor":6,"turns":3},{"damage":31,"enemies":"3 Sentries","floor":8,"turns":5},{"damage":9,"enemies":"Blue Slaver","floor":11,"turns":3},{"damage":7,"enemies":"2 Fungi Beasts","floor":14,"turns":3},{"damage":50,"enemies":"Slime Boss","floor":16,"turns":11},{"damage":5,"enemies":"Chosen","floor":18,"turns":4},{"damage":7,"enemies":"3 Byrds","floor":19,"turns":3},{"damage":29,"enemies":"Snecko","floor":20,"turns":6},{"damage":44,"enemies":"Centurion and Healer","floor":22,"turns":6},{"damage":89,"enemies":"Book of Stabbing","floor":24,"turns":5}],"seed_played":"-8932110434263792157","potions_obtained":[{"floor":2,"key":"AttackPotion"},{"floor":3,"key":"Energy Potion"},{"floor":8,"key":"LiquidBronze"},{"floor":11,"key":"SpeedPotion"},{"floor":20,"key":"Fire Potion"}],"is_trial":false,"path_per_floor":["M","M","M","M","$","E","?","E","T","R","M","?","$","M","R","B",null,"M","M","M","$","M","R","E"],"character_chosen":"IRONCLAD","items_purchased":["Bronze Scales","Feel No Pain","Regal Pillow"],"campfire_rested":2,"item_purchase_floors":[5,13,21],"current_hp_per_floor":[80,80,80,80,80,73,66,41,41,65,62,42,42,53,53,21,80,80,79,56,56,30,80,0],"gold":97,"neow_bonus":"THREE_CARDS","is_prod":false,"is_daily":false,"chose_seed":false,"campfire_upgraded":1,"win_rate":0,"timestamp":1562677156,"path_taken":["M","?","M","M","$","E","?","E","T","R","M","?","?","M","R","BOSS","M","M","M","$","M","R","E"],"build_version":"2019-07-05","purchased_purges":0,"victory":false,"max_hp_per_floor":[80,80,80,80,80,80,80,80,80,80,80,80,80,80,80,80,80,80,80,80,80,80,80,80],"card_choices":[{"not_picked":["Heavy Blade","Power Through"],"picked":"Pummel","floor":0},{"not_picked":["Clash","Combust"],"picked":"Anger","floor":1},{"not_picked":["Pommel Strike","Clothesline"],"picked":"Armaments","floor":2},{"not_picked":["Perfected Strike","Wild Strike","Intimidate"],"picked":"SKIP","floor":3},{"not_picked":["Ghostly Armor","Heavy Blade"],"picked":"Spot Weakness","floor":4},{"not_picked":["Battle Trance","Warcry"],"picked":"Anger","floor":6},{"not_picked":["Reckless Charge","Rampage"],"picked":"Armaments","floor":8},{"not_picked":["Clash","Armaments"],"picked":"Heavy Blade","floor":11},{"not_picked":["Flex","Clothesline"],"picked":"Cleave","floor":14},{"not_picked":["Feed","Berserk"],"picked":"Juggernaut","floor":16},{"not_picked":["Havoc","Clothesline","Intimidate"],"picked":"SKIP","floor":18},{"not_picked":["Clothesline","Wild Strike"],"picked":"Cleave","floor":19},{"not_picked":["Thunderclap","Armaments","True Grit"],"picked":"SKIP","floor":20},{"not_picked":["Clash+1","Havoc","Anger"],"picked":"SKIP","floor":22}],"player_experience":232713,"relics_obtained":[{"floor":6,"key":"Art of War"},{"floor":8,"key":"Ornamental Fan"},{"floor":9,"key":"Meat on the Bone"}],"event_choices":[{"damage_healed":0,"gold_gain":0,"player_choice":"Success","damage_taken":7,"relics_obtained":["Dead Branch"],"max_hp_gain":0,"max_hp_loss":0,"event_name":"Scrap Ooze","floor":7,"gold_loss":0},{"damage_healed":0,"gold_gain":0,"player_choice":"Take Damage","damage_taken":20,"relics_obtained":["Golden Idol"],"max_hp_gain":0,"max_hp_loss":0,"event_name":"Golden Idol","floor":12,"gold_loss":0}],"is_beta":false,"boss_relics":[{"not_picked":["Calling Bell","Fusion Hammer"],"picked":"Eternal Feather"}],"items_purged_floors":[],"is_endless":false,"potions_floor_spawned":[2,3,8,11,20],"killed_by":"Book of Stabbing","ascension_level":1}