{"gold_per_floor":[112,130,149,46,65,97,97,124,124,124,124,124,151,171,171,247,247,259,275,66,66,66],"floor_reached":22,"playtime":1036,"items_purged":["Strike_B","Strike_B"],"score":508,"play_id":"e4d559b8-a89c-4ecf-a212-94d04a46ecb3","local_time":"20190711190650","is_ascension_mode":true,"campfire_choices":[{"data":"Streamline","floor":7,"key":"SMITH"},{"data":"Go for the Eyes","floor":10,"key":"SMITH"},{"floor":12,"key":"REST"},{"data":"Zap","floor":15,"key":"SMITH"}],"neow_cost":"NONE","seed_source_timestamp":176631805401314,"circlet_count":0,"master_deck":["AscendersBane","Defend_B","Defend_B","Defend_B","Defend_B","Zap+1","Dualcast","Cold Snap","Streamline+1","Coolheaded","Ball Lightning","Buffer","Go for the Eyes+1","All For One","Echo Form","Coolheaded","Go for the Eyes","Capacitor","Coolheaded","Writhe"],"relics":["Cracked Core","NeowsBlessing","Pocketwatch","Kunai","Pear","Ornamental Fan","Empty Cage","Peace Pipe"],"potions_floor_usage":[18],"damage_taken":[{"damage":0,"enemies":"2 Louse","floor":1,"turns":1},{"damage":0,"enemies":"Jaw Worm","floor":2,"turns":1},{"damage":0,"enemies":"Small Slimes","floor":3,"turns":1},{"damage":2,"enemies":"Looter","floor":5,"turns":4},{"damage":14,"enemies":"Lagavulin","floor":6,"turns":8},{"damage":21,"enemies":"3 Sentries","floor":8,"turns":6},{"damage":4,"enemies":"Gremlin Nob","floor":13,"turns":3},{"damage":8,"enemies":"Exordium Wildlife","floor":14,"turns":3},{"damage":0,"enemies":"The Guardian","floor":16,"turns":11},{"damage":29,"enemies":"3 Byrds","floor":18,"turns":3},{"damage":5,"enemies":"Shell Parasite","floor":19,"turns":6},{"damage":35,"enemies":"Masked Bandits","floor":22,"turns":3}],"seed_played":"-1955713889729657107","potions_obtained":[{"floor":1,"key":"Swift Potion"},{"floor":5,"key":"LiquidBronze"},{"floor":18,"key":"Poison Potion"}],"is_trial":false,"path_per_floor":["M","M","M","$","M","E","R","E","T","R","?","R","E","M","R","B",null,"M","M","$","?","?"],"character_chosen":"DEFECT","items_purchased":["Ball Lightning","Capacitor","Coolheaded"],"campfire_rested":1,"item_purchase_floors":[4,20,20],"current_hp_per_floor":[64,64,64,64,62,48,48,27,27,27,11,35,31,23,23,23,67,38,33,33,33,0],"gold":66,"neow_bonus":"THREE_ENEMY_KILL","is_prod":false,"is_daily":false,"chose_seed":false,"campfire_upgraded":3,"win_rate":0,"timestamp":1562886410,"path_taken":["M","M","M","$","M","E","R","E","T","R","?","R","E","M","R","BOSS","M","M","$","?","?"],"build_version":"2019-07-05","purchased_purges":2,"victory":false,"max_hp_per_floor":[71,71,71,71,71,71,71,71,71,71,81,81,81,81,81,81,81,81,81,81,81,81],"card_choices":[{"not_picked":["Lockon","Hologram"],"picked":"Cold Snap","floor":1},{"not_picked":["Stack","Redo"],"picked":"Streamline","floor":2},{"not_picked":["Leap","Turbo"],"picked":"Coolheaded","floor":3},{"not_picked":["Auto Shields","Redo"],"picked":"Buffer","floor":5},{"not_picked":["FTL","Darkness","Turbo"],"picked":"SKIP","floor":6},{"not_picked":["Compile Driver","Turbo"],"picked":"Go for the Eyes","floor":8},{"not_picked":["Reinforced Body","Creative AI"],"picked":"All For One","floor":13},{"not_picked":["Chaos","Cold Snap","Beam Cell"],"picked":"SKIP","floor":14},{"not_picked":["Reboot","All For One"],"picked":"Echo Form","floor":16},{"not_picked":["Beam Cell","Conserve Battery"],"picked":"Coolheaded","floor":18},{"not_picked":["Reinforced Body","Compile Driver"],"picked":"Go for the Eyes","floor":19}],"player_experience":1469791,"relics_obtained":[{"floor":6,"key":"Pocketwatch"},{"floor":8,"key":"Kunai"},{"floor":13,"key":"Ornamental Fan"}],"event_choices":[{"damage_healed":0,"gold_gain":0,"player_choice":"Success","damage_taken":26,"relics_obtained":["Pear"],"max_hp_gain":0,"max_hp_loss":0,"event_name":"Scrap Ooze","floor":11,"gold_loss":0},{"damage_healed":0,"gold_gain":0,"player_choice":"Opened","damage_taken":0,"relics_obtained":["Peace Pipe"],"max_hp_gain":0,"max_hp_loss":0,"event_name":"The Mausoleum","floor":21,"gold_loss":0,"cards_obtained":["Writhe"]},{"damage_healed":0,"gold_gain":0,"player_choice":"Fought Bandits","damage_taken":0,"max_hp_gain":0,"max_hp_loss":0,"event_name":"Masked Bandits","floor":22,"gold_loss":0}],"is_beta":false,"boss_relics":[{"not_picked":["Tiny House","Ectoplasm"],"picked":"Empty Cage"}],"items_purged_floors":[4,20],"is_endless":false,"potions_floor_spawned":[1,5,8,18],"killed_by":"Masked Bandits","ascension_level":20}