{"gold_per_floor":[119,134,154,166,178,178,208,208,208,218,245,255,269,284,284,361,361,373,41,41,41,51,51,70,70,70,88,88,3,3,15,15,15],"floor_reached":33,"playtime":1419,"items_purged":["Strike_R"],"score":526,"play_id":"360964d9-a60a-4905-9134-4b20156b5f1b","local_time":"20181029175136","is_ascension_mode":true,"campfire_choices":[{"data":"Whirlwind","floor":6.0,"key":"SMITH"},{"data":"Shockwave","floor":8.0,"key":"SMITH"},{"data":"True Grit","floor":15.0,"key":"SMITH"},{"floor":23,"key":"REST"},{"floor":25,"key":"REST"},{"floor":28,"key":"REST"},{"floor":32,"key":"REST"}],"neow_cost":"NONE","seed_source_timestamp":941415907067973,"circlet_count":0,"master_deck":["Strike_R","Strike_R","Strike_R","Strike_R","Defend_R","Defend_R","Defend_R","Defend_R","Bash","AscendersBane","Whirlwind+1","Clothesline","Shockwave+1","Warcry","Evolve","True Grit+1","Feel No Pain","Rampage","Headbutt","Double Tap","Battle Trance","Metallicize","Exhume","Infernal Blade","Battle Trance","Disarm","Necronomicurse","Flame Barrier","Feel No Pain+1","Shrug It Off","Impervious"],"special_seed":0,"relics":["Black Blood","Orichalcum","Prayer Wheel","Shovel","Blue Candle","OrangePellets","Necronomicon","Shuriken","Gambling Chip"],"potions_floor_usage":[24,33],"damage_taken":[{"damage":3.0,"enemies":"Jaw Worm","floor":1.0,"turns":5.0},{"damage":0.0,"enemies":"2 Louse","floor":2.0,"turns":1.0},{"damage":4.0,"enemies":"Small Slimes","floor":3.0,"turns":4.0},{"damage":10.0,"enemies":"3 Louse","floor":4.0,"turns":3.0},{"damage":6.0,"enemies":"2 Fungi Beasts","floor":5.0,"turns":3.0},{"damage":17.0,"enemies":"Gremlin Nob","floor":7.0,"turns":4.0},{"damage":7.0,"enemies":"Looter","floor":10.0,"turns":3.0},{"damage":10.0,"enemies":"3 Sentries","floor":11.0,"turns":6.0},{"damage":5.0,"enemies":"Large Slime","floor":12.0,"turns":5.0},{"damage":8.0,"enemies":"Exordium Thugs","floor":13.0,"turns":4.0},{"damage":10.0,"enemies":"Blue Slaver","floor":14.0,"turns":4.0},{"damage":22.0,"enemies":"Hexaghost","floor":16.0,"turns":10.0},{"damage":35.0,"enemies":"Spheric Guardian","floor":18.0,"turns":8.0},{"damage":10,"enemies":"2 Thieves","floor":22,"turns":2},{"damage":32,"enemies":"Centurion and Healer","floor":24,"turns":5},{"damage":30,"enemies":"Snake Plant","floor":27,"turns":6},{"damage":32,"enemies":"Snecko","floor":31,"turns":7},{"damage":56,"enemies":"Automaton","floor":33,"turns":8}],"seed_played":"-3551981402640988517","potions_obtained":[{"floor":2.0,"key":"LiquidBronze"},{"floor":3.0,"key":"EntropicBrew"},{"floor":13.0,"key":"EssenceOfSteel"},{"floor":22,"key":"EssenceOfSteel"},{"floor":31,"key":"SteroidPotion"}],"is_trial":false,"path_per_floor":["M","M","M","M","M","R","E","R","T","M","E","M","M","M","R","B",null,"M","$","?","?","M","R","M","R","T","M","R","?","$","M","R"],"character_chosen":"IRONCLAD","items_purchased":["Disarm","OrangePellets"],"campfire_rested":4,"item_purchase_floors":[19,19],"current_hp_per_floor":[71,75,75,71,71,71,60,60,60,59,55,56,54,50,50,34,65,40,40,40,19,19,41,19,41,41,21,43,43,43,21,43,0],"gold":15,"neow_bonus":"RANDOM_COMMON_RELIC","is_prod":false,"is_daily":false,"chose_seed":false,"campfire_upgraded":3,"win_rate":0,"timestamp":1540849896,"path_taken":["M","M","M","M","M","R","E","R","T","M","E","M","M","M","R","BOSS","M","$","?","?","M","R","M","R","T","M","R","?","?","M","R","BOSS"],"build_version":"2018-10-25v2","purchased_purges":1,"victory":false,"max_hp_per_floor":[75,75,75,75,75,75,75,75,75,75,75,75,75,75,75,75,75,75,75,75,75,75,75,75,75,75,75,75,75,75,75,75,75],"card_choices":[{"not_picked":["True Grit","Wild Strike"],"picked":"Whirlwind","floor":1.0},{"not_picked":["Rage","Anger"],"picked":"Clothesline","floor":2.0},{"not_picked":["Headbutt","Metallicize"],"picked":"Shockwave","floor":3.0},{"not_picked":["Clothesline","Flex","Carnage"],"picked":"SKIP","floor":4.0},{"not_picked":["Clothesline","Uppercut"],"picked":"Warcry","floor":5.0},{"not_picked":["Burning Pact","Sentinel"],"picked":"Evolve","floor":7.0},{"not_picked":["Cleave","Rage"],"picked":"True Grit","floor":10.0},{"not_picked":["Twin Strike","Second Wind"],"picked":"Feel No Pain","floor":10.0},{"not_picked":["Warcry","Rupture"],"picked":"Rampage","floor":11.0},{"not_picked":["Ghostly Armor","Seeing Red"],"picked":"Headbutt","floor":12.0},{"not_picked":["Rage","Bloodletting"],"picked":"Double Tap","floor":12.0},{"not_picked":["Searing Blow","Rampage"],"picked":"Battle Trance","floor":13.0},{"not_picked":["Searing Blow","Entrench"],"picked":"Metallicize","floor":13.0},{"not_picked":["Body Slam","Cleave","Flex"],"picked":"SKIP","floor":14.0},{"not_picked":["Fire Breathing","Twin Strike","Havoc"],"picked":"SKIP","floor":14.0},{"not_picked":["Double Tap","Juggernaut"],"picked":"Exhume","floor":16.0},{"not_picked":["Evolve","Iron Wave"],"picked":"Infernal Blade","floor":18.0},{"not_picked":["Wild Strike","Perfected Strike"],"picked":"Battle Trance","floor":18.0},{"not_picked":["Iron Wave","Dual Wield"],"picked":"Flame Barrier","floor":22},{"not_picked":["Hemokinesis","Burning Pact","Twin Strike"],"picked":"SKIP","floor":22},{"not_picked":["Wild Strike","Evolve"],"picked":"Feel No Pain+1","floor":24},{"not_picked":["Clothesline","Flex","Sword Boomerang"],"picked":"SKIP","floor":24},{"not_picked":["Cleave","Havoc"],"picked":"Shrug It Off","floor":27},{"not_picked":["Cleave","Perfected Strike","Entrench"],"picked":"SKIP","floor":27},{"not_picked":["Uppercut","Heavy Blade"],"picked":"Impervious","floor":31},{"not_picked":["Body Slam","Bloodletting","Seeing Red"],"picked":"SKIP","floor":31}],"player_experience":1006723,"relics_obtained":[{"floor":7.0,"key":"Prayer Wheel"},{"floor":9.0,"key":"Shovel"},{"floor":11.0,"key":"Blue Candle"},{"floor":21.0,"key":"Necronomicon"},{"floor":26,"key":"Shuriken"}],"event_choices":[{"damage_healed":0.0,"max_hp_gain":0.0,"max_hp_loss":0.0,"gold_gain":0.0,"event_name":"Ghosts","player_choice":"Ignored","floor":20.0,"gold_loss":0.0,"damage_taken":0.0},{"damage_healed":0.0,"max_hp_gain":0.0,"max_hp_loss":0.0,"gold_gain":0.0,"event_name":"Cursed Tome","player_choice":"Obtained Book","floor":21.0,"gold_loss":0.0,"damage_taken":21.0},{"damage_healed":0,"gold_gain":0,"player_choice":"Obtained Relic","damage_taken":0,"relics_obtained":["Gambling Chip"],"max_hp_gain":0,"max_hp_loss":0,"event_name":"Addict","floor":29,"gold_loss":85}],"is_beta":false,"boss_relics":[{"not_picked":["Pandora\u0027s Box","White Beast Statue"],"picked":"Black Blood"}],"items_purged_floors":[19],"is_endless":false,"potions_floor_spawned":[2,3,5,7,13,22,31],"killed_by":"Automaton","ascension_level":20}