{"gold_per_floor":[113,113,39,56,72,72,97,97,97,127,144,144,8,20,20,97,97,116,89,89,101,101],"floor_reached":22,"playtime":2249,"items_purged":[],"score":431,"play_id":"da16a9bf-0120-4ceb-9f42-56460c644659","local_time":"20181015173949","is_ascension_mode":true,"campfire_choices":[{"data":"Footwork","floor":6,"key":"SMITH"},{"data":"Neutralize","floor":8,"key":"SMITH"},{"data":"Leg Sweep","floor":15,"key":"SMITH"}],"neow_cost":"PERCENT_DAMAGE","seed_source_timestamp":439182962268826,"circlet_count":0,"master_deck":["Defend_G+1","Defend_G","Defend_G","Defend_G+1","Defend_G","Strike_G","Strike_G","Strike_G","Survivor","Neutralize+1","AscendersBane","After Image","Footwork+1","Dash","Deflect","Dodge and Roll","Cloak And Dagger","Sucker Punch","Bouncing Flask","Well Laid Plans","Leg Sweep+1","Deflect","Malaise","Sucker Punch+1","Poisoned Stab","Acrobatics+1"],"relics":["Ring of the Snake","Blue Candle","PreservedInsect","Unceasing Top","War Paint","Empty Cage"],"potions_floor_usage":[14,22,22],"damage_taken":[{"damage":0,"enemies":"Jaw Worm","floor":1,"turns":5},{"damage":0,"enemies":"2 Louse","floor":4,"turns":4},{"damage":3,"enemies":"Small Slimes","floor":5,"turns":5},{"damage":19,"enemies":"3 Sentries","floor":7,"turns":15},{"damage":12,"enemies":"Gremlin Nob","floor":10,"turns":5},{"damage":7,"enemies":"Exordium Thugs","floor":11,"turns":6},{"damage":0,"enemies":"Gremlin Gang","floor":14,"turns":8},{"damage":0,"enemies":"Hexaghost","floor":16,"turns":14},{"damage":4,"enemies":"Chosen","floor":18,"turns":9},{"damage":24,"enemies":"2 Thieves","floor":19,"turns":5},{"damage":8,"enemies":"Colosseum Slavers","floor":20,"turns":11},{"damage":9,"enemies":"Snecko","floor":21,"turns":11},{"damage":13,"enemies":"3 Cultists","floor":22,"turns":4}],"seed_played":"-7796491290314927727","potions_obtained":[{"floor":1,"key":"Energy Potion"},{"floor":7,"key":"GhostInAJar"},{"floor":11,"key":"Strength Potion"},{"floor":14,"key":"GamblersBrew"},{"floor":16,"key":"SpeedPotion"},{"floor":21,"key":"PowerPotion"}],"is_trial":false,"path_per_floor":["M","?","$","M","M","R","E","R","T","E","M","?","$","M","R","B",null,"M","M","?","M"],"character_chosen":"THE_SILENT","items_purchased":["Dash","Well Laid Plans","Leg Sweep"],"campfire_rested":0,"item_purchase_floors":[3,13,13],"current_hp_per_floor":[44,49,49,49,46,46,27,27,27,15,8,8,8,8,8,8,55,51,27,19,10,0],"gold":101,"neow_bonus":"THREE_RARE_CARDS","is_prod":false,"is_daily":false,"chose_seed":false,"campfire_upgraded":3,"win_rate":0,"timestamp":1539639589,"path_taken":["M","?","?","M","M","R","E","R","T","E","?","?","$","M","R","BOSS","M","M","?","M","?"],"build_version":"2018-10-11","purchased_purges":0,"victory":false,"max_hp_per_floor":[66,71,71,71,71,71,71,71,71,71,71,71,71,71,71,71,71,71,71,71,71,71],"card_choices":[{"not_picked":["Malaise","Burst"],"picked":"After Image","floor":0},{"not_picked":["PiercingWail","Acrobatics"],"picked":"Footwork","floor":1},{"not_picked":["Outmaneuver","Flechettes"],"picked":"Deflect","floor":4},{"not_picked":["Concentrate","Poisoned Stab"],"picked":"Dodge and Roll","floor":5},{"not_picked":["Envenom","Leg Sweep"],"picked":"Cloak And Dagger","floor":7},{"not_picked":["Outmaneuver","Flechettes"],"picked":"Sucker Punch","floor":10},{"not_picked":["Flying Knee","Accuracy"],"picked":"Bouncing Flask","floor":11},{"not_picked":["Tactician","Well Laid Plans"],"picked":"Deflect","floor":14},{"not_picked":["A Thousand Cuts","Glass Knife"],"picked":"Malaise","floor":16},{"not_picked":["Acrobatics","Bane"],"picked":"Sucker Punch+1","floor":18},{"not_picked":["PiercingWail","Dagger Throw"],"picked":"Poisoned Stab","floor":19},{"not_picked":["Sucker Punch","Backflip"],"picked":"Acrobatics+1","floor":21}],"player_experience":896099,"relics_obtained":[{"floor":7,"key":"Blue Candle"},{"floor":9,"key":"PreservedInsect"},{"floor":10,"key":"Unceasing Top"}],"event_choices":[{"event_name":"Big Fish","player_choice":"Donut","floor":2,"damage_taken":0},{"event_name":"WeMeetAgain","player_choice":"Potion","floor":12,"damage_taken":0},{"event_name":"Colosseum","player_choice":"Fight","floor":20,"damage_taken":0},{"event_name":"Colosseum","player_choice":"Fled From Nobs","floor":20,"damage_taken":0}],"is_beta":false,"boss_relics":[{"not_picked":["White Beast Statue","Tiny House"],"picked":"Empty Cage"}],"items_purged_floors":[],"is_endless":false,"potions_floor_spawned":[1,7,11,14,16,20,21],"killed_by":"3 Cultists","ascension_level":15}