{"gold_per_floor":[214,15,15,15,31,31,47,47,47,81,81,158,158,193,193,289,289,304,324,342,6,29,29,29],"floor_reached":24,"playtime":936,"items_purged":[],"score":408,"play_id":"0479ee13-d5ee-4d76-aa6b-5fa29a49a4be","local_time":"20181118192757","is_ascension_mode":true,"campfire_choices":[{"data":"Crippling Poison","floor":6,"key":"SMITH"},{"data":"Noxious Fumes","floor":8,"key":"SMITH"},{"floor":11,"key":"REST"},{"floor":15,"key":"REST"},{"floor":23,"key":"REST"}],"neow_cost":"NONE","seed_source_timestamp":372273014156910,"circlet_count":0,"master_deck":["AscendersBane","Defend_G","Defend_G","Defend_G","Defend_G","Defend_G","Strike_G","Strike_G","Strike_G","Strike_G","Strike_G","Survivor","Neutralize","Predator","Leg Sweep","Crippling Poison+1","Noxious Fumes+1","Burst","Adrenaline","Wraith Form v2","Blur","Slice+1","After Image","PiercingWail"],"relics":["Ring of the Snake","Bag of Preparation","Golden Idol","Anchor","Question Card","CultistMask","Potion Belt","Runic Dome","Art of War","Lantern"],"potions_floor_usage":[10,24],"damage_taken":[{"damage":6,"enemies":"Small Slimes","floor":1,"turns":4},{"damage":0,"enemies":"Jaw Worm","floor":5,"turns":7},{"damage":0,"enemies":"2 Louse","floor":7,"turns":2},{"damage":45,"enemies":"Gremlin Nob","floor":10,"turns":5},{"damage":12,"enemies":"3 Sentries","floor":14,"turns":5},{"damage":9,"enemies":"Hexaghost","floor":16,"turns":11},{"damage":8,"enemies":"2 Thieves","floor":18,"turns":4},{"damage":4,"enemies":"3 Byrds","floor":19,"turns":4},{"damage":9,"enemies":"Snake Plant","floor":20,"turns":7},{"damage":19,"enemies":"Centurion and Healer","floor":22,"turns":8},{"damage":32,"enemies":"Book of Stabbing","floor":24,"turns":5}],"seed_played":"-841242754263420097","potions_obtained":[{"floor":7,"key":"AttackPotion"},{"floor":16,"key":"GhostInAJar"},{"floor":19,"key":"GamblersBrew"},{"floor":22,"key":"SteroidPotion"}],"is_trial":false,"path_per_floor":["M","$","?","?","M","R","M","R","T","E","R","?","?","E","R","B",null,"M","M","M","$","M","R","E"],"character_chosen":"THE_SILENT","items_purchased":["Leg Sweep","Bag of Preparation","Art of War","Lantern"],"campfire_rested":3,"item_purchase_floors":[2,2,21,21],"current_hp_per_floor":[53,53,53,53,53,53,53,53,53,8,26,26,26,14,32,23,51,43,39,30,30,11,29,0],"gold":29,"neow_bonus":"HUNDRED_GOLD","is_prod":false,"is_daily":false,"chose_seed":false,"campfire_upgraded":2,"win_rate":0,"timestamp":1542587277,"path_taken":["M","$","?","?","M","R","M","R","T","E","R","?","?","E","R","BOSS","M","M","?","$","M","R","E"],"build_version":"2018-11-15","purchased_purges":0,"victory":false,"max_hp_per_floor":[66,66,66,60,60,60,60,60,60,60,60,60,60,60,60,60,60,60,60,60,60,60,60,60],"card_choices":[{"not_picked":["Underhanded Strike","Sucker Punch"],"picked":"Predator","floor":1},{"not_picked":["Dagger Throw","Calculated Gamble"],"picked":"Crippling Poison","floor":5},{"not_picked":["Well Laid Plans","Terror"],"picked":"Noxious Fumes","floor":7},{"not_picked":["Blade Dance","Sucker Punch"],"picked":"Burst","floor":10},{"not_picked":["Catalyst","Caltrops","Prepared"],"picked":"Adrenaline","floor":14},{"not_picked":["A Thousand Cuts","Night Terror","Phantasmal Killer"],"picked":"Wraith Form v2","floor":16},{"not_picked":["Riddle With Holes+1","Poisoned Stab","Dagger Spray"],"picked":"Blur","floor":18},{"not_picked":["Reflex","Blade Dance","Dodge and Roll"],"picked":"Slice+1","floor":19},{"not_picked":["Quick Slash+1","Leg Sweep","PiercingWail"],"picked":"After Image","floor":20},{"not_picked":["Dagger Spray","Prepared","Underhanded Strike+1"],"picked":"PiercingWail","floor":22}],"player_experience":1100788,"relics_obtained":[{"floor":9,"key":"Anchor"},{"floor":10,"key":"Question Card"},{"floor":14,"key":"Potion Belt"}],"event_choices":[{"damage_healed":0,"gold_gain":0,"player_choice":"Leave","damage_taken":0,"max_hp_gain":0,"max_hp_loss":0,"event_name":"The Cleric","floor":3,"gold_loss":0},{"damage_healed":0,"gold_gain":0,"player_choice":"Lose Max HP","damage_taken":0,"relics_obtained":["Golden Idol"],"max_hp_gain":0,"max_hp_loss":6,"event_name":"Golden Idol","floor":4,"gold_loss":0},{"damage_healed":0,"gold_gain":77,"player_choice":"Gained Gold","damage_taken":0,"max_hp_gain":0,"max_hp_loss":0,"event_name":"Golden Wing","floor":12,"gold_loss":0},{"damage_healed":0,"gold_gain":0,"player_choice":"Trade","damage_taken":0,"relics_obtained":["CultistMask"],"max_hp_gain":0,"max_hp_loss":0,"event_name":"FaceTrader","floor":13,"gold_loss":0}],"is_beta":false,"boss_relics":[{"not_picked":["WristBlade","Pandora\u0027s Box"],"picked":"Runic Dome"}],"items_purged_floors":[],"is_endless":false,"potions_floor_spawned":[7,16,19,22],"killed_by":"Book of Stabbing","ascension_level":20}