{"gold_per_floor":[368,379,393,59,75,75,110,110,110,128,151,185,185,30,30,108,158,173,173,191,191,202,202,229,229,229,229,258,258,286,286,286,286],"floor_reached":33,"playtime":1667,"items_purged":[],"score":544,"play_id":"4cef02c9-77ad-4f2d-a386-54889191439d","local_time":"20181230143816","is_ascension_mode":true,"campfire_choices":[{"data":"Apotheosis","floor":6,"key":"SMITH"},{"floor":8,"key":"REST"},{"data":"Zap","floor":13,"key":"SMITH"},{"data":"Fission","floor":15,"key":"SMITH"},{"floor":23,"key":"REST"},{"data":"Coolheaded","floor":25,"key":"SMITH"},{"floor":29,"key":"REST"},{"floor":32,"key":"REST"}],"neow_cost":"PERCENT_DAMAGE","seed_source_timestamp":10499388847584,"circlet_count":0,"master_deck":["AscendersBane","Strike_B","Strike_B","Defend_B","Defend_B","Defend_B","Defend_B","Zap+1","Dualcast","Coolheaded+1","Streamline","Compile Driver+1","Apotheosis+1","Conserve Battery","Fission+1","Ball Lightning","Glacier","All For One","Steam","Compile Driver","Recycle","Chill","Static Discharge","Decay","Core Surge","Ball Lightning","Go for the Eyes+1","Machine Learning"],"relics":["Cracked Core","Oddly Smooth Stone","PreservedInsect","Gremlin Horn","Blood Vial","Darkstone Periapt","Orichalcum","Tiny House","Art of War","Molten Egg 2","Omamori","Bronze Scales"],"potions_floor_usage":[18,20,30,30,33],"damage_taken":[{"damage":1,"enemies":"Cultist","floor":1,"turns":4},{"damage":7,"enemies":"Small Slimes","floor":2,"turns":4},{"damage":1,"enemies":"2 Louse","floor":3,"turns":2},{"damage":7,"enemies":"Looter","floor":5,"turns":3},{"damage":16,"enemies":"Gremlin Nob","floor":7,"turns":3},{"damage":0,"enemies":"3 Louse","floor":10,"turns":2},{"damage":6,"enemies":"Lagavulin","floor":12,"turns":6},{"damage":12,"enemies":"Slime Boss","floor":16,"turns":7},{"damage":4,"enemies":"3 Byrds","floor":18,"turns":4},{"damage":26,"enemies":"2 Thieves","floor":20,"turns":4},{"damage":16,"enemies":"Sentry and Sphere","floor":22,"turns":8},{"damage":4,"enemies":"Gremlin Leader","floor":24,"turns":6},{"damage":23,"enemies":"Book of Stabbing","floor":28,"turns":5},{"damage":27,"enemies":"Slavers","floor":30,"turns":5},{"damage":63,"enemies":"Automaton","floor":33,"turns":12}],"seed_played":"-6559373377876635989","potions_obtained":[{"floor":2,"key":"Fire Potion"},{"floor":7,"key":"Energy Potion"},{"floor":12,"key":"AttackPotion"},{"floor":20,"key":"FearPotion"},{"floor":24,"key":"SpeedPotion"},{"floor":30,"key":"AttackPotion"}],"is_trial":false,"path_per_floor":["M","M","M","$","M","R","E","R","T","M","T","E","R","$","R","B",null,"M","?","M","?","M","R","E","R","T","?","E","R","E","?","R","B"],"character_chosen":"DEFECT","items_purchased":["Apotheosis","Oddly Smooth Stone","Orichalcum"],"campfire_rested":4,"item_purchase_floors":[4,4,14],"current_hp_per_floor":[45,38,37,37,30,30,14,35,35,35,35,31,31,31,31,21,64,62,62,38,44,30,54,52,52,52,28,7,33,8,25,51,0],"gold":286,"neow_bonus":"TWO_FIFTY_GOLD","is_prod":false,"is_daily":false,"chose_seed":false,"campfire_upgraded":4,"win_rate":0,"timestamp":1546198696,"path_taken":["M","M","M","$","M","R","E","R","T","M","?","E","R","$","R","BOSS","M","?","M","?","?","R","E","R","T","?","E","R","E","?","R","BOSS"],"build_version":"2018-12-20","purchased_purges":0,"victory":false,"max_hp_per_floor":[71,71,71,71,71,71,71,71,71,71,71,71,71,71,71,71,76,76,76,76,82,82,82,82,82,82,87,87,87,87,87,87,87],"card_choices":[{"not_picked":["Leap","Hologram"],"picked":"Coolheaded","floor":1},{"not_picked":["Aggregate","Conserve Battery"],"picked":"Streamline","floor":2},{"not_picked":["Steam","Reinforced Body"],"picked":"Compile Driver","floor":3},{"not_picked":["Skim","Streamline"],"picked":"Conserve Battery","floor":5},{"not_picked":["Stack","Rebound"],"picked":"Fission","floor":7},{"not_picked":["Skim","Undo"],"picked":"Ball Lightning","floor":10},{"not_picked":["Chaos","Recycle"],"picked":"Glacier","floor":12},{"not_picked":["Reboot","Core Surge"],"picked":"All For One","floor":16},{"not_picked":["Rebound","Gash"],"picked":"Steam","floor":17},{"not_picked":["Scrape","Leap"],"picked":"Compile Driver","floor":18},{"not_picked":["Force Field","Hello World"],"picked":"Static Discharge","floor":20},{"not_picked":["Cold Snap","Coolheaded"],"picked":"Core Surge","floor":22},{"not_picked":["Genetic Algorithm","Redo+1"],"picked":"Ball Lightning","floor":24},{"not_picked":["Barrage+1","White Noise"],"picked":"Go for the Eyes+1","floor":28},{"not_picked":["Beam Cell+1","Redo"],"picked":"Machine Learning","floor":30}],"player_experience":1311864,"relics_obtained":[{"floor":7,"key":"PreservedInsect"},{"floor":9,"key":"Gremlin Horn"},{"floor":11,"key":"Blood Vial"},{"floor":12,"key":"Darkstone Periapt"},{"floor":24,"key":"Art of War"},{"floor":26,"key":"Molten Egg 2"},{"floor":28,"key":"Omamori"},{"floor":30,"key":"Bronze Scales"}],"event_choices":[{"damage_healed":0,"gold_gain":0,"cards_transformed":["Strike_B","Strike_B"],"player_choice":"Became Test Subject","damage_taken":0,"max_hp_gain":0,"max_hp_loss":0,"event_name":"Drug Dealer","floor":19,"gold_loss":0,"cards_obtained":["Recycle","Chill"]},{"damage_healed":0,"gold_gain":0,"player_choice":"Cursed","damage_taken":0,"max_hp_gain":0,"max_hp_loss":0,"event_name":"Wheel of Change","floor":21,"gold_loss":0,"cards_obtained":["Decay"]},{"damage_healed":0,"gold_gain":0,"player_choice":"Shed Blood","damage_taken":29,"max_hp_gain":5,"max_hp_loss":0,"event_name":"Forgotten Altar","floor":27,"gold_loss":0},{"damage_healed":17,"gold_gain":0,"player_choice":"Heal","damage_taken":0,"max_hp_gain":0,"max_hp_loss":0,"event_name":"The Library","floor":31,"gold_loss":0}],"is_beta":false,"boss_relics":[{"not_picked":["Pandora\u0027s Box","White Beast Statue"],"picked":"Tiny House"}],"items_purged_floors":[],"is_endless":false,"potions_floor_spawned":[2,7,10,12,20,24,28,30],"killed_by":"Automaton","ascension_level":15}