{"gold_per_floor":[118,138,138,138,138,177,177,216,264,279,279,310,310,323,323,443,443,467,567,581,581],"floor_reached":21,"playtime":971,"items_purged":[],"score":217,"play_id":"3cfd122c-4a16-4361-ac6a-a589fc5bf57b","local_time":"20190627121508","is_ascension_mode":true,"campfire_choices":[{"floor":7,"key":"REST"},{"floor":11,"key":"REST"},{"floor":13,"key":"REST"},{"data":"Juggernaut","floor":15,"key":"SMITH"}],"neow_cost":"NONE","seed_source_timestamp":671146475941308,"circlet_count":0,"master_deck":["Strike_R","Strike_R","Strike_R","Strike_R","Defend_R","Defend_R","Defend_R","Defend_R","Bash","Heavy Blade","Heavy Blade","Rage","Juggernaut+1","Berserk"],"relics":["Mark of Pain","Golden Idol","Ancient Tea Set","PreservedInsect","Happy Flower","Blood Vial","Torii","Sozu"],"potions_floor_usage":[12,14,14],"damage_taken":[{"damage":2,"enemies":"Small Slimes","floor":1,"turns":4},{"damage":0,"enemies":"2 Louse","floor":2,"turns":3},{"damage":37,"enemies":"3 Sentries","floor":6,"turns":10},{"damage":14,"enemies":"Gremlin Nob","floor":8,"turns":3},{"damage":1,"enemies":"Jaw Worm","floor":10,"turns":2},{"damage":4,"enemies":"3 Sentries","floor":12,"turns":6},{"damage":0,"enemies":"Gremlin Gang","floor":14,"turns":3},{"damage":15,"enemies":"Slime Boss","floor":16,"turns":9},{"damage":11,"enemies":"Spheric Guardian","floor":18,"turns":3},{"damage":54,"enemies":"2 Thieves","floor":20,"turns":4},{"damage":19,"enemies":"Shelled Parasite and Fungi","floor":21,"turns":2}],"seed_played":"-5223301372590823689","potions_obtained":[{"floor":6,"key":"Energy Potion"},{"floor":8,"key":"Block Potion"},{"floor":12,"key":"Explosive Potion"}],"is_trial":false,"path_per_floor":["M","M","?","?","?","E","R","E","T","M","R","E","R","M","R","B",null,"M","?","M","M"],"character_chosen":"IRONCLAD","items_purchased":[],"campfire_rested":3,"item_purchase_floors":[],"current_hp_per_floor":[78,78,58,58,46,9,33,19,19,20,44,42,66,68,68,55,80,69,69,17,0],"gold":581,"neow_bonus":"BOSS_RELIC","is_prod":false,"is_daily":false,"chose_seed":false,"campfire_upgraded":1,"win_rate":0,"timestamp":1561630508,"path_taken":["M","M","?","?","?","E","R","E","T","M","R","E","R","M","R","BOSS","M","?","?","M"],"build_version":"2019-01-23","purchased_purges":0,"victory":false,"max_hp_per_floor":[80,80,80,80,80,80,80,80,80,80,80,80,80,80,80,80,80,80,80,80,80],"card_choices":[{"not_picked":["Armaments","Cleave"],"picked":"Heavy Blade","floor":1},{"not_picked":["Combust","Wild Strike","Cleave"],"picked":"SKIP","floor":2},{"not_picked":["Wild Strike","Feel No Pain"],"picked":"Heavy Blade","floor":6},{"not_picked":["Blood for Blood","Heavy Blade"],"picked":"Rage","floor":8},{"not_picked":["Iron Wave","Disarm","Fiend Fire"],"picked":"SKIP","floor":10},{"not_picked":["Armaments","Clothesline","Wild Strike"],"picked":"SKIP","floor":12},{"not_picked":["Iron Wave","Twin Strike"],"picked":"Juggernaut","floor":14},{"not_picked":["Demon Form","Impervious"],"picked":"Berserk","floor":16},{"not_picked":["Warcry","Wild Strike","Havoc+1"],"picked":"SKIP","floor":18},{"not_picked":["Warcry","Clash+1","Perfected Strike"],"picked":"SKIP","floor":20}],"player_experience":139975,"relics_obtained":[{"floor":6,"key":"PreservedInsect"},{"floor":8,"key":"Happy Flower"},{"floor":9,"key":"Blood Vial"},{"floor":12,"key":"Torii"}],"event_choices":[{"damage_healed":0,"gold_gain":0,"player_choice":"Take Damage","damage_taken":20,"relics_obtained":["Golden Idol"],"max_hp_gain":0,"max_hp_loss":0,"event_name":"Golden Idol","floor":3,"gold_loss":0},{"cards_removed":["Strike_R"],"damage_healed":0,"gold_gain":0,"player_choice":"Forget","damage_taken":0,"max_hp_gain":0,"max_hp_loss":0,"event_name":"Living Wall","floor":4,"gold_loss":0},{"damage_healed":0,"gold_gain":0,"player_choice":"Success","damage_taken":12,"relics_obtained":["Ancient Tea Set"],"max_hp_gain":0,"max_hp_loss":0,"event_name":"Scrap Ooze","floor":5,"gold_loss":0},{"damage_healed":0,"gold_gain":100,"player_choice":"Pray","damage_taken":0,"max_hp_gain":0,"max_hp_loss":0,"event_name":"Golden Shrine","floor":19,"gold_loss":0}],"is_beta":false,"boss_relics":[{"not_picked":["Busted Crown","Velvet Choker"],"picked":"Sozu"}],"items_purged_floors":[],"is_endless":false,"potions_floor_spawned":[6,8,12,18],"killed_by":"Shelled Parasite and Fungi","ascension_level":2}