{"gold_per_floor":[114,114,114,114,130,165,165,194,245,113,188,200,200,165,165,237,237,251,270,15,115,115,146,146,164,164,164,183,183,4,21,21,98,98,116,116,116,128,178,178,191,226,249,266,281,281,7,25,25,25,25,25,25,25,58,58],"floor_reached":56,"playtime":3288,"items_purged":["Pain","Strike_B"],"score":1991,"play_id":"71bf9a36-34c4-4e53-b0ac-267f23430125","local_time":"20181129141509","is_ascension_mode":true,"campfire_choices":[{"data":"Zap","floor":7.0,"key":"SMITH"},{"data":"Glacier","floor":13.0,"key":"SMITH"},{"data":"Coolheaded","floor":15.0,"key":"SMITH"},{"floor":24.0,"key":"REST"},{"floor":27.0,"key":"RECALL"},{"floor":32.0,"key":"REST"},{"floor":40.0,"key":"REST"},{"floor":46.0,"key":"REST"},{"floor":49.0,"key":"REST"},{"floor":53.0,"key":"REST"}],"neow_cost":"NONE","seed_source_timestamp":0,"circlet_count":0,"master_deck":["AscendersBane","Zap+1","Dualcast","Sunder+1","Coolheaded+1","White Noise","Compile Driver","Compile Driver","Glacier+1","Creative AI","FTL","Defragment","Capacitor","Compile Driver+1","Self Repair","Auto Shields","Reinforced Body+1","FTL","Undo","Streamline+1","Hologram+1","Meteor Strike","Gash","Genetic Algorithm","Doom and Gloom","Tempest","Defragment","Stack","Doom and Gloom","Hologram","Turbo+1","Forethought","Apotheosis","Ball Lightning+1","Self Repair+1","Hologram+1","Coolheaded+1","Hologram+1","Sweeping Beam+1","Conserve Battery+1"],"special_seed":0,"relics":["Cracked Core","NeowsBlessing","WarpedTongs","Art of War","Bag of Preparation","Ancient Tea Set","Fusion Hammer","PreservedInsect","Emotion Chip","Darkstone Periapt","Anchor","Prayer Wheel","Pandora\u0027s Box","Shuriken","Medical Kit","Oddly Smooth Stone"],"potions_floor_usage":[56],"damage_taken":[{"damage":0.0,"enemies":"2 Louse","floor":1.0,"turns":1.0},{"damage":2.0,"enemies":"Small Slimes","floor":5.0,"turns":1.0},{"damage":0.0,"enemies":"Gremlin Nob","floor":6.0,"turns":1.0},{"damage":11.0,"enemies":"Lagavulin","floor":8.0,"turns":6.0},{"damage":0.0,"enemies":"Cultist","floor":12.0,"turns":2.0},{"damage":5.0,"enemies":"The Guardian","floor":16.0,"turns":11.0},{"damage":0.0,"enemies":"2 Thieves","floor":18.0,"turns":5.0},{"damage":0.0,"enemies":"3 Byrds","floor":19.0,"turns":6.0},{"damage":23.0,"enemies":"Colosseum Slavers","floor":21.0,"turns":3.0},{"damage":18.0,"enemies":"Colosseum Nobs","floor":21.0,"turns":5.0},{"damage":15.0,"enemies":"Slavers","floor":23.0,"turns":7.0},{"damage":4.0,"enemies":"3 Cultists","floor":25.0,"turns":5.0},{"damage":4.0,"enemies":"Snake Plant","floor":28.0,"turns":4.0},{"damage":15.0,"enemies":"Centurion and Healer","floor":31.0,"turns":14.0},{"damage":67.0,"enemies":"Automaton","floor":33.0,"turns":14.0},{"damage":4.0,"enemies":"Orb Walker","floor":35.0,"turns":3.0},{"damage":0.0,"enemies":"3 Shapes","floor":38.0,"turns":3.0},{"damage":18.0,"enemies":"3 Darklings","floor":41.0,"turns":5.0},{"damage":3.0,"enemies":"Giant Head","floor":42.0,"turns":6.0},{"damage":1.0,"enemies":"4 Shapes","floor":44.0,"turns":6.0},{"damage":49.0,"enemies":"Spire Growth","floor":45.0,"turns":6.0},{"damage":6.0,"enemies":"Writhing Mass","floor":48.0,"turns":8.0},{"damage":12.0,"enemies":"Time Eater","floor":50.0,"turns":16.0},{"damage":36.0,"enemies":"Donu and Deca","floor":51.0,"turns":11.0},{"damage":48.0,"enemies":"Shield and Spear","floor":55.0,"turns":15.0},{"damage":101,"enemies":"The Heart","floor":56,"turns":6}],"seed_played":"-6472403105480451012","potions_obtained":[{"floor":5.0,"key":"FearPotion"},{"floor":8.0,"key":"SpeedPotion"},{"floor":16.0,"key":"AttackPotion"},{"floor":18.0,"key":"Strength Potion"},{"floor":19.0,"key":"Dexterity Potion"},{"floor":23.0,"key":"FocusPotion"},{"floor":33.0,"key":"SkillPotion"},{"floor":41.0,"key":"Block Potion"},{"floor":42.0,"key":"Fire Potion"}],"is_trial":false,"path_per_floor":["M","?","?","?","M","E","R","E","T","$","?","M","R","?","R","B",null,"M","M","$","?","?","E","R","M","T","R","M","?","$","M","R","B",null,"M","?","?","M","?","R","M","E","T","M","M","R","$","M","R","B","B",null,"R","$","E","B"],"character_chosen":"DEFECT","items_purchased":["Compile Driver","PreservedInsect","Capacitor","Undo","Medical Kit","Block Potion"],"campfire_rested":6,"item_purchase_floors":[10,20,20,30,47,47],"current_hp_per_floor":[64,43,48,48,46,46,46,35,35,35,24,24,24,43,43,38,67,67,67,67,26,41,26,48,44,44,44,47,47,47,52,74,14,61,57,57,47,47,40,62,51,55,55,61,42,64,64,76,76,76,60,72,76,76,68,0],"gold":58,"neow_bonus":"THREE_ENEMY_KILL","is_prod":false,"is_daily":false,"chose_seed":false,"campfire_upgraded":3,"win_rate":0,"timestamp":1543518909,"path_taken":["M","?","?","?","?","E","R","E","T","$","?","M","R","?","R","BOSS","M","M","$","?","?","E","R","M","T","R","M","?","?","?","R","BOSS","M","?","?","M","?","R","?","E","T","M","M","R","$","M","R","BOSS","BOSS","R","$","E","BOSS"],"build_version":"2018-11-15","purchased_purges":2,"victory":false,"max_hp_per_floor":[71,71,76,76,76,76,76,76,76,76,76,76,76,76,76,76,76,76,76,76,76,76,76,76,76,76,76,76,76,76,76,76,76,76,76,76,76,76,76,76,76,76,76,76,76,76,76,76,76,76,76,76,76,76,76,76],"card_choices":[{"not_picked":["Conserve Battery","Sweeping Beam"],"picked":"Sunder","floor":1.0},{"not_picked":["Chill","Go for the Eyes"],"picked":"Coolheaded","floor":5.0},{"not_picked":["Chaos","Rip and Tear"],"picked":"White Noise","floor":6.0},{"not_picked":["Rebound","Melter"],"picked":"Compile Driver","floor":8.0},{"not_picked":["BootSequence","Scrape"],"picked":"Glacier","floor":12.0},{"not_picked":["Reboot","Hyperbeam"],"picked":"Creative AI","floor":16.0},{"not_picked":["Turbo","Doom and Gloom"],"picked":"FTL","floor":18.0},{"not_picked":["Steam Power","Streamline"],"picked":"Defragment","floor":19.0},{"not_picked":["Coolheaded","Chill"],"picked":"Compile Driver+1","floor":21.0},{"not_picked":["Hello World","Conserve Battery"],"picked":"Self Repair","floor":23.0},{"not_picked":["Sunder","Storm+1"],"picked":"Auto Shields","floor":25.0},{"not_picked":["Barrage","Fusion"],"picked":"Reinforced Body+1","floor":28.0},{"not_picked":["Sweeping Beam","Skim"],"picked":"FTL","floor":28.0},{"not_picked":["Turbo","Barrage"],"picked":"Streamline+1","floor":31.0},{"not_picked":["Beam Cell","Capacitor+1"],"picked":"Hologram+1","floor":31.0},{"not_picked":["Thunder Strike","Electrodynamics"],"picked":"Meteor Strike","floor":33.0},{"not_picked":["Redo+1","Streamline"],"picked":"Hologram","floor":35.0},{"not_picked":["Redo","Leap"],"picked":"Turbo+1","floor":35.0},{"not_picked":["HandOfGreed","Transmutation"],"picked":"Forethought","floor":37.0},{"not_picked":["Good Instincts","HandOfGreed"],"picked":"Apotheosis","floor":37.0},{"not_picked":["Beam Cell","Auto Shields","Loop"],"picked":"SKIP","floor":38.0},{"not_picked":["Go for the Eyes","Streamline+1","Rebound"],"picked":"SKIP","floor":38.0},{"not_picked":["Barrage","Cold Snap+1","Leap+1"],"picked":"SKIP","floor":41.0},{"not_picked":["Steam","Self Repair","Compile Driver"],"picked":"SKIP","floor":41.0},{"not_picked":["Undo","Beam Cell+1"],"picked":"Ball Lightning+1","floor":42.0},{"not_picked":["Leap","Streamline"],"picked":"Self Repair+1","floor":44.0},{"not_picked":["Stack","Rebound"],"picked":"Hologram+1","floor":44.0},{"not_picked":["Leap+1","Cold Snap"],"picked":"Coolheaded+1","floor":45.0},{"not_picked":["Turbo","Ball Lightning"],"picked":"Hologram+1","floor":45.0},{"not_picked":["Gash","Rebound"],"picked":"Sweeping Beam+1","floor":48.0},{"not_picked":["Sweeping Beam","Steam Power","Streamline"],"picked":"SKIP","floor":48.0},{"not_picked":["Heatsinks","Compile Driver"],"picked":"Conserve Battery+1","floor":55.0}],"player_experience":1197904,"relics_obtained":[{"floor":6.0,"key":"Art of War"},{"floor":8.0,"key":"Bag of Preparation"},{"floor":9.0,"key":"Ancient Tea Set"},{"floor":21.0,"key":"Emotion Chip"},{"floor":21.0,"key":"Darkstone Periapt"},{"floor":23.0,"key":"Anchor"},{"floor":26.0,"key":"Prayer Wheel"},{"floor":42.0,"key":"Shuriken"},{"floor":55.0,"key":"Oddly Smooth Stone"}],"event_choices":[{"damage_healed":0.0,"max_hp_gain":0.0,"max_hp_loss":0.0,"gold_gain":0.0,"event_name":"Shining Light","player_choice":"Entered Light","floor":2.0,"gold_loss":0.0,"damage_taken":21.0,"cards_upgraded":["Defend_B","Sunder"]},{"damage_healed":0.0,"max_hp_gain":5.0,"max_hp_loss":0.0,"gold_gain":0.0,"event_name":"Big Fish","player_choice":"Donut","floor":3.0,"gold_loss":0.0,"damage_taken":0.0},{"damage_healed":0.0,"max_hp_gain":0.0,"max_hp_loss":0.0,"gold_gain":0.0,"event_name":"Accursed Blacksmith","player_choice":"Rummage","floor":4.0,"gold_loss":0.0,"damage_taken":0.0,"relics_obtained":["WarpedTongs"],"cards_obtained":["Pain"]},{"damage_healed":0.0,"max_hp_gain":0.0,"max_hp_loss":0.0,"gold_gain":75.0,"event_name":"World of Goop","player_choice":"Gather Gold","floor":11.0,"gold_loss":0.0,"damage_taken":11.0},{"damage_healed":19.0,"max_hp_gain":0.0,"max_hp_loss":0.0,"gold_gain":0.0,"event_name":"The Cleric","player_choice":"Healed","floor":14.0,"gold_loss":35.0,"damage_taken":0.0},{"damage_healed":0.0,"max_hp_gain":0.0,"max_hp_loss":0.0,"gold_gain":0.0,"event_name":"Colosseum","player_choice":"Fight","floor":21.0,"gold_loss":0.0,"damage_taken":0.0},{"damage_healed":0.0,"max_hp_gain":0.0,"max_hp_loss":0.0,"gold_gain":0.0,"event_name":"Colosseum","player_choice":"Fought Nobs","floor":21.0,"gold_loss":0.0,"damage_taken":0.0},{"damage_healed":15.0,"max_hp_gain":0.0,"max_hp_loss":0.0,"gold_gain":0.0,"event_name":"The Library","player_choice":"Heal","floor":22.0,"gold_loss":0.0,"damage_taken":0.0},{"damage_healed":0.0,"max_hp_gain":0.0,"max_hp_loss":0.0,"gold_gain":0.0,"event_name":"Ghosts","player_choice":"Ignored","floor":29.0,"gold_loss":0.0,"damage_taken":0.0},{"damage_healed":0.0,"max_hp_gain":0.0,"max_hp_loss":0.0,"gold_gain":0.0,"event_name":"Tomb of Lord Red Mask","player_choice":"Ignored","floor":36.0,"gold_loss":0.0,"damage_taken":0.0},{"damage_healed":0.0,"max_hp_gain":0.0,"max_hp_loss":0.0,"gold_gain":0.0,"event_name":"SensoryStone","player_choice":"Memory 3","floor":37.0,"gold_loss":0.0,"damage_taken":10.0},{"damage_healed":0.0,"max_hp_gain":0.0,"max_hp_loss":0.0,"gold_gain":50.0,"event_name":"FaceTrader","player_choice":"Touch","floor":39.0,"gold_loss":0.0,"damage_taken":7.0}],"is_beta":false,"boss_relics":[{"not_picked":["Coffee Dripper","Cursed Key"],"picked":"Fusion Hammer"},{"not_picked":["Runic Dome","Calling Bell"],"picked":"Pandora\u0027s Box"}],"items_purged_floors":[10,30],"is_endless":false,"potions_floor_spawned":[5,8,16,18,19,23,33,41,42,48],"killed_by":"The Heart","ascension_level":20}