{"gold_per_floor":[110,121,121,134,134,134,166,166,220,220,249,268,300,74,74,178,178,197,2,2,2,18,18,53,53,53,72,99,134,151,178,178,281,281,301,301,301,313,327,357,357,391,416,434,656,675,232,245,245,245],"floor_reached":51,"playtime":6820,"items_purged":["Strike_R","Strike_R+1"],"score":1478,"play_id":"95e5022f-ab80-44a2-aab1-e6f46242891b","local_time":"20180727130906","is_ascension_mode":true,"campfire_choices":[{"data":"Iron Wave","floor":6.0,"key":"SMITH"},{"data":"Pommel Strike","floor":8.0,"key":"SMITH"},{"data":"Bash","floor":10.0,"key":"SMITH"},{"data":"Havoc","floor":15.0,"key":"SMITH"},{"data":"Feed","floor":23.0,"key":"SMITH"},{"data":"Bloodletting","floor":25.0,"key":"SMITH"},{"data":"Flame Barrier","floor":32.0,"key":"SMITH"},{"data":"Strike_R+1","floor":41.0,"key":"PURGE"},{"data":"Bash+1","floor":49,"key":"PURGE"}],"neow_cost":"NONE","seed_source_timestamp":0,"circlet_count":0,"master_deck":["Defend_R","Defend_R","Defend_R","Defend_R","Immolate+1","Iron Wave+1","Pommel Strike+1","Shockwave","Havoc+1","Feed+1","Flame Barrier+1","True Grit+1","Bloodletting+1","Infernal Blade+1","Barricade","Corruption+1","Shrug It Off","Warcry+1","Sentinel+1","Offering","Thinking Ahead"],"special_seed":0,"relics":["Burning Blood","Bag of Marbles","Oddly Smooth Stone","Strawberry","Bronze Scales","Omamori","Coffee Dripper","ClockworkSouvenir","Bird Faced Urn","Dead Branch","Question Card","Red Mask","Whetstone","Lantern","Fusion Hammer","Peace Pipe","Kunai","Dream Catcher","Pen Nib"],"potions_floor_usage":[42,50,50,50,50],"damage_taken":[{"damage":7.0,"enemies":"Small Slimes","floor":1.0,"turns":2.0},{"damage":6.0,"enemies":"Jaw Worm","floor":2.0,"turns":5.0},{"damage":1.0,"enemies":"Cultist","floor":4.0,"turns":3.0},{"damage":6.0,"enemies":"Gremlin Nob","floor":7.0,"turns":4.0},{"damage":0.0,"enemies":"3 Sentries","floor":11.0,"turns":2.0},{"damage":5.0,"enemies":"Looter","floor":12.0,"turns":2.0},{"damage":16.0,"enemies":"Gremlin Nob","floor":13.0,"turns":3.0},{"damage":37.0,"enemies":"The Guardian","floor":16.0,"turns":7.0},{"damage":0.0,"enemies":"3 Byrds","floor":18.0,"turns":2.0},{"damage":9.0,"enemies":"2 Thieves","floor":22.0,"turns":2.0},{"damage":12.0,"enemies":"Book of Stabbing","floor":24.0,"turns":3.0},{"damage":3.0,"enemies":"Cultist and Chosen","floor":27.0,"turns":4.0},{"damage":4.0,"floor":28.0,"turns":2.0},{"damage":2.0,"enemies":"Slavers","floor":29.0,"turns":7.0},{"damage":0.0,"enemies":"Snecko","floor":30.0,"turns":2.0},{"damage":18.0,"enemies":"Gremlin Leader","floor":31.0,"turns":5.0},{"damage":46.0,"enemies":"Collector","floor":33.0,"turns":11.0},{"damage":1.0,"enemies":"3 Darklings","floor":35.0,"turns":6.0},{"damage":0.0,"floor":37.0,"turns":6.0},{"damage":1.0,"enemies":"3 Shapes","floor":38.0,"turns":3.0},{"damage":6.0,"enemies":"Spire Growth","floor":39.0,"turns":2.0},{"damage":9.0,"enemies":"Giant Head","floor":40.0,"turns":3.0},{"damage":12,"enemies":"2 Orb Walkers","floor":42,"turns":3},{"damage":0,"enemies":"Sphere and 2 Shapes","floor":44,"turns":3},{"damage":3,"enemies":"3 Darklings","floor":46,"turns":5},{"damage":17,"enemies":"Maw","floor":48,"turns":5},{"damage":18,"enemies":"Awakened One","floor":50,"turns":2}],"seed_played":"5165889707511966677","potions_obtained":[{"floor":1.0,"key":"AttackPotion"},{"floor":2.0,"key":"SteroidPotion"},{"floor":4.0,"key":"Strength Potion"},{"floor":16.0,"key":"SpeedPotion"},{"floor":18.0,"key":"EssenceOfSteel"},{"floor":31.0,"key":"Ancient Potion"},{"floor":33.0,"key":"EntropicBrew"},{"floor":37.0,"key":"Swift Potion"},{"floor":40.0,"key":"AttackPotion"},{"floor":42,"key":"Swift Potion"}],"is_trial":false,"path_per_floor":["M","M","?","M","?","R","E","R","T","R","E","M","E","$","R","B",null,"M","$","?","?","M","R","E","R","T","M","?","E","M","E","R","B",null,"M","?","?","M","M","E","R","E","T","M","?","M","$","M","R","B"],"character_chosen":"IRONCLAD","items_purchased":["Omamori","ClockworkSouvenir","Offering","Thinking Ahead"],"campfire_rested":0,"item_purchase_floors":[14,19,47,47],"current_hp_per_floor":[79,79,72,77,77,77,77,77,77,77,87,87,77,77,77,46,87,87,87,87,70,70,70,64,64,64,94,102,107,111,105,105,79,119,123,123,127,131,131,131,131,135,135,139,139,143,143,147,147,142],"gold":245,"neow_bonus":"ONE_RANDOM_RARE_CARD","is_prod":false,"is_daily":false,"chose_seed":false,"campfire_upgraded":7,"win_rate":0,"timestamp":1532660946,"path_taken":["M","M","?","M","?","R","E","R","T","R","E","M","E","$","R","BOSS","M","$","?","?","?","R","E","R","T","M","?","E","M","E","R","BOSS","M","?","?","M","M","E","R","E","T","M","?","M","$","?","R","BOSS"],"build_version":"2018-07-26","purchased_purges":2,"victory":true,"max_hp_per_floor":[80,80,80,80,80,80,80,80,80,80,87,87,87,87,87,87,87,87,87,87,92,95,95,95,95,95,99,103,107,111,115,115,119,119,123,123,127,131,131,131,131,135,135,139,139,143,143,147,147,147],"card_choices":[{"not_picked":["Sword Boomerang","Corruption"],"picked":"Iron Wave","floor":1.0},{"not_picked":["Combust","Sword Boomerang"],"picked":"Pommel Strike","floor":2.0},{"not_picked":["Sword Boomerang","Burning Pact"],"picked":"Shockwave","floor":4.0},{"not_picked":["Sever Soul","Sword Boomerang","Reckless Charge"],"picked":"SKIP","floor":7.0},{"not_picked":["Blood for Blood","True Grit"],"picked":"Havoc","floor":11.0},{"not_picked":["Rupture","Cleave","Thunderclap"],"picked":"SKIP","floor":12.0},{"not_picked":["Wild Strike","Havoc","Reckless Charge"],"picked":"SKIP","floor":13.0},{"not_picked":["Barricade","Juggernaut"],"picked":"Feed","floor":16.0},{"not_picked":["Uppercut","Searing Blow"],"picked":"Flame Barrier","floor":18.0},{"not_picked":["Cleave","Bloodletting"],"picked":"True Grit+1","floor":22.0},{"not_picked":["Anger","Fire Breathing+1"],"picked":"Bloodletting","floor":24.0},{"not_picked":["Iron Wave","Pommel Strike+1","Sword Boomerang"],"picked":"Infernal Blade+1","floor":27.0},{"not_picked":["True Grit","Headbutt+1","Demon Form","Pommel Strike"],"picked":"SKIP","floor":29.0},{"not_picked":["Armaments","Spot Weakness","Twin Strike+1","Rampage"],"picked":"SKIP","floor":30.0},{"not_picked":["Shockwave+1","Rage","Rupture","Pommel Strike"],"picked":"SKIP","floor":31.0},{"not_picked":["Limit Break","Feed","Dark Embrace"],"picked":"Barricade","floor":33.0},{"not_picked":["Shockwave+1","Heavy Blade+1","Iron Wave","True Grit"],"picked":"SKIP","floor":35.0},{"not_picked":["Perfected Strike+1","Iron Wave+1","Ghostly Armor+1"],"picked":"Corruption+1","floor":38.0},{"not_picked":["Shockwave+1","Body Slam+1","True Grit+1","Perfected Strike"],"picked":"SKIP","floor":39.0},{"not_picked":["Intimidate","Perfected Strike+1","Bludgeon"],"picked":"Shrug It Off","floor":40.0},{"not_picked":["Bloodletting","Shrug It Off+1","Anger+1"],"picked":"Warcry+1","floor":42},{"not_picked":["Clash","Dual Wield+1","Cleave","Wild Strike+1"],"picked":"SKIP","floor":44},{"not_picked":["Body Slam+1","Wild Strike+1","Pommel Strike"],"picked":"Sentinel+1","floor":46},{"not_picked":["Pommel Strike","Armaments+1","Perfected Strike","Carnage"],"picked":"SKIP","floor":48}],"player_experience":557509,"relics_obtained":[{"floor":7.0,"key":"Bag of Marbles"},{"floor":9.0,"key":"Oddly Smooth Stone"},{"floor":11.0,"key":"Strawberry"},{"floor":13.0,"key":"Bronze Scales"},{"floor":24.0,"key":"Dead Branch"},{"floor":26.0,"key":"Question Card"},{"floor":28.0,"key":"Red Mask"},{"floor":29.0,"key":"Whetstone"},{"floor":31.0,"key":"Lantern"},{"floor":37.0,"key":"Peace Pipe"},{"floor":40.0,"key":"Kunai"},{"floor":42,"key":"Dream Catcher"},{"floor":43,"key":"Pen Nib"}],"event_choices":[{"event_name":"Golden Wing","player_choice":"Card Removal","floor":3.0,"damage_taken":0.0},{"event_name":"Living Wall","player_choice":"Grow","floor":5.0,"damage_taken":0.0},{"event_name":"The Mausoleum","player_choice":"Yes","floor":20.0,"damage_taken":0.0},{"event_name":"Forgotten Altar","player_choice":"Shed Blood","floor":21.0,"damage_taken":0.0},{"event_name":"Masked Bandits","player_choice":"Fought over 72 gold","floor":28.0,"damage_taken":0.0},{"event_name":"Purifier","player_choice":"One Purge","floor":36.0,"damage_taken":0.0},{"event_name":"MindBloom","player_choice":"Fight","floor":37.0,"damage_taken":0.0},{"event_name":"Tomb of Lord Red Mask","player_choice":"Wore Mask","floor":45,"damage_taken":0}],"is_beta":false,"boss_relics":[{"not_picked":["Velvet Choker","Black Blood"],"picked":"Coffee Dripper"},{"not_picked":["Black Star","Empty Cage"],"picked":"Fusion Hammer"}],"items_purged_floors":[14,47],"is_endless":false,"potions_floor_spawned":[1,2,4,16,18,22,31,33,37,40,42],"ascension_level":3}