{"gold_per_floor":[115,115,133,153,169,199,199,228,228,262,262,297,315,329,329,428,428,439,424,171,182,182,182,202,232,258,274,288,288,301,318,318,318],"floor_reached":33,"playtime":2431,"items_purged":[],"score":364,"play_id":"559525bb-8e07-4916-bce5-09177dcdcecf","local_time":"20190719005941","is_ascension_mode":true,"campfire_choices":[{"floor":7,"key":"REST"},{"floor":11,"key":"DIG"},{"floor":15,"key":"DIG"},{"floor":23,"key":"DIG"},{"floor":29,"key":"REST"},{"floor":32,"key":"DIG"}],"neow_cost":"NONE","seed_source_timestamp":456261852798195,"circlet_count":0,"master_deck":["Strike_R","Strike_R","Strike_R","Strike_R","Defend_R","Defend_R","Defend_R","Bash+1","Dropkick","Flex","Pommel Strike","Headbutt","Havoc","Iron Wave","Ghostly Armor","Warcry","Twin Strike","Headbutt","Double Tap","Seeing Red","Anger+1","Disarm+1","Rage","Bloodletting","Shockwave","Infernal Blade","Wild Strike+1","True Grit+1","Warcry","Sword Boomerang+1","Flex","Iron Wave+1"],"relics":["Burning Blood","Bag of Preparation","Orichalcum","Pantograph","Shovel","Darkstone Periapt","Anchor","Self Forming Clay","Fusion Hammer","Paper Frog","Prayer Wheel","Strawberry","Molten Egg 2"],"potions_floor_usage":[8,10,12,14,16,31,33,33],"damage_taken":[{"damage":6,"enemies":"Cultist","floor":1,"turns":3},{"damage":3,"enemies":"2 Louse","floor":3,"turns":2},{"damage":12,"enemies":"Jaw Worm","floor":4,"turns":2},{"damage":9,"enemies":"Exordium Wildlife","floor":5,"turns":5},{"damage":25,"enemies":"Lagavulin","floor":6,"turns":5},{"damage":30,"enemies":"3 Sentries","floor":8,"turns":6},{"damage":18,"enemies":"Lagavulin","floor":10,"turns":5},{"damage":7,"enemies":"Gremlin Nob","floor":12,"turns":3},{"damage":7,"enemies":"Blue Slaver","floor":13,"turns":3},{"damage":0,"enemies":"2 Fungi Beasts","floor":14,"turns":2},{"damage":35,"enemies":"Slime Boss","floor":16,"turns":10},{"damage":0,"enemies":"Chosen","floor":18,"turns":4},{"damage":16,"enemies":"2 Thieves","floor":19,"turns":4},{"damage":20,"enemies":"Snake Plant","floor":21,"turns":3},{"damage":17,"enemies":"3 Cultists","floor":24,"turns":5},{"damage":39,"enemies":"Slavers","floor":25,"turns":7},{"damage":3,"enemies":"Snecko","floor":27,"turns":6},{"damage":2,"enemies":"Snake Plant","floor":28,"turns":3},{"damage":9,"enemies":"3 Cultists","floor":30,"turns":5},{"damage":18,"enemies":"Sentry and Sphere","floor":31,"turns":5},{"damage":80,"enemies":"Champ","floor":33,"turns":10}],"seed_played":"5664636222798682141","potions_obtained":[{"floor":1,"key":"Weak Potion"},{"floor":4,"key":"Fire Potion"},{"floor":8,"key":"Weak Potion"},{"floor":12,"key":"Regen Potion"},{"floor":13,"key":"Energy Potion"},{"floor":24,"key":"LiquidBronze"},{"floor":27,"key":"Explosive Potion"},{"floor":28,"key":"Block Potion"}],"is_trial":false,"path_per_floor":["M","?","M","M","M","E","R","E","T","E","R","E","M","M","R","B",null,"M","M","$","M","?","R","M","E","T","M","M","R","M","M","R","B"],"character_chosen":"IRONCLAD","items_purchased":["Paper Frog"],"campfire_rested":2,"item_purchase_floors":[20],"current_hp_per_floor":[80,80,80,74,71,52,76,52,52,40,40,39,38,44,44,52,80,80,70,70,56,56,56,45,19,19,22,26,52,49,37,37,0],"gold":318,"neow_bonus":"UPGRADE_CARD","is_prod":false,"is_daily":false,"chose_seed":false,"campfire_upgraded":0,"win_rate":0,"timestamp":1563490781,"path_taken":["M","?","M","M","M","E","R","E","T","E","R","E","M","M","R","BOSS","M","M","$","?","?","R","M","E","T","?","M","R","M","M","R","BOSS"],"build_version":"2019-07-17","purchased_purges":0,"victory":false,"max_hp_per_floor":[80,80,80,80,80,80,80,80,80,80,80,80,80,80,80,80,80,80,80,80,80,80,80,80,87,87,87,87,87,87,87,87,87],"card_choices":[{"not_picked":["Headbutt","True Grit"],"picked":"Dropkick","floor":1},{"not_picked":["Hemokinesis","Heavy Blade"],"picked":"Flex","floor":3},{"not_picked":["Blood for Blood","Wild Strike"],"picked":"Pommel Strike","floor":4},{"not_picked":["Searing Blow","Rage"],"picked":"Headbutt","floor":5},{"not_picked":["Sword Boomerang","Rupture"],"picked":"Havoc","floor":6},{"not_picked":["Impervious","Burning Pact"],"picked":"Iron Wave","floor":8},{"not_picked":["Blood for Blood","Havoc"],"picked":"Ghostly Armor","floor":10},{"not_picked":["Sever Soul","Body Slam"],"picked":"Warcry","floor":12},{"not_picked":["Wild Strike","Havoc"],"picked":"Twin Strike","floor":13},{"not_picked":["Warcry","Bloodletting"],"picked":"Headbutt","floor":14},{"not_picked":["Juggernaut","Impervious"],"picked":"Double Tap","floor":16},{"not_picked":["Perfected Strike","Clothesline"],"picked":"Seeing Red","floor":18},{"not_picked":["Pommel Strike","Headbutt"],"picked":"Anger+1","floor":19},{"not_picked":["Spot Weakness","Intimidate"],"picked":"Disarm+1","floor":21},{"not_picked":["Cleave","Thunderclap"],"picked":"Rage","floor":24},{"not_picked":["True Grit","Havoc"],"picked":"Bloodletting","floor":24},{"not_picked":["Disarm+1","Barricade"],"picked":"Shockwave","floor":25},{"not_picked":["Body Slam","Headbutt"],"picked":"Infernal Blade","floor":27},{"not_picked":["Havoc","Body Slam"],"picked":"Wild Strike+1","floor":27},{"not_picked":["Anger","Pummel"],"picked":"True Grit+1","floor":28},{"not_picked":["Armaments","Heavy Blade+1"],"picked":"Warcry","floor":28},{"not_picked":["Havoc","Whirlwind"],"picked":"Sword Boomerang+1","floor":30},{"not_picked":["Fire Breathing","Clash"],"picked":"Flex","floor":30},{"not_picked":["Dropkick","Carnage"],"picked":"Iron Wave+1","floor":31},{"not_picked":["Anger","Fiend Fire","Thunderclap"],"picked":"SKIP","floor":31}],"player_experience":221392,"relics_obtained":[{"floor":6,"key":"Bag of Preparation"},{"floor":8,"key":"Orichalcum"},{"floor":9,"key":"Pantograph"},{"floor":10,"key":"Shovel"},{"floor":11,"key":"Darkstone Periapt"},{"floor":12,"key":"Anchor"},{"floor":15,"key":"Self Forming Clay"},{"floor":23,"key":"Prayer Wheel"},{"floor":25,"key":"Strawberry"},{"floor":32,"key":"Molten Egg 2"}],"event_choices":[{"cards_removed":["Defend_R"],"damage_healed":0,"gold_gain":0,"player_choice":"Offered Basic","damage_taken":0,"max_hp_gain":0,"max_hp_loss":0,"event_name":"Bonfire Elementals","floor":2,"gold_loss":0},{"cards_removed":["Strike_R"],"damage_healed":0,"gold_gain":0,"player_choice":"Card Removal","damage_taken":0,"max_hp_gain":0,"max_hp_loss":0,"event_name":"Wheel of Change","floor":22,"gold_loss":0}],"is_beta":false,"boss_relics":[{"not_picked":["Sozu","Orrery"],"picked":"Fusion Hammer"}],"items_purged_floors":[],"is_endless":false,"potions_floor_spawned":[1,4,8,12,13,24,27,28],"killed_by":"Champ","ascension_level":4}