{"gold_per_floor":[118,43,118,135,115,115,127,153,153,187,199,199],"floor_reached":12,"playtime":392,"items_purged":["Shame"],"score":176,"play_id":"31af15ee-ca21-4747-aef2-8d97c80f01a1","local_time":"20181125185757","is_ascension_mode":true,"campfire_choices":[{"data":"Bash","floor":6,"key":"SMITH"}],"neow_cost":"CURSE","seed_source_timestamp":21582161181283,"circlet_count":0,"master_deck":["AscendersBane","Strike_R","Strike_R","Strike_R","Strike_R","Strike_R","Defend_R","Defend_R","Defend_R","Defend_R","Bash+1","Evolve","Shrug It Off","Pommel Strike","Iron Wave","Dropkick","Exhume"],"relics":["Burning Blood","Shuriken","Question Card","Mummified Hand"],"potions_floor_usage":[8,10],"damage_taken":[{"damage":7,"enemies":"Small Slimes","floor":1,"turns":4},{"damage":12,"enemies":"Jaw Worm","floor":4,"turns":4},{"damage":0,"enemies":"Cultist","floor":7,"turns":4},{"damage":32,"enemies":"Lagavulin","floor":8,"turns":6},{"damage":26,"enemies":"Gremlin Nob","floor":10,"turns":4},{"damage":20,"enemies":"Lots of Slimes","floor":11,"turns":7},{"damage":12,"enemies":"3 Sentries","floor":12,"turns":4}],"seed_played":"4522375649490526396","potions_obtained":[{"floor":4,"key":"SteroidPotion"},{"floor":5,"key":"Energy Potion"}],"is_trial":false,"path_per_floor":["M","$","?","M","?","R","M","E","T","E","M","E"],"character_chosen":"IRONCLAD","items_purchased":[],"campfire_rested":0,"item_purchase_floors":[],"current_hp_per_floor":[81,81,70,64,64,64,70,44,44,24,10,0],"gold":199,"neow_bonus":"TWENTY_PERCENT_HP_BONUS","is_prod":false,"is_daily":false,"chose_seed":false,"campfire_upgraded":1,"win_rate":0,"timestamp":1543190277,"path_taken":["M","$","?","M","?","R","?","E","T","E","?","E"],"build_version":"2018-11-15","purchased_purges":1,"victory":false,"max_hp_per_floor":[89,89,89,89,89,89,89,89,89,89,89,89],"card_choices":[{"not_picked":["True Grit","Anger"],"picked":"Evolve","floor":1},{"not_picked":["Pommel Strike","Blood for Blood"],"picked":"Shrug It Off","floor":4},{"not_picked":["Warcry","Twin Strike"],"picked":"Pommel Strike","floor":7},{"not_picked":["Flex","Sever Soul"],"picked":"Iron Wave","floor":8},{"not_picked":["Sword Boomerang","Shrug It Off","Wild Strike"],"picked":"Dropkick","floor":10},{"not_picked":["Thunderclap","Sword Boomerang","Flex"],"picked":"Exhume","floor":11}],"player_experience":1161416,"relics_obtained":[{"floor":8,"key":"Shuriken"},{"floor":9,"key":"Question Card"},{"floor":10,"key":"Mummified Hand"}],"event_choices":[{"damage_healed":0,"gold_gain":75,"player_choice":"Gather Gold","damage_taken":11,"max_hp_gain":0,"max_hp_loss":0,"event_name":"World of Goop","floor":3,"gold_loss":0},{"damage_healed":0,"gold_gain":0,"player_choice":"Bought 1 Potion","damage_taken":0,"max_hp_gain":0,"max_hp_loss":0,"event_name":"The Woman in Blue","floor":5,"gold_loss":0}],"is_beta":false,"boss_relics":[],"items_purged_floors":[2],"is_endless":false,"potions_floor_spawned":[4],"killed_by":"3 Sentries","ascension_level":20}