{"gold_per_floor":[118,128,144,158,171,171,171,171,195,229,254,282,294,320,332,417,429,457,450,482,494,523,535,547],"floor_reached":24,"playtime":1092,"items_purged":[],"score":347,"play_id":"2abf8319-e542-412a-af5e-e80f8269eeb3","local_time":"20190707194508","is_ascension_mode":true,"campfire_choices":[{"data":"Leap","floor":6,"key":"SMITH"},{"data":"Rebound","floor":8,"key":"SMITH"},{"floor":13,"key":"REST"},{"floor":15,"key":"REST"},{"floor":23,"key":"REST"}],"neow_cost":"NONE","seed_source_timestamp":5985583563778,"circlet_count":0,"master_deck":["AscendersBane","Zap+1","Dualcast","Leap+1","Rebound+1","Conserve Battery","Genetic Algorithm","Beam Cell","Doom and Gloom","Cold Snap","Defragment","Seek","Cold Snap","FTL","FTL","Gash","Leap","Buffer","Creative AI","Genetic Algorithm","Recycle+1","Cold Snap+1"],"relics":["Cracked Core","Pen Nib","MawBank","Pandora\u0027s Box"],"potions_floor_usage":[4,14,16,24,24,24,24],"damage_taken":[{"damage":1,"enemies":"Cultist","floor":1,"turns":3},{"damage":2,"enemies":"Jaw Worm","floor":2,"turns":3},{"damage":6,"enemies":"2 Louse","floor":3,"turns":2},{"damage":5,"enemies":"Large Slime","floor":4,"turns":6},{"damage":10,"enemies":"2 Fungi Beasts","floor":5,"turns":3},{"damage":22,"enemies":"3 Sentries","floor":10,"turns":8},{"damage":0,"enemies":"Blue Slaver","floor":11,"turns":4},{"damage":14,"enemies":"Exordium Thugs","floor":12,"turns":5},{"damage":0,"enemies":"2 Fungi Beasts","floor":14,"turns":2},{"damage":28,"enemies":"The Guardian","floor":16,"turns":11},{"damage":7,"enemies":"Shell Parasite","floor":18,"turns":8},{"damage":10,"enemies":"2 Thieves","floor":19,"turns":4},{"damage":4,"enemies":"Centurion and Healer","floor":20,"turns":7},{"damage":16,"enemies":"Sentry and Sphere","floor":22,"turns":7},{"damage":55,"enemies":"Slavers","floor":24,"turns":3}],"seed_played":"1736934991090426239","potions_obtained":[{"floor":3,"key":"Block Potion"},{"floor":5,"key":"SteroidPotion"},{"floor":10,"key":"SteroidPotion"},{"floor":12,"key":"LiquidBronze"},{"floor":16,"key":"FearPotion"},{"floor":19,"key":"LiquidBronze"},{"floor":22,"key":"EntropicBrew"}],"is_trial":false,"path_per_floor":["M","M","M","M","M","R","?","R","T","E","M","M","R","M","R","B",null,"M","M","M","?","M","R","E"],"character_chosen":"DEFECT","items_purchased":[],"campfire_rested":3,"item_purchase_floors":[],"current_hp_per_floor":[63,61,55,50,40,40,40,40,40,18,18,4,25,25,46,18,58,51,41,37,37,21,42,0],"gold":547,"neow_bonus":"UPGRADE_CARD","is_prod":false,"is_daily":false,"chose_seed":false,"campfire_upgraded":2,"win_rate":0,"timestamp":1562543108,"path_taken":["M","M","M","M","M","R","?","R","T","E","M","?","R","M","R","BOSS","M","M","?","?","M","R","E"],"build_version":"2019-07-05","purchased_purges":0,"victory":false,"max_hp_per_floor":[71,71,71,71,71,71,71,71,71,71,71,71,71,71,71,71,71,71,71,71,71,71,71,71],"card_choices":[{"not_picked":["Turbo","Gash","Go for the Eyes"],"picked":"SKIP","floor":1},{"not_picked":["Double Energy","Aggregate","Recycle"],"picked":"SKIP","floor":2},{"not_picked":["Force Field","Scrape"],"picked":"Leap","floor":3},{"not_picked":["Force Field","Go for the Eyes"],"picked":"Rebound","floor":4},{"not_picked":["Blizzard","Streamline"],"picked":"Conserve Battery","floor":5},{"not_picked":["Meteor Strike","Static Discharge"],"picked":"Beam Cell","floor":10},{"not_picked":["Turbo","Compile Driver"],"picked":"Doom and Gloom","floor":11},{"not_picked":["Darkness","Sunder"],"picked":"Cold Snap","floor":12},{"not_picked":["Genetic Algorithm","Redo"],"picked":"Defragment","floor":14},{"not_picked":["Thunder Strike","Machine Learning"],"picked":"Seek","floor":16},{"not_picked":["Coolheaded","Sweeping Beam","Cold Snap"],"picked":"SKIP","floor":18},{"not_picked":["Double Energy","Genetic Algorithm","Ball Lightning"],"picked":"SKIP","floor":19},{"not_picked":["Gash","Auto Shields"],"picked":"Recycle+1","floor":20},{"not_picked":["Beam Cell","Compile Driver"],"picked":"Cold Snap+1","floor":22}],"player_experience":483804,"relics_obtained":[{"floor":9,"key":"Pen Nib"},{"floor":10,"key":"MawBank"}],"event_choices":[{"damage_healed":0,"gold_gain":0,"player_choice":"1 cards matched","damage_taken":0,"max_hp_gain":0,"max_hp_loss":0,"event_name":"Match and Keep!","floor":7,"gold_loss":0,"cards_obtained":["Genetic Algorithm"]},{"damage_healed":0,"gold_gain":0,"player_choice":"Ignored","damage_taken":0,"max_hp_gain":0,"max_hp_loss":0,"event_name":"Ghosts","floor":21,"gold_loss":0}],"is_beta":false,"boss_relics":[{"not_picked":["Astrolabe","Runic Pyramid"],"picked":"Pandora\u0027s Box"}],"items_purged_floors":[],"is_endless":false,"potions_floor_spawned":[3,5,10,12,16,19,22],"killed_by":"Slavers","ascension_level":14}