{"gold_per_floor":[160,171,186,203,215,241,241,241],"floor_reached":8,"playtime":700,"items_purged":[],"score":81,"play_id":"303adf12-88ea-4b03-a93e-db3677647832","local_time":"20190602194139","is_ascension_mode":true,"campfire_choices":[{"floor":7,"key":"REST"}],"neow_cost":"NONE","seed_source_timestamp":128227839329412,"circlet_count":0,"master_deck":["Defend_G","Defend_G","Defend_G","Defend_G","Defend_G","Strike_G","Strike_G","Strike_G","Strike_G","Strike_G","Survivor+1","Neutralize","Footwork","Backflip","Backflip","Bullet Time","Leg Sweep","Footwork+1"],"relics":["Tiny House","Frozen Egg 2"],"potions_floor_usage":[4,6,6,6],"damage_taken":[{"damage":1,"enemies":"Cultist","floor":1,"turns":5},{"damage":2,"enemies":"Jaw Worm","floor":2,"turns":7},{"damage":3,"enemies":"2 Louse","floor":3,"turns":5},{"damage":18,"enemies":"Lots of Slimes","floor":4,"turns":9},{"damage":1,"enemies":"Blue Slaver","floor":5,"turns":7},{"damage":20,"enemies":"Lagavulin","floor":6,"turns":14},{"damage":45,"enemies":"Gremlin Nob","floor":8,"turns":8}],"seed_played":"-4148049526613416451","potions_obtained":[{"floor":0,"key":"GamblersBrew"},{"floor":2,"key":"FearPotion"},{"floor":3,"key":"PowerPotion"},{"floor":4,"key":"Strength Potion"}],"is_trial":false,"path_per_floor":["M","M","M","M","M","E","R","E"],"character_chosen":"THE_SILENT","items_purchased":[],"campfire_rested":1,"item_purchase_floors":[],"current_hp_per_floor":[67,65,62,44,43,23,45,0],"gold":241,"neow_bonus":"BOSS_RELIC","is_prod":false,"is_daily":false,"chose_seed":false,"campfire_upgraded":0,"win_rate":0,"timestamp":1559518899,"path_taken":["M","M","M","M","M","E","R","E"],"build_version":"2019-01-23","purchased_purges":0,"victory":false,"max_hp_per_floor":[75,75,75,75,75,75,75,75],"card_choices":[{"not_picked":["Dodge and Roll","Backstab"],"picked":"Footwork","floor":0},{"not_picked":["Acrobatics","Deflect"],"picked":"Backflip","floor":1},{"not_picked":["Backstab","Dodge and Roll"],"picked":"Backflip","floor":2},{"not_picked":["Underhanded Strike","Outmaneuver"],"picked":"Bullet Time","floor":3},{"not_picked":["Outmaneuver","Accuracy","Infinite Blades"],"picked":"SKIP","floor":4},{"not_picked":["Dagger Spray","Dodge and Roll"],"picked":"Leg Sweep","floor":5},{"not_picked":["Finisher","Accuracy"],"picked":"Footwork","floor":6}],"player_experience":368930,"relics_obtained":[{"floor":6,"key":"Frozen Egg 2"}],"event_choices":[],"is_beta":false,"boss_relics":[],"items_purged_floors":[],"is_endless":false,"potions_floor_spawned":[2,3,4],"killed_by":"Gremlin Nob","ascension_level":7}