{"gold_per_floor":[211,191,209,222,236,236,8,38,38,50,125,125,151,171,171,171],"floor_reached":16,"playtime":710,"items_purged":[],"score":224,"play_id":"0c587af9-23fa-4b00-a41e-041186072064","local_time":"20190124161222","is_ascension_mode":true,"campfire_choices":[{"data":"Zap","floor":6,"key":"SMITH"},{"floor":12,"key":"REST"},{"data":"Hologram","floor":15,"key":"SMITH"}],"neow_cost":"NONE","seed_source_timestamp":356775707004876,"circlet_count":0,"master_deck":["AscendersBane","Strike_B","Strike_B","Strike_B","Strike_B","Defend_B","Defend_B","Defend_B","Defend_B","Zap+1","Dualcast","Auto Shields","Streamline","Cold Snap","Coolheaded","Glacier","Hologram+1","Ball Lightning","Heatsinks+1"],"relics":["Cracked Core","OrangePellets","Potion Belt","Question Card","Frozen Egg 2"],"potions_floor_usage":[5,16,16],"damage_taken":[{"damage":4,"enemies":"Jaw Worm","floor":1,"turns":3},{"damage":0,"enemies":"Cultist","floor":3,"turns":3},{"damage":9,"enemies":"Small Slimes","floor":4,"turns":4},{"damage":7,"enemies":"Exordium Wildlife","floor":5,"turns":4},{"damage":29,"enemies":"3 Sentries","floor":8,"turns":7},{"damage":2,"enemies":"3 Louse","floor":10,"turns":5},{"damage":12,"enemies":"Lagavulin","floor":13,"turns":10},{"damage":0,"enemies":"Looter","floor":14,"turns":3},{"damage":23,"enemies":"The Guardian","floor":16,"turns":11}],"seed_played":"4081221950008905634","potions_obtained":[{"floor":2,"key":"Fruit Juice"},{"floor":4,"key":"Explosive Potion"},{"floor":13,"key":"Fire Potion"}],"is_trial":false,"path_per_floor":["M","?","M","M","M","R","$","E","T","M","?","R","E","M","R","B"],"character_chosen":"DEFECT","items_purchased":["OrangePellets"],"campfire_rested":1,"item_purchase_floors":[7],"current_hp_per_floor":[60,60,60,51,44,44,44,15,15,13,2,23,11,11,11,0],"gold":171,"neow_bonus":"HUNDRED_GOLD","is_prod":false,"is_daily":false,"chose_seed":false,"campfire_upgraded":2,"win_rate":0,"timestamp":1548364342,"path_taken":["M","?","?","M","M","R","$","E","T","M","?","R","E","M","R","BOSS"],"build_version":"2019-01-23","purchased_purges":0,"victory":false,"max_hp_per_floor":[71,71,71,71,71,71,71,71,71,71,71,71,71,71,71,76],"card_choices":[{"not_picked":["Rebound","Redo"],"picked":"Auto Shields","floor":1},{"not_picked":["Storm","Redo"],"picked":"Streamline","floor":3},{"not_picked":["Beam Cell","Heatsinks"],"picked":"Cold Snap","floor":4},{"not_picked":["Stack","Consume"],"picked":"Coolheaded","floor":5},{"not_picked":["Leap","Rebound"],"picked":"Glacier","floor":8},{"not_picked":["Skim","Gash","Chill"],"picked":"Hologram","floor":10},{"not_picked":["Doom and Gloom","Genetic Algorithm","Double Energy"],"picked":"Ball Lightning","floor":13},{"not_picked":["Storm+1","Hello World+1","Auto Shields"],"picked":"Heatsinks+1","floor":14}],"player_experience":1355069,"relics_obtained":[{"floor":8,"key":"Potion Belt"},{"floor":9,"key":"Question Card"},{"floor":13,"key":"Frozen Egg 2"}],"event_choices":[{"damage_healed":0,"gold_gain":0,"player_choice":"Bought 1 Potion","damage_taken":0,"max_hp_gain":0,"max_hp_loss":0,"event_name":"The Woman in Blue","floor":2,"gold_loss":0},{"damage_healed":0,"gold_gain":75,"player_choice":"Gather Gold","damage_taken":11,"max_hp_gain":0,"max_hp_loss":0,"event_name":"World of Goop","floor":11,"gold_loss":0}],"is_beta":false,"boss_relics":[],"items_purged_floors":[],"is_endless":false,"potions_floor_spawned":[4,13],"killed_by":"The Guardian","ascension_level":20}