{"gold_per_floor":[118,141,152,132,151,183,183,202,202,202,41,68,68,78,78,149,149,161,161,0,0,11,11,40,40,67,79,79,111,111,126,126,200,200,214,232,250,34,47,47,64,64,89,100,131,131,31,61,61,61,61],"floor_reached":52,"playtime":3037,"items_purged":["Shame","Strike_R+1"],"score":1970,"play_id":"733bc3f2-23c6-458f-81ab-0b6f78a802c7","local_time":"20181116130532","is_ascension_mode":true,"campfire_choices":[{"data":"Uppercut","floor":7.0,"key":"SMITH"},{"floor":10.0,"key":"REST"},{"data":"Bash","floor":13.0,"key":"SMITH"},{"data":"Disarm","floor":15.0,"key":"SMITH"},{"data":"Armaments","floor":23.0,"key":"SMITH"},{"data":"Corruption","floor":25.0,"key":"SMITH"},{"data":"Dark Embrace","floor":30.0,"key":"SMITH"},{"data":"Offering","floor":32.0,"key":"SMITH"},{"data":"Feel No Pain","floor":40.0,"key":"SMITH"},{"data":"Corruption","floor":42.0,"key":"SMITH"},{"data":"Battle Trance","floor":46.0,"key":"SMITH"},{"data":"Warcry","floor":49.0,"key":"SMITH"}],"neow_cost":"CURSE","seed_source_timestamp":174319632964544,"circlet_count":0,"master_deck":["AscendersBane","Strike_R+1","Strike_R+1","Strike_R+1","Strike_R+1","Defend_R+1","Defend_R+1","Defend_R+1","Defend_R+1","Bash+1","Fiend Fire+1","Shrug It Off","Reckless Charge","Uppercut+1","Battle Trance+1","Armaments+1","Corruption+1","Spot Weakness","Disarm+1","Offering+1","Pommel Strike+1","Exhume","Shrug It Off","Dark Embrace+1","Warcry+1","Seeing Red","Shrug It Off","Fiend Fire","Corruption+1","Armaments+1","Dark Embrace+1","Feel No Pain+1","Sentinel","Clumsy","Warcry","Limit Break"],"special_seed":0,"relics":["Burning Blood","Whetstone","Vajra","Ice Cream","Potion Belt","Coffee Dripper","Nilry\u0027s Codex","Bronze Scales","Regal Pillow","Meat on the Bone","Cursed Key","DollysMirror","Ancient Tea Set","Nunchaku","Smiling Mask"],"potions_floor_usage":[51,51,51],"damage_taken":[{"damage":1.0,"enemies":"Cultist","floor":1.0,"turns":3.0},{"damage":2.0,"enemies":"Jaw Worm","floor":3.0,"turns":3.0},{"damage":0.0,"enemies":"2 Louse","floor":5.0,"turns":2.0},{"damage":30.0,"enemies":"Lagavulin","floor":6.0,"turns":5.0},{"damage":10.0,"enemies":"Exordium Wildlife","floor":8.0,"turns":3.0},{"damage":10.0,"enemies":"3 Sentries","floor":12.0,"turns":5.0},{"damage":9.0,"enemies":"3 Louse","floor":14.0,"turns":4.0},{"damage":38.0,"enemies":"Hexaghost","floor":16.0,"turns":10.0},{"damage":13.0,"enemies":"2 Thieves","floor":18.0,"turns":4.0},{"damage":6.0,"enemies":"Shell Parasite","floor":22.0,"turns":6.0},{"damage":32.0,"enemies":"Book of Stabbing","floor":24.0,"turns":5.0},{"damage":0.0,"enemies":"Centurion and Healer","floor":27.0,"turns":4.0},{"damage":18.0,"enemies":"Gremlin Leader","floor":29.0,"turns":5.0},{"damage":0.0,"enemies":"Snake Plant","floor":31.0,"turns":3.0},{"damage":42.0,"enemies":"Collector","floor":33.0,"turns":9.0},{"damage":8.0,"enemies":"3 Shapes","floor":35.0,"turns":4.0},{"damage":6.0,"enemies":"3 Darklings","floor":36.0,"turns":3.0},{"damage":15.0,"enemies":"4 Shapes","floor":37.0,"turns":9.0},{"damage":40.0,"enemies":"Sphere and 2 Shapes","floor":39.0,"turns":10.0},{"damage":31.0,"enemies":"Jaw Worm Horde","floor":41.0,"turns":3.0},{"damage":6.0,"enemies":"Writhing Mass","floor":44.0,"turns":3.0},{"damage":0.0,"enemies":"Giant Head","floor":45.0,"turns":5.0},{"damage":1.0,"enemies":"Reptomancer","floor":48.0,"turns":2.0},{"damage":58.0,"enemies":"Awakened One","floor":50.0,"turns":7.0},{"damage":5,"enemies":"Time Eater","floor":51,"turns":8}],"seed_played":"1258897084780215760","potions_obtained":[{"floor":3.0,"key":"PowerPotion"},{"floor":4.0,"key":"Ancient Potion"},{"floor":8.0,"key":"Explosive Potion"},{"floor":14.0,"key":"FairyPotion"},{"floor":18.0,"key":"Poison Potion"},{"floor":24.0,"key":"Block Potion"},{"floor":27.0,"key":"FearPotion"},{"floor":37.0,"key":"BloodPotion"},{"floor":41.0,"key":"SneckoOil"},{"floor":45.0,"key":"SpeedPotion"},{"floor":48.0,"key":"Strength Potion"}],"is_trial":false,"path_per_floor":["M","T","M","?","M","E","R","M","T","R","$","E","R","M","R","B",null,"M","?","$","?","M","R","E","R","T","M","?","E","R","M","R","B",null,"M","M","M","$","M","R","M","R","T","M","E","R","$","E","R","B","B",null],"character_chosen":"IRONCLAD","items_purchased":["Corruption","Exhume","Regen Potion","DollysMirror"],"campfire_rested":1,"item_purchase_floors":[11,20,20,38],"current_hp_per_floor":[73,73,75,75,75,51,51,47,47,69,69,65,65,62,62,30,64,57,36,36,36,51,51,25,25,25,31,31,19,19,37,37,25,63,61,61,52,52,37,37,24,24,24,36,54,54,54,59,59,19,32],"gold":61,"neow_bonus":"THREE_RARE_CARDS","is_prod":false,"is_daily":false,"chose_seed":false,"campfire_upgraded":11,"win_rate":0,"timestamp":1542391532,"path_taken":["M","?","M","?","?","E","R","M","T","R","$","E","R","?","R","BOSS","M","?","$","?","M","R","E","R","T","M","?","E","R","M","R","BOSS","M","M","M","$","M","R","M","R","T","M","E","R","$","E","R","BOSS","BOSS"],"build_version":"2018-11-15","purchased_purges":2,"victory":true,"max_hp_per_floor":[75,75,75,75,75,75,75,75,75,75,75,75,75,75,75,75,75,75,75,75,75,75,75,75,75,75,75,75,75,75,75,75,75,75,75,75,75,75,75,75,75,75,75,75,75,75,75,75,75,75,75],"card_choices":[{"not_picked":["Reaper","Double Tap"],"picked":"Fiend Fire","floor":0.0},{"not_picked":["Rampage","Body Slam"],"picked":"Shrug It Off","floor":1.0},{"not_picked":["Clash","Flex"],"picked":"Reckless Charge","floor":3.0},{"not_picked":["Pommel Strike","Cleave"],"picked":"Uppercut","floor":5.0},{"not_picked":["Ghostly Armor","Iron Wave"],"picked":"Battle Trance","floor":6.0},{"not_picked":["Rupture","Uppercut"],"picked":"Armaments","floor":8.0},{"not_picked":["Uppercut","Second Wind"],"picked":"Spot Weakness","floor":12.0},{"not_picked":["Sword Boomerang","Pummel"],"picked":"Disarm","floor":14.0},{"not_picked":["Immolate","Berserk"],"picked":"Offering","floor":16.0},{"not_picked":["Warcry","Inflame"],"picked":"Pommel Strike+1","floor":18.0},{"not_picked":["Twin Strike+1","Intimidate+1"],"picked":"Shrug It Off","floor":22.0},{"not_picked":["Metallicize","Armaments"],"picked":"Dark Embrace","floor":24.0},{"not_picked":["Bloodletting","Twin Strike"],"picked":"Warcry","floor":27.0},{"not_picked":["Clash","Berserk"],"picked":"Seeing Red","floor":29.0},{"not_picked":["Intimidate","Second Wind"],"picked":"Shrug It Off","floor":31.0},{"not_picked":["Exhume","Bludgeon"],"picked":"Fiend Fire","floor":33.0},{"not_picked":["Rupture","Rage","Seeing Red"],"picked":"SKIP","floor":35.0},{"not_picked":["Perfected Strike","Dual Wield"],"picked":"Corruption","floor":36.0},{"not_picked":["Perfected Strike","Cleave"],"picked":"Armaments+1","floor":37.0},{"not_picked":["Heavy Blade+1","Rupture"],"picked":"Feel No Pain","floor":39.0},{"not_picked":["Twin Strike","Fire Breathing"],"picked":"Sentinel","floor":41.0},{"not_picked":["Flex","Bloodletting","Anger"],"picked":"SKIP","floor":44.0},{"not_picked":["Flex+1","Twin Strike"],"picked":"Warcry","floor":45.0},{"not_picked":["Searing Blow","Wild Strike"],"picked":"Limit Break","floor":48.0}],"player_experience":1066290,"relics_obtained":[{"floor":2.0,"key":"Whetstone"},{"floor":6.0,"key":"Vajra"},{"floor":9.0,"key":"Ice Cream"},{"floor":12.0,"key":"Potion Belt"},{"floor":19.0,"key":"Nilry\u0027s Codex"},{"floor":24.0,"key":"Bronze Scales"},{"floor":26.0,"key":"Regal Pillow"},{"floor":29.0,"key":"Meat on the Bone"},{"floor":43.0,"key":"Ancient Tea Set"},{"floor":45.0,"key":"Nunchaku"},{"floor":48.0,"key":"Smiling Mask"}],"event_choices":[{"damage_healed":0.0,"max_hp_gain":0.0,"max_hp_loss":0.0,"gold_gain":0.0,"event_name":"The Woman in Blue","player_choice":"Bought 1 Potion","floor":4.0,"gold_loss":0.0,"damage_taken":0.0},{"damage_healed":0.0,"max_hp_gain":0.0,"max_hp_loss":0.0,"gold_gain":0.0,"event_name":"Cursed Tome","player_choice":"Obtained Book","floor":19.0,"gold_loss":0.0,"damage_taken":21.0},{"damage_healed":0.0,"max_hp_gain":0.0,"max_hp_loss":0.0,"gold_gain":0.0,"event_name":"Beggar","player_choice":"Ignored","floor":21.0,"gold_loss":0.0,"damage_taken":0.0},{"damage_healed":0.0,"max_hp_gain":0.0,"max_hp_loss":0.0,"gold_gain":0.0,"event_name":"Back to Basics","player_choice":"Simplicity","floor":28.0,"gold_loss":0.0,"damage_taken":0.0,"cards_upgraded":["Strike_R","Strike_R","Strike_R","Strike_R","Defend_R","Defend_R","Defend_R","Defend_R"]}],"is_beta":false,"boss_relics":[{"not_picked":["Velvet Choker","Runic Cube"],"picked":"Coffee Dripper"},{"not_picked":["Busted Crown","Mark of Pain"],"picked":"Cursed Key"}],"items_purged_floors":[11,47],"is_endless":false,"potions_floor_spawned":[3,5,8,14,18,24,27,37,41,45,48],"ascension_level":20}