{"gold_per_floor":[114,114,127,138,158,192,211,211,238,238,253,253,266,293,293,293],"floor_reached":16,"playtime":1268,"items_purged":[],"score":114,"play_id":"49b7d6f2-4490-44f6-a7fd-9f5f233eb724","local_time":"20190705220015","is_ascension_mode":false,"campfire_choices":[{"floor":10,"key":"REST"},{"data":"Creative AI","floor":12,"key":"SMITH"},{"data":"Biased Cognition","floor":15,"key":"SMITH"}],"neow_cost":"NONE","seed_source_timestamp":1150470442544820,"circlet_count":0,"master_deck":["Strike_B","Strike_B","Strike_B","Strike_B","Defend_B","Defend_B","Defend_B","Defend_B","Zap+1","Dualcast","Glacier+1","Stack","Creative AI+1","White Noise","Streamline","Conserve Battery","Decay","Biased Cognition+1","Ball Lightning","Redo"],"relics":["Cracked Core","Boot","Orichalcum","Happy Flower"],"potions_floor_usage":[11,13,14,16],"damage_taken":[{"damage":0,"enemies":"Small Slimes","floor":1,"turns":3},{"damage":0,"enemies":"Cultist","floor":3,"turns":4},{"damage":2,"enemies":"Jaw Worm","floor":4,"turns":3},{"damage":4,"enemies":"Red Slaver","floor":5,"turns":4},{"damage":24,"enemies":"Lagavulin","floor":6,"turns":10},{"damage":4,"enemies":"Gremlin Gang","floor":7,"turns":4},{"damage":0,"enemies":"Lots of Slimes","floor":11,"turns":1},{"damage":0,"enemies":"Looter","floor":13,"turns":4},{"damage":2,"enemies":"Gremlin Nob","floor":14,"turns":3},{"damage":62,"enemies":"Hexaghost","floor":16,"turns":14}],"seed_played":"-4914888470968741382","potions_obtained":[{"floor":1,"key":"Explosive Potion"},{"floor":4,"key":"Explosive Potion"},{"floor":11,"key":"GamblersBrew"},{"floor":14,"key":"Block Potion"}],"is_trial":false,"path_per_floor":["M","?","M","M","M","E","M","?","T","R","M","R","M","E","R","B"],"character_chosen":"DEFECT","items_purchased":[],"campfire_rested":1,"item_purchase_floors":[],"current_hp_per_floor":[75,75,75,73,69,45,41,41,41,63,63,63,63,61,61,0],"gold":293,"neow_bonus":"UPGRADE_CARD","is_prod":false,"is_daily":false,"chose_seed":false,"campfire_upgraded":2,"win_rate":0.0,"timestamp":1562389215,"path_taken":["M","?","?","M","M","E","M","?","T","R","M","R","?","E","R","BOSS"],"build_version":"2019-07-05","purchased_purges":0,"victory":false,"max_hp_per_floor":[75,75,75,75,75,75,75,75,75,75,75,75,75,75,75,75],"card_choices":[{"not_picked":["Cold Snap","Fusion"],"picked":"Glacier","floor":1},{"not_picked":["Sweeping Beam","Compile Driver"],"picked":"Stack","floor":3},{"not_picked":["Beam Cell","Coolheaded"],"picked":"Creative AI","floor":4},{"not_picked":["Stack","Compile Driver"],"picked":"White Noise","floor":5},{"not_picked":["Gash","Steam"],"picked":"Streamline","floor":6},{"not_picked":["Barrage","Glacier"],"picked":"Conserve Battery","floor":7},{"not_picked":["Reprogram","Scrape"],"picked":"Biased Cognition","floor":11},{"not_picked":["Steam Power","Auto Shields"],"picked":"Ball Lightning","floor":13},{"not_picked":["Cold Snap","Fission"],"picked":"Redo","floor":14}],"player_experience":132873,"relics_obtained":[{"floor":6,"key":"Boot"},{"floor":9,"key":"Orichalcum"},{"floor":14,"key":"Happy Flower"}],"event_choices":[{"damage_healed":0,"gold_gain":0,"player_choice":"Upgraded","damage_taken":0,"max_hp_gain":0,"max_hp_loss":0,"event_name":"Upgrade Shrine","floor":2,"gold_loss":0,"cards_upgraded":["Glacier"]},{"damage_healed":0,"gold_gain":0,"player_choice":"Cursed","damage_taken":0,"max_hp_gain":0,"max_hp_loss":0,"event_name":"Wheel of Change","floor":8,"gold_loss":0,"cards_obtained":["Decay"]}],"is_beta":false,"boss_relics":[],"items_purged_floors":[],"is_endless":false,"potions_floor_spawned":[1,4,11,14],"killed_by":"Hexaghost","ascension_level":0}