{"gold_per_floor":[114,129,109,121,36,65,75,75,75,88,88,118,134,159,159,159],"floor_reached":16,"playtime":610,"items_purged":[],"score":244,"play_id":"a5739302-534a-4b6e-a618-f20d13015c6c","local_time":"20181030203050","is_ascension_mode":true,"campfire_choices":[{"data":"Immolate","floor":8,"key":"SMITH"},{"data":"Bash","floor":11,"key":"SMITH"},{"data":"Exhume","floor":15,"key":"SMITH"}],"neow_cost":"PERCENT_DAMAGE","seed_source_timestamp":1038233526107647,"circlet_count":0,"master_deck":["Strike_R","Strike_R","Strike_R","Strike_R","Strike_R","Defend_R","Defend_R","Defend_R","Defend_R","Bash+1","AscendersBane","Immolate+1","Warcry","Flame Barrier","Thunderclap","Exhume+1","Battle Trance","Power Through","Clothesline","Shockwave","Headbutt","Reaper"],"relics":["Burning Blood","Potion Belt","Self Forming Clay","Letter Opener","Blue Candle"],"potions_floor_usage":[6,12,14,16],"damage_taken":[{"damage":0,"enemies":"2 Louse","floor":1,"turns":2},{"damage":6,"enemies":"Cultist","floor":2,"turns":4},{"damage":0,"enemies":"Small Slimes","floor":4,"turns":2},{"damage":13,"enemies":"3 Sentries","floor":6,"turns":7},{"damage":10,"enemies":"Red Slaver","floor":7,"turns":5},{"damage":3,"enemies":"Blue Slaver","floor":10,"turns":4},{"damage":32,"enemies":"Lagavulin","floor":12,"turns":6},{"damage":5,"enemies":"Large Slime","floor":13,"turns":5},{"damage":15,"enemies":"3 Sentries","floor":14,"turns":6},{"damage":43,"enemies":"Slime Boss","floor":16,"turns":8}],"seed_played":"5471781267223661847","potions_obtained":[{"floor":1,"key":"SteroidPotion"},{"floor":3,"key":"Block Potion"},{"floor":7,"key":"Swift Potion"},{"floor":12,"key":"FearPotion"}],"is_trial":false,"path_per_floor":["M","M","?","M","$","E","M","R","T","M","R","E","M","E","R"],"character_chosen":"IRONCLAD","items_purchased":["Exhume"],"campfire_rested":0,"item_purchase_floors":[5],"current_hp_per_floor":[56,56,56,62,62,55,51,51,51,54,54,28,29,20,20,0],"gold":159,"neow_bonus":"THREE_RARE_CARDS","is_prod":false,"is_daily":false,"chose_seed":false,"campfire_upgraded":3,"win_rate":0,"timestamp":1540945850,"path_taken":["M","M","?","M","$","E","?","R","T","M","R","E","M","E","R","BOSS"],"build_version":"2018-10-25v2","purchased_purges":0,"victory":false,"max_hp_per_floor":[75,75,75,75,75,75,75,75,75,75,75,75,75,75,75,75],"card_choices":[{"not_picked":["Brutality","Demon Form"],"picked":"Immolate","floor":0},{"not_picked":["Sword Boomerang","Body Slam"],"picked":"Warcry","floor":1},{"not_picked":["Perfected Strike","Cleave"],"picked":"Flame Barrier","floor":2},{"not_picked":["Warcry","Body Slam"],"picked":"Thunderclap","floor":4},{"not_picked":["Carnage","Rage"],"picked":"Battle Trance","floor":6},{"not_picked":["Headbutt","Reckless Charge"],"picked":"Power Through","floor":7},{"not_picked":["Clash","Blood for Blood"],"picked":"Clothesline","floor":10},{"not_picked":["Clash","Flex"],"picked":"Shockwave","floor":12},{"not_picked":["Cleave","Body Slam"],"picked":"Headbutt","floor":13},{"not_picked":["Searing Blow","Hemokinesis"],"picked":"Reaper","floor":14}],"player_experience":1021246,"relics_obtained":[{"floor":6,"key":"Potion Belt"},{"floor":9,"key":"Self Forming Clay"},{"floor":12,"key":"Letter Opener"},{"floor":14,"key":"Blue Candle"}],"event_choices":[{"damage_healed":0,"gold_gain":0,"player_choice":"Bought 1 Potion","damage_taken":0,"max_hp_gain":0,"max_hp_loss":0,"event_name":"The Woman in Blue","floor":3,"gold_loss":0}],"is_beta":false,"boss_relics":[],"items_purged_floors":[],"is_endless":false,"potions_floor_spawned":[1,7,12],"killed_by":"Slime Boss","ascension_level":20}