{"gold_per_floor":[116,116,130,140,160,189,189,218,230,242,283,315,337,365,377,486,498,525,42,56,56,75,75,75,75,75,91,110,110,125,125],"floor_reached":31,"playtime":2319,"items_purged":["Injury"],"score":261,"play_id":"09b247ba-8a62-4bb6-ab75-dbb79a7b62e0","local_time":"20190705205852","is_ascension_mode":false,"campfire_choices":[{"floor":7,"key":"REST"},{"data":"Rebound","floor":10,"key":"SMITH"},{"floor":15,"key":"REST"},{"floor":23,"key":"REST"},{"floor":29,"key":"REST"}],"neow_cost":"NONE","seed_source_timestamp":1145733537299817,"circlet_count":0,"master_deck":["Strike_B","Strike_B","Strike_B","Strike_B","Defend_B","Defend_B","Defend_B+1","Defend_B","Zap+1","Dualcast","Cold Snap","Ball Lightning","Leap+1","Rebound+1","Capacitor","Melter","Ball Lightning","Doom and Gloom","Genetic Algorithm","Steam","Electrodynamics","Normality","Normality","Force Field","Loop","Magnetism","Conserve Battery+1","Sweeping Beam","Auto Shields+1"],"relics":["Cracked Core","Ornamental Fan","MawBank","Bottled Flame","Shovel","Calling Bell","War Paint","Singing Bowl","Pocketwatch","Ancient Tea Set","MutagenicStrength","Question Card"],"potions_floor_usage":[12,28,31],"damage_taken":[{"damage":0,"enemies":"Small Slimes","floor":1,"turns":2},{"damage":0,"enemies":"Cultist","floor":3,"turns":3},{"damage":6,"enemies":"Jaw Worm","floor":4,"turns":3},{"damage":0,"enemies":"Blue Slaver","floor":5,"turns":3},{"damage":13,"enemies":"3 Sentries","floor":6,"turns":7},{"damage":9,"enemies":"Gremlin Nob","floor":8,"turns":4},{"damage":29,"enemies":"Lagavulin","floor":11,"turns":6},{"damage":10,"enemies":"2 Fungi Beasts","floor":12,"turns":3},{"damage":7,"enemies":"3 Louse","floor":13,"turns":3},{"damage":2,"enemies":"Blue Slaver","floor":14,"turns":2},{"damage":32,"enemies":"Hexaghost","floor":16,"turns":7},{"damage":20,"enemies":"Spheric Guardian","floor":18,"turns":4},{"damage":5,"enemies":"Chosen","floor":20,"turns":3},{"damage":36,"enemies":"Centurion and Healer","floor":22,"turns":7},{"damage":28,"enemies":"Shelled Parasite and Fungi","floor":27,"turns":7},{"damage":2,"enemies":"Snecko","floor":28,"turns":5},{"damage":24,"enemies":"Centurion and Healer","floor":30,"turns":8},{"damage":10,"enemies":"Snake Plant","floor":31,"turns":2}],"seed_played":"8932176511753962250","potions_obtained":[{"floor":2,"key":"GamblersBrew"},{"floor":2,"key":"SneckoOil"},{"floor":2,"key":"Ancient Potion"},{"floor":5,"key":"Regen Potion"},{"floor":8,"key":"SpeedPotion"},{"floor":14,"key":"Ancient Potion"},{"floor":16,"key":"Ancient Potion"}],"is_trial":false,"path_per_floor":["M","?","M","M","M","E","R","E","T","R","E","M","M","M","R","B",null,"M","$","M","?","M","R","?","$","T","M","M","R","M","M"],"character_chosen":"DEFECT","items_purchased":["Loop","Magnetism","Ancient Tea Set"],"campfire_rested":4,"item_purchase_floors":[19,19,19],"current_hp_per_floor":[75,75,75,69,69,56,75,66,66,66,37,36,29,27,49,17,75,55,55,52,52,16,39,39,39,39,11,9,32,10,0],"gold":125,"neow_bonus":"UPGRADE_CARD","is_prod":false,"is_daily":false,"chose_seed":false,"campfire_upgraded":1,"win_rate":0.0,"timestamp":1562385532,"path_taken":["M","?","M","M","M","E","R","E","T","R","E","M","M","M","R","BOSS","M","$","M","?","M","R","?","?","T","M","M","R","?","M"],"build_version":"2019-07-05","purchased_purges":1,"victory":false,"max_hp_per_floor":[75,75,75,75,75,75,75,75,75,75,75,75,75,75,75,75,75,75,75,77,77,77,77,77,77,77,77,77,77,79,79],"card_choices":[{"not_picked":["Compile Driver","Gash"],"picked":"Cold Snap","floor":1},{"not_picked":["Redo","Doom and Gloom"],"picked":"Ball Lightning","floor":3},{"not_picked":["Hologram","Gash"],"picked":"Leap","floor":4},{"not_picked":["Hologram","Gash"],"picked":"Rebound","floor":5},{"not_picked":["Coolheaded","Conserve Battery"],"picked":"Capacitor","floor":6},{"not_picked":["Force Field","Fission"],"picked":"Melter","floor":8},{"not_picked":["Stack","Gash"],"picked":"Ball Lightning","floor":11},{"not_picked":["Melter","Cold Snap"],"picked":"Doom and Gloom","floor":12},{"not_picked":["Leap","Blizzard"],"picked":"Genetic Algorithm","floor":13},{"not_picked":["Coolheaded","Rip and Tear"],"picked":"Steam","floor":14},{"not_picked":["Buffer","Reboot"],"picked":"Electrodynamics","floor":16},{"not_picked":["Ball Lightning","Coolheaded"],"picked":"Force Field","floor":18},{"not_picked":["Glacier","Loop+1","Rebound"],"picked":"Singing Bowl","floor":20},{"not_picked":["Redo","Chill+1"],"picked":"Conserve Battery+1","floor":22},{"not_picked":["Barrage+1","Steam","Beam Cell+1"],"picked":"Sweeping Beam","floor":27},{"not_picked":["Hello World+1","Coolheaded","Skim+1"],"picked":"Auto Shields+1","floor":28},{"not_picked":["Amplify","Conserve Battery","Barrage","Beam Cell"],"picked":"Singing Bowl","floor":30}],"player_experience":128890,"relics_obtained":[{"floor":6,"key":"Ornamental Fan"},{"floor":8,"key":"MawBank"},{"floor":9,"key":"Bottled Flame"},{"floor":11,"key":"Shovel"},{"floor":17,"key":"War Paint"},{"floor":17,"key":"Singing Bowl"},{"floor":17,"key":"Pocketwatch"},{"floor":26,"key":"Question Card"}],"event_choices":[{"damage_healed":0,"gold_gain":0,"player_choice":"Got Potions","damage_taken":0,"max_hp_gain":0,"max_hp_loss":0,"event_name":"Lab","floor":2,"gold_loss":0},{"damage_healed":0,"gold_gain":0,"player_choice":"Ignored","damage_taken":0,"max_hp_gain":0,"max_hp_loss":0,"event_name":"Vampires","floor":21,"gold_loss":0},{"damage_healed":0,"gold_gain":0,"player_choice":"Inject Mutagens","damage_taken":0,"relics_obtained":["MutagenicStrength"],"max_hp_gain":0,"max_hp_loss":0,"event_name":"Drug Dealer","floor":24,"gold_loss":0}],"is_beta":false,"boss_relics":[{"not_picked":["Astrolabe","Coffee Dripper"],"picked":"Calling Bell"}],"items_purged_floors":[19],"is_endless":false,"potions_floor_spawned":[5,8,11,14,16,18,22,27],"killed_by":"Snake Plant","ascension_level":0}