{"gold_per_floor":[114,39,59,78,89,117,135,166,249,54,54,54,64,82,82,186,186,196,210,135,55,55,55,69,87,87,101,1,21,21],"floor_reached":30,"playtime":1754,"items_purged":["Defend_R","Evolve","Twin Strike"],"score":271,"play_id":"08a580a7-e18a-4adf-9964-3045ef4d9394","local_time":"20190627150711","is_ascension_mode":true,"campfire_choices":[{"data":"Dual Wield","floor":11,"key":"SMITH"},{"floor":15,"key":"REST"},{"floor":23,"key":"REST"}],"neow_cost":"TEN_PERCENT_HP_LOSS","seed_source_timestamp":680688943498436,"circlet_count":0,"master_deck":["Bash","Battle Trance","Anger+1","Shrug It Off","Shrug It Off","Inflame","Inflame","Dual Wield+1","Double Tap","Disarm","Dropkick","Flex+1","Spot Weakness","Iron Wave+1"],"relics":["Burning Blood","The Courier","Ornamental Fan","Tiny Chest","Kunai","Pandora\u0027s Box","Shuriken"],"potions_floor_usage":[6,13,14,14,19,27,29,29],"damage_taken":[{"damage":1,"enemies":"Cultist","floor":1,"turns":3},{"damage":0,"enemies":"Small Slimes","floor":3,"turns":3},{"damage":0,"enemies":"2 Louse","floor":4,"turns":3},{"damage":4,"enemies":"Red Slaver","floor":5,"turns":3},{"damage":16,"enemies":"3 Sentries","floor":6,"turns":9},{"damage":0,"enemies":"Blue Slaver","floor":7,"turns":4},{"damage":28,"enemies":"Gremlin Nob","floor":8,"turns":4},{"damage":13,"enemies":"3 Louse","floor":13,"turns":5},{"damage":0,"enemies":"Exordium Thugs","floor":14,"turns":5},{"damage":18,"enemies":"Hexaghost","floor":16,"turns":6},{"damage":27,"enemies":"Shell Parasite","floor":18,"turns":4},{"damage":24,"enemies":"2 Thieves","floor":19,"turns":4},{"damage":18,"enemies":"Snake Plant","floor":24,"turns":5},{"damage":14,"enemies":"Centurion and Healer","floor":25,"turns":3},{"damage":3,"enemies":"Snecko","floor":27,"turns":5},{"damage":18,"enemies":"Sentry and Sphere","floor":29,"turns":4},{"damage":31,"enemies":"Slavers","floor":30,"turns":3}],"seed_played":"2246427985034391772","potions_obtained":[{"floor":4,"key":"EssenceOfSteel"},{"floor":6,"key":"Dexterity Potion"},{"floor":7,"key":"GamblersBrew"},{"floor":8,"key":"PowerPotion"},{"floor":18,"key":"PowerPotion"},{"floor":24,"key":"GamblersBrew"},{"floor":25,"key":"GamblersBrew"},{"floor":27,"key":"Energy Potion"}],"is_trial":false,"path_per_floor":["M","$","M","M","M","E","M","E","T","$","R","?","M","M","R","B",null,"M","M","?","$","?","R","M","M","T","M","$","M","E"],"character_chosen":"IRONCLAD","items_purchased":["Kunai"],"campfire_rested":2,"item_purchase_floors":[10],"current_hp_per_floor":[72,72,72,72,72,62,68,46,46,46,46,46,39,45,66,54,72,51,33,33,33,33,54,42,34,34,37,37,25,0],"gold":21,"neow_bonus":"TRANSFORM_TWO_CARDS","is_prod":false,"is_daily":false,"chose_seed":false,"campfire_upgraded":1,"win_rate":0,"timestamp":1561640831,"path_taken":["M","?","?","M","M","E","M","E","T","$","R","?","M","?","R","BOSS","M","M","?","$","?","R","M","M","T","M","$","M","E"],"build_version":"2019-01-23","purchased_purges":3,"victory":false,"max_hp_per_floor":[72,72,72,72,72,72,72,72,72,72,72,72,72,72,72,72,72,72,72,72,72,72,72,72,72,72,72,72,72,72],"card_choices":[{"not_picked":["Clash","Carnage"],"picked":"Shrug It Off","floor":1},{"not_picked":["Headbutt","Reckless Charge","Iron Wave"],"picked":"SKIP","floor":3},{"not_picked":["Armaments","Blood for Blood","Fire Breathing"],"picked":"SKIP","floor":4},{"not_picked":["Heavy Blade","Sentinel"],"picked":"Shrug It Off","floor":5},{"not_picked":["Flame Barrier","Heavy Blade"],"picked":"Inflame","floor":6},{"not_picked":["Clash","Cleave"],"picked":"Inflame","floor":7},{"not_picked":["Combust","Shrug It Off"],"picked":"Dual Wield","floor":8},{"not_picked":["Headbutt","Wild Strike","Hemokinesis"],"picked":"SKIP","floor":13},{"not_picked":["Entrench","Clash","Combust"],"picked":"SKIP","floor":14},{"not_picked":["Offering","Impervious"],"picked":"Double Tap","floor":16},{"not_picked":["Clothesline","Clash"],"picked":"Flex+1","floor":18},{"not_picked":["Sword Boomerang","Shrug It Off","Warcry+1"],"picked":"SKIP","floor":19},{"not_picked":["Infernal Blade","Brutality","Body Slam"],"picked":"SKIP","floor":24},{"not_picked":["Warcry","Corruption"],"picked":"Iron Wave+1","floor":25},{"not_picked":["Spot Weakness","Headbutt+1","Cleave"],"picked":"SKIP","floor":27},{"not_picked":["Havoc","Limit Break","Headbutt"],"picked":"SKIP","floor":29}],"player_experience":149266,"relics_obtained":[{"floor":6,"key":"The Courier"},{"floor":8,"key":"Ornamental Fan"},{"floor":9,"key":"Tiny Chest"},{"floor":26,"key":"Shuriken"}],"event_choices":[{"damage_healed":0,"gold_gain":0,"player_choice":"Forge","damage_taken":0,"max_hp_gain":0,"max_hp_loss":0,"event_name":"Accursed Blacksmith","floor":12,"gold_loss":0,"cards_upgraded":["Anger"]},{"cards_removed":["Double Tap"],"damage_healed":0,"gold_gain":0,"player_choice":"Gave Gold","damage_taken":0,"max_hp_gain":0,"max_hp_loss":0,"event_name":"Beggar","floor":20,"gold_loss":75},{"damage_healed":0,"gold_gain":0,"cards_transformed":["Berserk"],"player_choice":"Transformed","damage_taken":0,"max_hp_gain":0,"max_hp_loss":0,"event_name":"Transmorgrifier","floor":22,"gold_loss":0,"cards_obtained":["Spot Weakness"]}],"is_beta":false,"boss_relics":[{"not_picked":["Sozu","Coffee Dripper"],"picked":"Pandora\u0027s Box"}],"items_purged_floors":[2,21,28],"is_endless":false,"potions_floor_spawned":[4,6,7,8,18,24,25,27],"killed_by":"Slavers","ascension_level":2}