{"gold_per_floor":[219,194,155,155,13,13,32,32,59,59,59,88,88,121,121,121],"floor_reached":16,"playtime":650,"items_purged":[],"score":146,"play_id":"184f4cbf-b19e-4086-8870-28d3e16b4a6f","local_time":"20190721204123","is_ascension_mode":true,"campfire_choices":[{"data":"Noxious Fumes","floor":6,"key":"SMITH"},{"data":"Poisoned Stab","floor":8,"key":"SMITH"},{"data":"Neutralize","floor":10,"key":"SMITH"},{"data":"Dodge and Roll","floor":15,"key":"SMITH"}],"neow_cost":"NONE","seed_source_timestamp":331907738121565,"circlet_count":0,"master_deck":["Strike_G","Strike_G","Strike_G","Strike_G","Defend_G","Defend_G","Defend_G","Defend_G","Defend_G","Survivor+1","Neutralize+1","Dodge and Roll+1","Leg Sweep+1","Noxious Fumes+1","Leg Sweep","Poisoned Stab+1","Blur","Parasite","Corpse Explosion"],"relics":["Ring of the Snake","War Paint","Vajra","Dodecahedron"],"potions_floor_usage":[16],"damage_taken":[{"damage":7,"enemies":"2 Louse","floor":1,"turns":3},{"damage":1,"enemies":"Small Slimes","floor":7,"turns":5},{"damage":18,"enemies":"3 Sentries","floor":12,"turns":8},{"damage":6,"enemies":"Lagavulin","floor":14,"turns":7},{"damage":48,"enemies":"Hexaghost","floor":16,"turns":10}],"seed_played":"-7235896417237267874","potions_obtained":[{"floor":14,"key":"PowerPotion"}],"is_trial":false,"path_per_floor":["M","?","$","?","$","R","M","R","T","R","?","E","?","E","R","B"],"character_chosen":"THE_SILENT","items_purchased":["Leg Sweep","Noxious Fumes","Leg Sweep"],"campfire_rested":0,"item_purchase_floors":[3,5,5],"current_hp_per_floor":[56,56,56,56,56,56,55,55,55,55,55,37,54,48,48,0],"gold":121,"neow_bonus":"HUNDRED_GOLD","is_prod":false,"is_daily":false,"chose_seed":false,"campfire_upgraded":4,"win_rate":0,"timestamp":1563759683,"path_taken":["M","?","$","?","$","R","M","R","T","R","?","E","?","E","R","BOSS"],"build_version":"2019-07-17","purchased_purges":0,"victory":false,"max_hp_per_floor":[70,70,70,70,70,70,70,70,70,70,70,70,70,70,70,70],"card_choices":[{"not_picked":["Deflect","Well Laid Plans"],"picked":"Dodge and Roll","floor":1},{"not_picked":["Deflect","Quick Slash"],"picked":"Poisoned Stab","floor":7},{"not_picked":["Masterful Stab","Outmaneuver"],"picked":"Blur","floor":12},{"not_picked":["Calculated Gamble","Bane"],"picked":"Corpse Explosion","floor":14}],"player_experience":199092,"relics_obtained":[{"floor":9,"key":"War Paint"},{"floor":12,"key":"Vajra"},{"floor":14,"key":"Dodecahedron"}],"event_choices":[{"damage_healed":0,"gold_gain":0,"player_choice":"Left Gold","damage_taken":0,"max_hp_gain":0,"max_hp_loss":0,"event_name":"World of Goop","floor":2,"gold_loss":25},{"cards_removed":["Strike_G"],"damage_healed":0,"gold_gain":0,"player_choice":"Forget","damage_taken":0,"max_hp_gain":0,"max_hp_loss":0,"event_name":"Living Wall","floor":4,"gold_loss":0},{"damage_healed":0,"gold_gain":0,"player_choice":"Ignored","damage_taken":0,"max_hp_gain":0,"max_hp_loss":0,"event_name":"Golden Idol","floor":11,"gold_loss":0},{"damage_healed":17,"gold_gain":0,"player_choice":"Healed and dodged fight","damage_taken":0,"max_hp_gain":0,"max_hp_loss":0,"event_name":"Mushrooms","floor":13,"gold_loss":0,"cards_obtained":["Parasite"]}],"is_beta":false,"boss_relics":[],"items_purged_floors":[],"is_endless":false,"potions_floor_spawned":[14],"killed_by":"Hexaghost","ascension_level":8}