{"gold_per_floor":[112,125,125,144,158,158,183,203,256,256,274,274,1,1,1,98,98,112,112,131,148,176,176,211,91,165,91,91,103,27,27,27,131,131,148,161,172,125,143,143,143],"floor_reached":41,"playtime":2843,"items_purged":[],"score":459,"play_id":"e51f0ce2-a4b5-4f1d-ae48-40825cb9f37a","local_time":"20190709021748","is_ascension_mode":true,"campfire_choices":[{"data":"Bash","floor":6,"key":"SMITH"},{"floor":12,"key":"REST"},{"floor":15,"key":"REST"},{"floor":23,"key":"REST"},{"floor":32,"key":"REST"},{"floor":40,"key":"REST"}],"neow_cost":"NONE","seed_source_timestamp":250020061413804,"circlet_count":0,"master_deck":["Strike_R","Strike_R","Strike_R","Strike_R","Strike_R","Defend_R","Defend_R","Defend_R","Defend_R","Bash+1","Iron Wave","Flame Barrier","Seeing Red","Iron Wave","Iron Wave","Pommel Strike","Inflame","Armaments","Pain","Juggernaut","Armaments","Injury","Uppercut+1","Infernal Blade+1","Body Slam+1","Good Instincts","Whirlwind","Shame","Inflame","Sentinel","Metallicize","Inflame","Feed","Disarm+1","Shrug It Off","Flex+1","Sword Boomerang","True Grit","Clothesline+1","Heavy Blade","Rampage","Cleave","Twin Strike"],"relics":["Burning Blood","Art of War","Blue Candle","Red Skull","WarpedTongs","Cursed Key","Anchor","Red Mask","Bottled Lightning","Self Forming Clay","Orrery"],"potions_floor_usage":[16,16,16,18,22,33,36,37,41],"damage_taken":[{"damage":1,"enemies":"Cultist","floor":1,"turns":3},{"damage":6,"enemies":"Jaw Worm","floor":2,"turns":3},{"damage":17,"enemies":"Small Slimes","floor":4,"turns":4},{"damage":15,"enemies":"Red Slaver","floor":5,"turns":4},{"damage":51,"enemies":"Lagavulin","floor":7,"turns":7},{"damage":7,"enemies":"Blue Slaver","floor":8,"turns":4},{"damage":6,"enemies":"Exordium Wildlife","floor":11,"turns":4},{"damage":41,"enemies":"Hexaghost","floor":16,"turns":8},{"damage":15,"enemies":"2 Thieves","floor":18,"turns":4},{"damage":9,"enemies":"Shell Parasite","floor":20,"turns":4},{"damage":17,"enemies":"Snecko","floor":21,"turns":5},{"damage":36,"enemies":"Masked Bandits","floor":22,"turns":5},{"damage":21,"enemies":"Slavers","floor":24,"turns":5},{"damage":2,"enemies":"Snake Plant","floor":29,"turns":3},{"damage":62,"enemies":"Collector","floor":33,"turns":8},{"damage":1,"enemies":"3 Shapes","floor":35,"turns":3},{"damage":0,"enemies":"3 Darklings","floor":36,"turns":2},{"damage":50,"enemies":"4 Shapes","floor":37,"turns":6},{"damage":37,"enemies":"Sphere and 2 Shapes","floor":39,"turns":6},{"damage":45,"enemies":"Nemesis","floor":41,"turns":8}],"seed_played":"-2496678090570498613","potions_obtained":[{"floor":5,"key":"SteroidPotion"},{"floor":7,"key":"Energy Potion"},{"floor":11,"key":"Poison Potion"},{"floor":16,"key":"PowerPotion"},{"floor":21,"key":"SkillPotion"},{"floor":29,"key":"FearPotion"},{"floor":33,"key":"SkillPotion"},{"floor":35,"key":"Energy Potion"},{"floor":39,"key":"LiquidBronze"}],"is_trial":false,"path_per_floor":["M","M","?","M","M","R","E","M","T","?","M","R","$","?","R","B",null,"M","T","M","M","?","R","E","$","T","$","$","M","$","?","R","B",null,"M","M","M","$","M","R","E"],"character_chosen":"IRONCLAD","items_purchased":["Red Skull","Inflame","Armaments","Good Instincts","Whirlwind","Inflame","Metallicize","Cleave"],"campfire_rested":5,"item_purchase_floors":[13,13,13,25,25,27,30,38],"current_hp_per_floor":[80,80,80,69,60,60,15,14,14,19,19,44,44,44,69,34,85,76,76,73,62,32,57,42,42,42,42,42,46,46,46,71,15,85,85,85,41,41,14,40,0],"gold":143,"neow_bonus":"RANDOM_COMMON_RELIC","is_prod":false,"is_daily":false,"chose_seed":false,"campfire_upgraded":1,"win_rate":0,"timestamp":1562663868,"path_taken":["M","M","?","M","?","R","E","M","T","?","M","R","$","?","R","BOSS","M","?","M","M","?","R","E","$","T","?","$","M","$","?","R","BOSS","M","M","M","$","M","R","E"],"build_version":"2019-07-05","purchased_purges":0,"victory":false,"max_hp_per_floor":[80,80,80,80,80,80,80,80,80,85,85,85,85,85,85,85,85,85,85,85,85,85,85,85,85,85,85,85,85,85,85,85,85,85,85,85,85,85,89,89,89],"card_choices":[{"not_picked":["True Grit","Sword Boomerang"],"picked":"Iron Wave","floor":1},{"not_picked":["Wild Strike","Seeing Red"],"picked":"Shrug It Off","floor":2},{"not_picked":["Iron Wave","Flex"],"picked":"Flame Barrier","floor":4},{"not_picked":["Shrug It Off","Flame Barrier"],"picked":"Seeing Red","floor":5},{"not_picked":["Impervious","Shrug It Off"],"picked":"Iron Wave","floor":7},{"not_picked":["Sword Boomerang","Ghostly Armor"],"picked":"Iron Wave","floor":8},{"not_picked":["Havoc","Perfected Strike"],"picked":"Pommel Strike","floor":11},{"not_picked":["Limit Break","Bludgeon"],"picked":"Juggernaut","floor":16},{"not_picked":["Headbutt","Havoc"],"picked":"Armaments","floor":18},{"not_picked":["Armaments","Thunderclap","Dropkick+1"],"picked":"SKIP","floor":20},{"not_picked":["Fiend Fire","Twin Strike"],"picked":"Uppercut+1","floor":21},{"not_picked":["Thunderclap","Uppercut"],"picked":"Infernal Blade+1","floor":22},{"not_picked":["Sentinel+1","Armaments"],"picked":"Body Slam+1","floor":24},{"not_picked":["Entrench","Corruption"],"picked":"Sentinel","floor":29},{"not_picked":["Limit Break","Berserk"],"picked":"Feed","floor":33},{"not_picked":["Spot Weakness","Body Slam+1"],"picked":"Disarm+1","floor":34},{"not_picked":["Second Wind+1","Sever Soul"],"picked":"Shrug It Off","floor":34},{"not_picked":["Pommel Strike+1","Twin Strike"],"picked":"Flex+1","floor":34},{"not_picked":["Warcry","Perfected Strike"],"picked":"Sword Boomerang","floor":34},{"not_picked":["Wild Strike","Uppercut"],"picked":"True Grit","floor":34},{"not_picked":["Armaments+1","Iron Wave+1"],"picked":"Clothesline+1","floor":35},{"not_picked":["Berserk","Shrug It Off"],"picked":"Heavy Blade","floor":36},{"not_picked":["Warcry+1","Flex+1"],"picked":"Rampage","floor":37},{"not_picked":["Dropkick+1","Clash"],"picked":"Twin Strike","floor":39}],"player_experience":222128,"relics_obtained":[{"floor":7,"key":"Blue Candle"},{"floor":19,"key":"Anchor"},{"floor":22,"key":"Red Mask"},{"floor":24,"key":"Bottled Lightning"},{"floor":26,"key":"Self Forming Clay"}],"event_choices":[{"cards_removed":["Shrug It Off"],"damage_healed":5,"gold_gain":0,"player_choice":"Offered Common","damage_taken":0,"max_hp_gain":0,"max_hp_loss":0,"event_name":"Bonfire Elementals","floor":3,"gold_loss":0},{"cards_removed":["Shrug It Off"],"damage_healed":5,"gold_gain":0,"player_choice":"Offered Special","damage_taken":0,"max_hp_gain":0,"max_hp_loss":0,"event_name":"Bonfire Elementals","floor":3,"gold_loss":0},{"damage_healed":0,"gold_gain":0,"player_choice":"Donut","damage_taken":0,"max_hp_gain":5,"max_hp_loss":0,"event_name":"Big Fish","floor":10,"gold_loss":0},{"damage_healed":0,"gold_gain":0,"player_choice":"Rummage","damage_taken":0,"relics_obtained":["WarpedTongs"],"max_hp_gain":0,"max_hp_loss":0,"event_name":"Accursed Blacksmith","floor":14,"gold_loss":0,"cards_obtained":["Pain"]},{"damage_healed":0,"gold_gain":0,"player_choice":"Fought Bandits","damage_taken":0,"max_hp_gain":0,"max_hp_loss":0,"event_name":"Masked Bandits","floor":22,"gold_loss":0},{"damage_healed":0,"gold_gain":0,"player_choice":"Read","damage_taken":0,"max_hp_gain":0,"max_hp_loss":0,"event_name":"The Library","floor":31,"gold_loss":0,"cards_obtained":["Inflame"]}],"is_beta":false,"boss_relics":[{"not_picked":["Philosopher\u0027s Stone","Ectoplasm"],"picked":"Cursed Key"},{"not_picked":["Runic Cube","White Beast Statue"],"picked":"Orrery"}],"items_purged_floors":[],"is_endless":false,"potions_floor_spawned":[5,7,11,16,21,29,33,35,39],"killed_by":"Nemesis","ascension_level":1}