{"gold_per_floor":[113,133,113,130,85,85,110,110,110,128,157,157,181,181,181,255,255,265,282,382,397,296,328,328,328,351,361,361,381,381,145,145,219,219,233,250,25,40,50,50,50,107,132,132,151,151,151,151,151,151],"floor_reached":50,"playtime":2649,"items_purged":["Strike_R"],"score":1009,"play_id":"7eea8850-59e2-4507-b2e3-0ae3bf82e5c2","local_time":"20181017190456","is_ascension_mode":true,"campfire_choices":[{"data":"Bash","floor":6,"key":"SMITH"},{"data":"Battle Trance","floor":8,"key":"SMITH"},{"data":"Body Slam","floor":12,"key":"SMITH"},{"data":"Pommel Strike","floor":15,"key":"SMITH"},{"data":"Whirlwind","floor":24,"key":"SMITH"},{"data":"Body Slam","floor":30,"key":"SMITH"},{"data":"Mayhem","floor":32,"key":"SMITH"},{"data":"True Grit","floor":40,"key":"SMITH"},{"data":"Demon Form","floor":44,"key":"SMITH"},{"data":"Sword Boomerang","floor":46,"key":"SMITH"},{"data":"Pommel Strike","floor":49,"key":"SMITH"}],"neow_cost":"PERCENT_DAMAGE","seed_source_timestamp":616702196238869,"circlet_count":0,"master_deck":["Strike_R","Defend_R","Defend_R","Defend_R","Defend_R","Bash+1","AscendersBane","Impervious","Battle Trance+1","Clothesline","Pommel Strike+1","Shrug It Off","Shrug It Off","Body Slam+1","Shrug It Off","Pommel Strike+1","Demon Form+1","Whirlwind+1","Rage+1","Reaper","Shrug It Off","Headbutt","Body Slam+1","Body Slam+1","Thunderclap","Mayhem+1","Offering","Feel No Pain+1","Battle Trance+1","Rampage+1","True Grit+1","Flame Barrier+1","Reaper","Shrug It Off","Sword Boomerang+1","Pommel Strike"],"relics":["Burning Blood","Bottled Lightning","Vajra","PreservedInsect","Odd Mushroom","Runic Dome","Turnip","Sundial","Omamori","Happy Flower","MutagenicStrength","Astrolabe","Lantern","Peace Pipe","Tiny Chest","Strawberry","StoneCalendar"],"potions_floor_usage":[4,7,7,16,16,23,23,38],"damage_taken":[{"damage":1,"enemies":"Jaw Worm","floor":1,"turns":5},{"damage":11,"enemies":"Cultist","floor":2,"turns":4},{"damage":3,"enemies":"2 Louse","floor":4,"turns":5},{"damage":9,"enemies":"3 Sentries","floor":7,"turns":11},{"damage":0,"enemies":"Large Slime","floor":10,"turns":6},{"damage":19,"enemies":"Lagavulin","floor":11,"turns":5},{"damage":9,"enemies":"The Mushroom Lair","floor":13,"turns":4},{"damage":42,"enemies":"Hexaghost","floor":16,"turns":16},{"damage":0,"enemies":"Chosen","floor":18,"turns":4},{"damage":22,"enemies":"Spheric Guardian","floor":19,"turns":4},{"damage":0,"enemies":"Colosseum Slavers","floor":20,"turns":4},{"damage":48,"enemies":"Colosseum Nobs","floor":20,"turns":5},{"damage":0,"enemies":"Shelled Parasite and Fungi","floor":21,"turns":7},{"damage":5,"enemies":"Slavers","floor":23,"turns":4},{"damage":17,"enemies":"3 Cultists","floor":27,"turns":6},{"damage":11,"enemies":"Centurion and Healer","floor":29,"turns":4},{"damage":0,"enemies":"Champ","floor":33,"turns":8},{"damage":25,"enemies":"3 Darklings","floor":35,"turns":6},{"damage":0,"enemies":"3 Shapes","floor":36,"turns":1},{"damage":49,"enemies":"Transient","floor":38,"turns":5},{"damage":31,"enemies":"Sphere and 2 Shapes","floor":39,"turns":6},{"damage":18,"enemies":"Mind Bloom Boss Battle","floor":41,"turns":7},{"damage":16,"enemies":"Giant Head","floor":42,"turns":6},{"damage":15,"enemies":"Reptomancer","floor":45,"turns":5},{"damage":89,"enemies":"Time Eater","floor":50,"turns":7}],"seed_played":"2785932397858611558","potions_obtained":[{"floor":1,"key":"BloodPotion"},{"floor":3,"key":"EssenceOfSteel"},{"floor":4,"key":"AttackPotion"},{"floor":10,"key":"BloodPotion"},{"floor":13,"key":"Block Potion"},{"floor":21,"key":"Explosive Potion"},{"floor":29,"key":"SteroidPotion"},{"floor":33,"key":"AttackPotion"},{"floor":38,"key":"SkillPotion"},{"floor":39,"key":"SteroidPotion"}],"is_trial":false,"path_per_floor":["M","M","?","M","$","R","E","R","T","M","E","R","?","?","R","B",null,"M","M","?","M","$","E","R","?","T","M","?","M","R","$","R","B",null,"M","M","$","M","M","R","?","E","T","R","M","R","?","T","R"],"character_chosen":"IRONCLAD","items_purchased":["Shrug It Off","Shrug It Off","SteroidPotion","Thunderclap","Mayhem","Lantern"],"campfire_rested":0,"item_purchase_floors":[5,22,22,31,31,37],"current_hp_per_floor":[55,50,50,60,60,60,57,57,57,63,50,50,47,36,36,7,58,64,48,12,18,18,24,24,24,24,23,23,34,34,34,34,62,72,68,74,74,42,32,32,39,66,73,73,82,82,82,82,82,0],"gold":151,"neow_bonus":"THREE_RARE_CARDS","is_prod":false,"is_daily":false,"chose_seed":false,"campfire_upgraded":11,"win_rate":0,"timestamp":1539817496,"path_taken":["M","M","?","?","$","R","E","R","T","M","E","R","?","?","R","BOSS","M","M","?","?","?","E","R","?","T","M","?","M","R","$","R","BOSS","M","M","$","M","M","R","?","E","T","R","M","R","?","?","R","BOSS"],"build_version":"2018-10-11","purchased_purges":1,"victory":false,"max_hp_per_floor":[75,75,75,75,75,75,75,75,75,75,75,75,75,75,75,75,75,75,75,75,75,75,75,75,75,75,75,75,75,75,75,75,75,75,75,75,75,75,75,75,75,75,82,82,82,82,82,82,82,82],"card_choices":[{"not_picked":["Brutality","Barricade"],"picked":"Impervious","floor":0},{"not_picked":["Clash","Rupture"],"picked":"Battle Trance","floor":1},{"not_picked":["Flex","Reckless Charge"],"picked":"Clothesline","floor":2},{"not_picked":["Clash","Seeing Red"],"picked":"Pommel Strike","floor":4},{"not_picked":["Burning Pact","Sever Soul"],"picked":"Shrug It Off","floor":7},{"not_picked":["Power Through","Reckless Charge"],"picked":"Body Slam","floor":10},{"not_picked":["Iron Wave","Thunderclap"],"picked":"Shrug It Off","floor":11},{"not_picked":["Disarm","Carnage"],"picked":"Pommel Strike","floor":13},{"not_picked":["Barricade","Reaper"],"picked":"Demon Form","floor":16},{"not_picked":["Clothesline","Anger"],"picked":"Whirlwind","floor":18},{"not_picked":["Spot Weakness","Uppercut","Armaments"],"picked":"SKIP","floor":19},{"not_picked":["Perfected Strike","Anger"],"picked":"Rage+1","floor":20},{"not_picked":["Cleave","Warcry"],"picked":"Reaper","floor":21},{"not_picked":["Cleave","Flex"],"picked":"Headbutt","floor":23},{"not_picked":["Anger","Armaments"],"picked":"Body Slam","floor":27},{"not_picked":["Blood for Blood","Dual Wield"],"picked":"Body Slam+1","floor":29},{"not_picked":["Limit Break","Immolate"],"picked":"Offering","floor":33},{"not_picked":["Fire Breathing","Cleave","Bloodletting+1"],"picked":"SKIP","floor":35},{"not_picked":["Heavy Blade","Clash+1"],"picked":"True Grit","floor":36},{"not_picked":["Fire Breathing","Burning Pact"],"picked":"Flame Barrier+1","floor":38},{"not_picked":["Combust+1","Evolve"],"picked":"Reaper","floor":39},{"not_picked":["Thunderclap","Inflame+1"],"picked":"Shrug It Off","floor":41},{"not_picked":["Perfected Strike","Combust"],"picked":"Sword Boomerang","floor":42},{"not_picked":["Heavy Blade","Hemokinesis+1","Burning Pact"],"picked":"SKIP","floor":45}],"player_experience":905563,"relics_obtained":[{"floor":7,"key":"Bottled Lightning"},{"floor":9,"key":"Vajra"},{"floor":11,"key":"PreservedInsect"},{"floor":13,"key":"Odd Mushroom"},{"floor":20,"key":"Turnip"},{"floor":20,"key":"Sundial"},{"floor":23,"key":"Omamori"},{"floor":26,"key":"Happy Flower"},{"floor":41,"key":"Peace Pipe"},{"floor":42,"key":"Tiny Chest"},{"floor":43,"key":"Strawberry"},{"floor":48,"key":"StoneCalendar"}],"event_choices":[{"event_name":"The Woman in Blue","player_choice":"Bought 1 Potion","floor":3,"damage_taken":0},{"event_name":"Mushrooms","player_choice":"Fought Mushrooms","floor":13,"damage_taken":0},{"event_name":"Wheel of Change","player_choice":"Damage","floor":14,"damage_taken":0},{"event_name":"Colosseum","player_choice":"Fight","floor":20,"damage_taken":0},{"event_name":"Colosseum","player_choice":"Fought Nobs","floor":20,"damage_taken":0},{"event_name":"N\u0027loth","player_choice":"Ignored","floor":25,"damage_taken":0},{"event_name":"Drug Dealer","player_choice":"Inject Mutagens","floor":28,"damage_taken":0},{"event_name":"MindBloom","player_choice":"Fight","floor":41,"damage_taken":0},{"event_name":"Match and Keep!","player_choice":"1 cards matched","floor":47,"damage_taken":0}],"is_beta":false,"boss_relics":[{"not_picked":["Black Star","White Beast Statue"],"picked":"Runic Dome"},{"not_picked":["Velvet Choker","Runic Pyramid"],"picked":"Astrolabe"}],"items_purged_floors":[37],"is_endless":false,"potions_floor_spawned":[1,4,10,13,20,21,29,33,38,39,41,45],"killed_by":"Time Eater","ascension_level":15}