{"gold_per_floor":[109,129,146,161,176,176,202,202,252,252,272,272,286,160,160,160],"floor_reached":16,"playtime":632,"items_purged":["Strike_R"],"score":198,"play_id":"f58fdd8c-a11c-41c2-808a-0ca3a8b62f43","local_time":"20190707170253","is_ascension_mode":true,"campfire_choices":[{"floor":6,"key":"REST"},{"floor":8,"key":"REST"},{"data":"True Grit","floor":12,"key":"SMITH"},{"floor":15,"key":"REST"}],"neow_cost":"NONE","seed_source_timestamp":1069856412965,"circlet_count":0,"master_deck":["AscendersBane","Strike_R","Strike_R","Strike_R","Strike_R","Defend_R","Defend_R","Defend_R","Defend_R","Bash","Battle Trance","Reaper","Cleave","True Grit+1","Pommel Strike","Flame Barrier","Perfected Strike","Twin Strike","Shrug It Off","Shrug It Off"],"relics":["Orrery","Strawberry","Dream Catcher","Singing Bowl"],"potions_floor_usage":[7,16,16],"damage_taken":[{"damage":26,"enemies":"Small Slimes","floor":1,"turns":4},{"damage":6,"enemies":"Cultist","floor":2,"turns":3},{"damage":8,"enemies":"2 Louse","floor":3,"turns":3},{"damage":6,"enemies":"Lots of Slimes","floor":4,"turns":2},{"damage":23,"enemies":"Gremlin Gang","floor":5,"turns":4},{"damage":36,"enemies":"Gremlin Nob","floor":7,"turns":4},{"damage":6,"enemies":"Looter","floor":11,"turns":3},{"damage":14,"enemies":"Red Slaver","floor":13,"turns":3},{"damage":58,"enemies":"Slime Boss","floor":16,"turns":8}],"seed_played":"1614344052293548473","potions_obtained":[{"floor":1,"key":"Swift Potion"},{"floor":3,"key":"Dexterity Potion"},{"floor":13,"key":"GamblersBrew"}],"is_trial":false,"path_per_floor":["M","M","M","M","M","R","E","R","T","?","M","R","M","$","R","B"],"character_chosen":"IRONCLAD","items_purchased":["Shrug It Off"],"campfire_rested":3,"item_purchase_floors":[14],"current_hp_per_floor":[45,45,45,44,27,49,20,44,44,44,40,40,26,26,51,0],"gold":160,"neow_bonus":"BOSS_RELIC","is_prod":false,"is_daily":false,"chose_seed":false,"campfire_upgraded":1,"win_rate":0,"timestamp":1562533373,"path_taken":["M","M","M","M","M","R","E","R","T","?","M","R","M","$","R","BOSS"],"build_version":"2019-07-05","purchased_purges":1,"victory":false,"max_hp_per_floor":[75,75,75,75,75,75,82,82,82,82,84,84,84,84,84,84],"card_choices":[{"not_picked":["Wild Strike","Cleave"],"picked":"Battle Trance","floor":0},{"not_picked":["Inflame","Fire Breathing"],"picked":"Reaper","floor":0},{"not_picked":["Blood for Blood","Warcry"],"picked":"Sword Boomerang","floor":0},{"not_picked":["Power Through","Blood for Blood"],"picked":"Cleave","floor":0},{"not_picked":["Rage","Body Slam"],"picked":"True Grit","floor":0},{"not_picked":["Rage","True Grit"],"picked":"Pommel Strike","floor":1},{"not_picked":["Anger","Pommel Strike","Heavy Blade"],"picked":"SKIP","floor":2},{"not_picked":["Rage","Dual Wield"],"picked":"Flame Barrier","floor":3},{"not_picked":["Whirlwind","Corruption","Havoc"],"picked":"SKIP","floor":4},{"not_picked":["Clash","Thunderclap"],"picked":"Perfected Strike","floor":5},{"not_picked":["Cleave","Barricade","Second Wind"],"picked":"SKIP","floor":7},{"not_picked":["Burning Pact","Anger","Havoc"],"picked":"Singing Bowl","floor":11},{"not_picked":["Thunderclap","Havoc"],"picked":"Twin Strike","floor":13},{"not_picked":["Body Slam","Sword Boomerang"],"picked":"Shrug It Off","floor":15}],"player_experience":477903,"relics_obtained":[{"floor":7,"key":"Strawberry"},{"floor":9,"key":"Dream Catcher"}],"event_choices":[{"cards_removed":["Sword Boomerang"],"damage_healed":0,"gold_gain":0,"player_choice":"Gave Card","damage_taken":0,"relics_obtained":["Singing Bowl"],"max_hp_gain":0,"max_hp_loss":0,"event_name":"WeMeetAgain","floor":10,"gold_loss":0}],"is_beta":false,"boss_relics":[],"items_purged_floors":[14],"is_endless":false,"potions_floor_spawned":[1,3,4,13],"killed_by":"Slime Boss","ascension_level":18}