{"gold_per_floor":[110,110,110,127,52,79,89,89,112,112,112,147,164,175,175,247,247,259,277,247,264,53,53,53,64,87,46,74,74,74,88,88,167,167,186,186],"floor_reached":36,"playtime":2486,"items_purged":["Strike_G"],"score":849,"play_id":"61a1249e-9704-4ceb-b2b6-e746df0dc33f","local_time":"20190517185734","is_ascension_mode":true,"campfire_choices":[{"data":"After Image","floor":8.0,"key":"SMITH"},{"floor":10.0,"key":"REST"},{"data":"Neutralize","floor":15.0,"key":"SMITH"},{"data":"Well Laid Plans","floor":29.0,"key":"SMITH"},{"floor":32.0,"key":"REST"}],"neow_cost":"TEN_PERCENT_HP_LOSS","seed_source_timestamp":109478703303447,"circlet_count":0,"master_deck":["AscendersBane","Defend_G+1","Defend_G+1","Defend_G+1","Defend_G","Defend_G","Strike_G+1","Strike_G","Strike_G","Survivor","Neutralize+1","After Image+1","Noxious Fumes","PiercingWail","Infinite Blades","Deflect","Backflip","Corpse Explosion","Well Laid Plans+1","PiercingWail","PiercingWail","Footwork","PiercingWail","Burst","Corpse Explosion"],"special_seed":0,"relics":["Ring of the Snake","GremlinMask","Snake Skull","War Paint","Ornamental Fan","Black Star","OrangePellets","Happy Flower","Pen Nib","Question Card","Snecko Eye"],"potions_floor_usage":[36],"damage_taken":[{"damage":5.0,"enemies":"Jaw Worm","floor":1.0,"turns":7.0},{"damage":0.0,"enemies":"Small Slimes","floor":4.0,"turns":4.0},{"damage":18.0,"enemies":"3 Sentries","floor":6.0,"turns":6.0},{"damage":1.0,"enemies":"Cultist","floor":7.0,"turns":5.0},{"damage":2.0,"enemies":"Lagavulin","floor":12.0,"turns":8.0},{"damage":1.0,"enemies":"Looter","floor":13.0,"turns":5.0},{"damage":0.0,"enemies":"Exordium Wildlife","floor":14.0,"turns":5.0},{"damage":19.0,"enemies":"Slime Boss","floor":16.0,"turns":18.0},{"damage":0.0,"enemies":"3 Byrds","floor":18.0,"turns":4.0},{"damage":11.0,"enemies":"Chosen","floor":19.0,"turns":7.0},{"damage":4.0,"enemies":"Snecko","floor":21.0,"turns":9.0},{"damage":8.0,"enemies":"Gremlin Leader","floor":23.0,"turns":6.0},{"damage":8.0,"enemies":"Snake Plant","floor":25.0,"turns":7.0},{"damage":2.0,"enemies":"Book of Stabbing","floor":28.0,"turns":9.0},{"damage":4.0,"enemies":"Chosen and Byrds","floor":31.0,"turns":9.0},{"damage":23.0,"enemies":"Champ","floor":33.0,"turns":24.0},{"damage":0.0,"enemies":"3 Shapes","floor":35.0,"turns":2.0},{"damage":51,"enemies":"2 Orb Walkers","floor":36,"turns":4}],"seed_played":"-6292160593530084112","potions_obtained":[{"floor":1.0,"key":"AttackPotion"},{"floor":7.0,"key":"AttackPotion"},{"floor":12.0,"key":"AttackPotion"},{"floor":13.0,"key":"Poison Potion"},{"floor":16.0,"key":"GhostInAJar"},{"floor":20.0,"key":"FearPotion"},{"floor":20.0,"key":"SmokeBomb"},{"floor":25.0,"key":"SmokeBomb"},{"floor":28.0,"key":"Swift Potion"}],"is_trial":false,"path_per_floor":["M","?","?","M","$","E","M","R","T","R","?","E","M","M","R","B",null,"M","M","?","M","$","E","$","M","T","$","E","R","?","M","R","B",null,"M","?"],"character_chosen":"THE_SILENT","items_purchased":["OrangePellets","Footwork"],"campfire_rested":2,"item_purchase_floors":[22,27],"current_hp_per_floor":[54,36,36,36,36,18,17,17,17,35,35,33,32,32,32,13,48,48,37,37,33,33,25,25,17,17,17,15,15,15,11,29,6,47,47,0],"gold":186,"neow_bonus":"THREE_RARE_CARDS","is_prod":false,"is_daily":false,"chose_seed":false,"campfire_upgraded":3,"win_rate":0,"timestamp":1558133854,"path_taken":["M","?","?","M","$","E","?","R","T","R","?","E","M","M","R","BOSS","M","M","?","?","?","E","$","M","T","$","E","R","?","M","R","BOSS","M","?"],"build_version":"2019-01-23","purchased_purges":1,"victory":false,"max_hp_per_floor":[60,60,60,60,60,60,60,60,60,60,60,60,60,60,60,60,60,60,60,60,60,60,60,60,60,60,60,60,60,60,60,60,60,60,60,60],"card_choices":[{"not_picked":["Phantasmal Killer","Envenom"],"picked":"After Image","floor":0.0},{"not_picked":["Dagger Spray","Masterful Stab"],"picked":"Noxious Fumes","floor":1.0},{"not_picked":["Catalyst","Slice","Calculated Gamble"],"picked":"SKIP","floor":4.0},{"not_picked":["A Thousand Cuts","Dagger Throw"],"picked":"PiercingWail","floor":6.0},{"not_picked":["Bane","Dagger Spray"],"picked":"Infinite Blades","floor":7.0},{"not_picked":["Setup","Riddle With Holes"],"picked":"Deflect","floor":12.0},{"not_picked":["Prepared","Sucker Punch","Eviscerate"],"picked":"SKIP","floor":13.0},{"not_picked":["Prepared","Sucker Punch","Eviscerate"],"picked":"SKIP","floor":13.0},{"not_picked":["Acrobatics","Dagger Throw"],"picked":"Backflip","floor":14.0},{"not_picked":["Burst","Tools of the Trade"],"picked":"Corpse Explosion","floor":16.0},{"not_picked":["Outmaneuver+1","Reflex"],"picked":"Well Laid Plans","floor":18.0},{"not_picked":["All Out Attack","Underhanded Strike+1"],"picked":"PiercingWail","floor":19.0},{"not_picked":["Deflect","Quick Slash","Slice"],"picked":"SKIP","floor":21.0},{"not_picked":["Dash","Phantasmal Killer"],"picked":"PiercingWail","floor":25.0},{"not_picked":["Reflex","Bouncing Flask"],"picked":"PiercingWail","floor":28.0},{"not_picked":["Backflip","Underhanded Strike","Deflect"],"picked":"Burst","floor":31.0},{"not_picked":["Doppelganger","Storm of Steel","Bullet Time"],"picked":"Corpse Explosion","floor":33.0},{"not_picked":["Bane","Slice","Blade Dance","Flying Knee"],"picked":"SKIP","floor":35.0}],"player_experience":1414797,"relics_obtained":[{"floor":6.0,"key":"Snake Skull"},{"floor":9.0,"key":"War Paint"},{"floor":12.0,"key":"Ornamental Fan"},{"floor":26.0,"key":"Happy Flower"},{"floor":28.0,"key":"Pen Nib"},{"floor":28.0,"key":"Question Card"}],"event_choices":[{"damage_healed":0.0,"max_hp_gain":0.0,"max_hp_loss":0.0,"gold_gain":0.0,"event_name":"Shining Light","player_choice":"Entered Light","floor":2.0,"gold_loss":0.0,"damage_taken":18.0,"cards_upgraded":["Strike_G","Defend_G"]},{"damage_healed":0.0,"max_hp_gain":0.0,"max_hp_loss":0.0,"gold_gain":0.0,"event_name":"FaceTrader","player_choice":"Trade","floor":3.0,"gold_loss":0.0,"damage_taken":0.0,"relics_obtained":["GremlinMask"]},{"cards_removed":["Strike_G"],"damage_healed":0.0,"max_hp_gain":0.0,"max_hp_loss":0.0,"gold_gain":0.0,"event_name":"Living Wall","player_choice":"Forget","floor":11.0,"gold_loss":0.0,"damage_taken":0.0},{"damage_healed":0.0,"max_hp_gain":0.0,"max_hp_loss":0.0,"gold_gain":0.0,"event_name":"The Woman in Blue","player_choice":"Bought 2 Potions","floor":20.0,"gold_loss":0.0,"damage_taken":0.0},{"damage_healed":0.0,"max_hp_gain":0.0,"max_hp_loss":0.0,"gold_gain":0.0,"event_name":"The Mausoleum","player_choice":"Ignored","floor":30.0,"gold_loss":0.0,"damage_taken":0.0},{"damage_healed":0,"gold_gain":0,"player_choice":"Fight","damage_taken":0,"max_hp_gain":0,"max_hp_loss":0,"event_name":"Mysterious Sphere","floor":36,"gold_loss":0}],"is_beta":false,"boss_relics":[{"not_picked":["Orrery","Lizard Tail"],"picked":"Black Star"},{"not_picked":["Velvet Choker","Tiny House"],"picked":"Snecko Eye"}],"items_purged_floors":[5],"is_endless":false,"potions_floor_spawned":[1,7,12,13,16,23,25,28,31],"killed_by":"2 Orb Walkers","ascension_level":20}