{"gold_per_floor":[116,41,216,216,228,255,274,308,308,339,59,59,69,97,97,200,200,211,225,42,42,42,67,67,67],"floor_reached":25,"playtime":2480,"items_purged":["Strike_G","Strike_G"],"score":354,"play_id":"01b5cbf9-18ad-4850-8332-8ef7cce50b3c","local_time":"20190601165400","is_ascension_mode":true,"campfire_choices":[{"floor":15,"key":"REST"},{"floor":24,"key":"REST"}],"neow_cost":"NONE","seed_source_timestamp":96073318351949,"circlet_count":0,"master_deck":["Defend_G","Defend_G+1","Defend_G","Defend_G","Defend_G","Strike_G","Strike_G","Strike_G","Survivor+1","Neutralize","Dagger Spray","Catalyst","Deadly Poison","Dagger Throw","Bouncing Flask","Magnetism+1","Backflip","Catalyst","Die Die Die","Blur+1","Tactician","Infinite Blades+1","Deflect","Outmaneuver+1"],"relics":["Ring of the Snake","NeowsBlessing","The Courier","Frozen Egg 2","Meat on the Bone","Boot","Matryoshka","HoveringKite","Vajra","Anchor"],"potions_floor_usage":[8,10,13,16,25],"damage_taken":[{"damage":0,"enemies":"Jaw Worm","floor":1,"turns":1},{"damage":0,"enemies":"Small Slimes","floor":5,"turns":1},{"damage":0,"enemies":"Lagavulin","floor":6,"turns":1},{"damage":0,"enemies":"2 Louse","floor":7,"turns":2},{"damage":31,"enemies":"3 Sentries","floor":8,"turns":10},{"damage":20,"enemies":"Lagavulin","floor":10,"turns":6},{"damage":5,"enemies":"2 Fungi Beasts","floor":13,"turns":4},{"damage":21,"enemies":"Gremlin Nob","floor":14,"turns":4},{"damage":32,"enemies":"Slime Boss","floor":16,"turns":10},{"damage":3,"enemies":"Shell Parasite","floor":18,"turns":5},{"damage":0,"enemies":"Spheric Guardian","floor":19,"turns":2},{"damage":38,"enemies":"Book of Stabbing","floor":23,"turns":5},{"damage":70,"enemies":"Gremlin Leader","floor":25,"turns":6}],"seed_played":"-8258075670946416144","potions_obtained":[{"floor":6,"key":"SteroidPotion"},{"floor":7,"key":"AttackPotion"},{"floor":8,"key":"Regen Potion"},{"floor":14,"key":"Swift Potion"},{"floor":19,"key":"LiquidBronze"},{"floor":23,"key":"SkillPotion"}],"is_trial":false,"path_per_floor":["M","$","?","?","M","E","M","E","T","E","$","?","M","E","R","B",null,"M","M","$","?","?","E","R","E"],"character_chosen":"THE_SILENT","items_purchased":["Magnetism+1","Regen Potion","Vajra","Infinite Blades+1"],"campfire_rested":2,"item_purchase_floors":[11,11,20,20],"current_hp_per_floor":[63,63,63,63,63,63,63,32,32,39,39,25,44,35,56,36,62,59,59,59,59,59,33,54,0],"gold":67,"neow_bonus":"THREE_ENEMY_KILL","is_prod":false,"is_daily":false,"chose_seed":false,"campfire_upgraded":0,"win_rate":0,"timestamp":1559422440,"path_taken":["M","$","?","?","M","E","M","E","T","E","$","?","?","E","R","BOSS","M","M","$","?","?","E","R","E"],"build_version":"2019-01-23","purchased_purges":2,"victory":false,"max_hp_per_floor":[70,70,70,70,70,70,70,70,70,70,70,70,70,70,70,70,70,70,70,70,70,70,70,70,70],"card_choices":[{"not_picked":["Underhanded Strike","Endless Agony","Flying Knee"],"picked":"SKIP","floor":1},{"not_picked":["Flying Knee","Cloak And Dagger"],"picked":"Dagger Spray","floor":5},{"not_picked":["Acrobatics","Night Terror"],"picked":"Catalyst","floor":6},{"not_picked":["Blade Dance","Infinite Blades"],"picked":"Deadly Poison","floor":7},{"not_picked":["Heel Hook","Expertise"],"picked":"Dagger Throw","floor":8},{"not_picked":["PiercingWail","Distraction"],"picked":"Bouncing Flask","floor":10},{"not_picked":["Endless Agony","Deadly Poison"],"picked":"Backflip","floor":13},{"not_picked":["Tools of the Trade+1","Dodge and Roll"],"picked":"Catalyst","floor":14},{"not_picked":["Bullet Time","Grand Finale"],"picked":"Die Die Die","floor":16},{"not_picked":["Acrobatics","Eviscerate"],"picked":"Blur+1","floor":18},{"not_picked":["Blade Dance+1","Dagger Throw"],"picked":"Tactician","floor":19},{"not_picked":["Night Terror","Choke"],"picked":"Outmaneuver+1","floor":23}],"player_experience":352534,"relics_obtained":[{"floor":6,"key":"The Courier"},{"floor":8,"key":"Frozen Egg 2"},{"floor":9,"key":"Meat on the Bone"},{"floor":10,"key":"Boot"},{"floor":14,"key":"Matryoshka"},{"floor":23,"key":"Anchor"}],"event_choices":[{"damage_healed":0,"gold_gain":175,"player_choice":"AGREE","damage_taken":0,"max_hp_gain":0,"max_hp_loss":0,"event_name":"Liars Game","floor":3,"gold_loss":0,"cards_obtained":["Doubt"]},{"cards_removed":["Doubt"],"damage_healed":0,"gold_gain":0,"player_choice":"Forget","damage_taken":0,"max_hp_gain":0,"max_hp_loss":0,"event_name":"Living Wall","floor":4,"gold_loss":0},{"damage_healed":0,"gold_gain":0,"player_choice":"Entered Light","damage_taken":14,"max_hp_gain":0,"max_hp_loss":0,"event_name":"Shining Light","floor":12,"gold_loss":0,"cards_upgraded":["Defend_G","Survivor"]},{"damage_healed":0,"gold_gain":0,"player_choice":"Ignored","damage_taken":0,"max_hp_gain":0,"max_hp_loss":0,"event_name":"Vampires","floor":21,"gold_loss":0},{"damage_healed":0,"gold_gain":0,"player_choice":"Read","damage_taken":0,"max_hp_gain":0,"max_hp_loss":0,"event_name":"The Library","floor":22,"gold_loss":0,"cards_obtained":["Deflect"]}],"is_beta":false,"boss_relics":[{"not_picked":["Cursed Key","White Beast Statue"],"picked":"HoveringKite"}],"items_purged_floors":[2,11],"is_endless":false,"potions_floor_spawned":[6,7,8,14,19,23],"killed_by":"Gremlin Leader","ascension_level":6}