{"gold_per_floor":[116,116,62,62,62,62,62,80,80,80,96,96,117,130,130,130],"floor_reached":16,"playtime":894,"items_purged":[],"score":204,"play_id":"8a5ae872-8b95-41c6-a829-a38f86662e27","local_time":"20190428141151","is_ascension_mode":true,"campfire_choices":[{"data":"Prepared","floor":10,"key":"SMITH"},{"floor":12,"key":"REST"},{"floor":15,"key":"REST"}],"neow_cost":"NONE","seed_source_timestamp":77528454688374,"circlet_count":0,"master_deck":["Defend_G","Defend_G","Defend_G","Defend_G","Defend_G","Strike_G","Strike_G","Strike_G","Strike_G","Strike_G","Survivor+1","Neutralize+1","Doubt","Clumsy","Regret","PiercingWail","Dagger Throw","Injury","Pain","Prepared+1","Acrobatics","Acrobatics"],"relics":["Calling Bell","Ancient Tea Set","Paper Crane","Calipers","Tingsha","Golden Idol","WarpedTongs","Oddly Smooth Stone"],"potions_floor_usage":[13],"damage_taken":[{"damage":8,"enemies":"Small Slimes","floor":1,"turns":5},{"damage":4,"enemies":"2 Louse","floor":8,"turns":3},{"damage":3,"enemies":"Cultist","floor":11,"turns":4},{"damage":14,"enemies":"Large Slime","floor":13,"turns":6},{"damage":0,"enemies":"Blue Slaver","floor":14,"turns":3},{"damage":68,"enemies":"The Guardian","floor":16,"turns":15}],"seed_played":"-1731286429450610642","potions_obtained":[{"floor":13,"key":"Fruit Juice"}],"is_trial":false,"path_per_floor":["M","?","$","?","?","?","?","M","T","R","M","R","M","M","R","B"],"character_chosen":"THE_SILENT","items_purchased":["Dagger Throw"],"campfire_rested":2,"item_purchase_floors":[3],"current_hp_per_floor":[62,62,62,62,48,41,41,37,37,37,34,55,46,46,68,0],"gold":130,"neow_bonus":"BOSS_RELIC","is_prod":false,"is_daily":false,"chose_seed":false,"campfire_upgraded":1,"win_rate":0,"timestamp":1556475111,"path_taken":["M","?","$","?","?","?","?","M","T","R","M","R","?","M","R","BOSS"],"build_version":"2019-01-23","purchased_purges":0,"victory":false,"max_hp_per_floor":[70,70,70,70,70,70,70,70,70,70,70,70,75,75,75,75],"card_choices":[{"not_picked":["Predator","Deflect"],"picked":"PiercingWail","floor":1},{"not_picked":["Bane","Deadly Poison"],"picked":"Prepared","floor":8},{"not_picked":["Sucker Punch","Eviscerate","Expertise"],"picked":"SKIP","floor":11},{"not_picked":["Footwork","Predator"],"picked":"Acrobatics","floor":13},{"not_picked":["PiercingWail","Caltrops"],"picked":"Acrobatics","floor":14}],"player_experience":186084,"relics_obtained":[{"floor":0,"key":"Ancient Tea Set"},{"floor":0,"key":"Paper Crane"},{"floor":0,"key":"Calipers"},{"floor":9,"key":"Oddly Smooth Stone"}],"event_choices":[{"damage_healed":0,"gold_gain":0,"player_choice":"Box","damage_taken":0,"relics_obtained":["Tingsha"],"max_hp_gain":0,"max_hp_loss":0,"event_name":"Big Fish","floor":2,"gold_loss":0,"cards_obtained":["Regret"]},{"damage_healed":0,"gold_gain":0,"player_choice":"Take Wound","damage_taken":0,"relics_obtained":["Golden Idol"],"max_hp_gain":0,"max_hp_loss":0,"event_name":"Golden Idol","floor":4,"gold_loss":0,"cards_obtained":["Injury"]},{"damage_healed":0,"gold_gain":0,"player_choice":"Entered Light","damage_taken":14,"max_hp_gain":0,"max_hp_loss":0,"event_name":"Shining Light","floor":5,"gold_loss":0,"cards_upgraded":["Survivor","Neutralize"]},{"cards_removed":["Regret"],"damage_healed":0,"gold_gain":0,"player_choice":"Card Removal","damage_taken":7,"max_hp_gain":0,"max_hp_loss":0,"event_name":"Golden Wing","floor":6,"gold_loss":0},{"damage_healed":0,"gold_gain":0,"player_choice":"Rummage","damage_taken":0,"relics_obtained":["WarpedTongs"],"max_hp_gain":0,"max_hp_loss":0,"event_name":"Accursed Blacksmith","floor":7,"gold_loss":0,"cards_obtained":["Pain"]}],"is_beta":false,"boss_relics":[],"items_purged_floors":[],"is_endless":false,"potions_floor_spawned":[13],"killed_by":"The Guardian","ascension_level":3}