{"gold_per_floor":[110,110,123,48,67,67,92,92,122,134,134,134,149,0,0,104,104,118,118,149,161,190,202],"floor_reached":23,"playtime":1257,"items_purged":["Strike_B"],"score":265,"play_id":"248d12dc-dfbb-4bee-bf0b-aa39168071f0","local_time":"20190427185404","is_ascension_mode":true,"campfire_choices":[{"data":"Zap","floor":6,"key":"SMITH"},{"data":"Defend_B","floor":8,"key":"SMITH"},{"floor":15,"key":"REST"}],"neow_cost":"NONE","seed_source_timestamp":47615542573349,"circlet_count":0,"master_deck":["Strike_B","Strike_B","Strike_B","Defend_B+1","Defend_B+1","Defend_B","Defend_B","Zap+1","Dualcast+1","Genetic Algorithm+1","Core Surge","Skim"],"relics":["Cracked Core","NeowsBlessing","Pear","Tiny Chest","Meat on the Bone","DataDisk","Black Star","MawBank"],"potions_floor_usage":[7,16,16,22],"damage_taken":[{"damage":0,"enemies":"2 Louse","floor":1,"turns":1},{"damage":0,"enemies":"Cultist","floor":3,"turns":1},{"damage":0,"enemies":"Jaw Worm","floor":5,"turns":1},{"damage":43,"enemies":"Gremlin Nob","floor":7,"turns":5},{"damage":4,"enemies":"Exordium Wildlife","floor":10,"turns":3},{"damage":9,"enemies":"Exordium Thugs","floor":13,"turns":4},{"damage":0,"enemies":"The Guardian","floor":16,"turns":10},{"damage":21,"enemies":"3 Byrds","floor":18,"turns":6},{"damage":14,"enemies":"Spheric Guardian","floor":20,"turns":4},{"damage":28,"enemies":"Centurion and Healer","floor":22,"turns":11},{"damage":39,"enemies":"Gremlin Leader","floor":23,"turns":4}],"seed_played":"5317261726725957493","potions_obtained":[{"floor":1,"key":"Regen Potion"},{"floor":5,"key":"Strength Potion"},{"floor":10,"key":"FocusPotion"},{"floor":16,"key":"SpeedPotion"},{"floor":18,"key":"Swift Potion"}],"is_trial":false,"path_per_floor":["M","?","M","$","M","R","E","R","T","M","?","T","M","$","R","B",null,"M","?","M","$","M","E"],"character_chosen":"DEFECT","items_purchased":["DataDisk"],"campfire_rested":1,"item_purchase_floors":[14],"current_hp_per_floor":[75,75,75,75,75,75,49,49,49,45,28,28,31,31,56,56,85,64,64,50,50,34,0],"gold":202,"neow_bonus":"THREE_ENEMY_KILL","is_prod":false,"is_daily":false,"chose_seed":false,"campfire_upgraded":2,"win_rate":0,"timestamp":1556405644,"path_taken":["M","?","?","$","M","R","E","R","T","M","?","?","?","?","R","BOSS","M","?","M","$","M","E"],"build_version":"2019-01-23","purchased_purges":1,"victory":false,"max_hp_per_floor":[75,75,75,75,75,75,85,85,85,85,85,85,85,85,85,85,85,85,85,85,85,85,85],"card_choices":[{"not_picked":["Streamline","Hello World"],"picked":"Genetic Algorithm","floor":1},{"not_picked":["Static Discharge","Lockon","White Noise"],"picked":"SKIP","floor":3},{"not_picked":["Ball Lightning","Reprogram","Glacier"],"picked":"SKIP","floor":5},{"not_picked":["Consume","Sweeping Beam","Steam"],"picked":"SKIP","floor":7},{"not_picked":["Auto Shields","Beam Cell","Leap"],"picked":"SKIP","floor":10},{"not_picked":["Heatsinks","Go for the Eyes","Fusion"],"picked":"SKIP","floor":13},{"not_picked":["All For One","Thunder Strike"],"picked":"Core Surge","floor":16},{"not_picked":["Steam Power","Aggregate+1","Rebound+1"],"picked":"SKIP","floor":18},{"not_picked":["Compile Driver+1","Sweeping Beam","Glacier"],"picked":"SKIP","floor":20},{"not_picked":["Ball Lightning","Reprogram"],"picked":"Skim","floor":22}],"player_experience":167142,"relics_obtained":[{"floor":7,"key":"Pear"},{"floor":9,"key":"Tiny Chest"},{"floor":12,"key":"Meat on the Bone"}],"event_choices":[{"damage_healed":0,"gold_gain":0,"player_choice":"Forge","damage_taken":0,"max_hp_gain":0,"max_hp_loss":0,"event_name":"Accursed Blacksmith","floor":2,"gold_loss":0,"cards_upgraded":["Genetic Algorithm"]},{"damage_healed":0,"gold_gain":0,"player_choice":"Entered Light","damage_taken":17,"max_hp_gain":0,"max_hp_loss":0,"event_name":"Shining Light","floor":11,"gold_loss":0,"cards_upgraded":["Defend_B","Dualcast"]},{"damage_healed":0,"gold_gain":0,"player_choice":"Opened","damage_taken":0,"relics_obtained":["MawBank"],"max_hp_gain":0,"max_hp_loss":0,"event_name":"The Mausoleum","floor":19,"gold_loss":0}],"is_beta":false,"boss_relics":[{"not_picked":["Eternal Feather","Calling Bell"],"picked":"Black Star"}],"items_purged_floors":[4],"is_endless":false,"potions_floor_spawned":[1,5,10,16,18],"killed_by":"Gremlin Leader","ascension_level":2}