{"gold_per_floor":[109,109,129,148,165,198,198,215,215,215],"floor_reached":10,"playtime":453,"items_purged":[],"score":140,"play_id":"ec407947-01f0-4099-a93f-995a488f54bf","local_time":"20190713012737","is_ascension_mode":true,"campfire_choices":[{"data":"Uppercut","floor":7,"key":"SMITH"}],"neow_cost":"NONE","seed_source_timestamp":286465810142597,"circlet_count":0,"master_deck":["AscendersBane","Strike_R","Strike_R","Strike_R","Strike_R","Strike_R","Defend_R","Defend_R","Defend_R","Defend_R","Bash","Exhume","Flame Barrier","Anger","Shrug It Off","Uppercut+1"],"relics":["Burning Blood","Anchor","FossilizedHelix","Unceasing Top"],"potions_floor_usage":[6,6],"damage_taken":[{"damage":10,"enemies":"Small Slimes","floor":1,"turns":4},{"damage":1,"enemies":"Cultist","floor":3,"turns":4},{"damage":0,"enemies":"2 Louse","floor":4,"turns":2},{"damage":4,"enemies":"Blue Slaver","floor":5,"turns":4},{"damage":33,"enemies":"Gremlin Nob","floor":6,"turns":5},{"damage":0,"enemies":"Exordium Wildlife","floor":8,"turns":5},{"damage":29,"enemies":"Lagavulin","floor":10,"turns":7}],"seed_played":"-3272908410825477305","potions_obtained":[{"floor":4,"key":"BloodPotion"},{"floor":5,"key":"Weak Potion"}],"is_trial":false,"path_per_floor":["M","?","M","M","M","E","R","M","T","E"],"character_chosen":"IRONCLAD","items_purchased":[],"campfire_rested":0,"item_purchase_floors":[],"current_hp_per_floor":[64,8,13,19,21,12,12,18,18,0],"gold":215,"neow_bonus":"ONE_RANDOM_RARE_CARD","is_prod":false,"is_daily":false,"chose_seed":false,"campfire_upgraded":1,"win_rate":0,"timestamp":1562995657,"path_taken":["M","?","M","M","M","E","R","M","T","E"],"build_version":"2019-07-05","purchased_purges":0,"victory":false,"max_hp_per_floor":[75,75,75,75,75,75,75,75,75,75],"card_choices":[{"not_picked":["Body Slam","Warcry"],"picked":"Flame Barrier","floor":1},{"not_picked":["Rage","Cleave"],"picked":"Anger","floor":3},{"not_picked":["Dual Wield","Heavy Blade"],"picked":"Shrug It Off","floor":4},{"not_picked":["Body Slam","Twin Strike","Thunderclap"],"picked":"SKIP","floor":5},{"not_picked":["True Grit","Combust"],"picked":"Uppercut","floor":6},{"not_picked":["Body Slam","Infernal Blade","Iron Wave"],"picked":"SKIP","floor":8}],"player_experience":1478078,"relics_obtained":[{"floor":6,"key":"FossilizedHelix"},{"floor":9,"key":"Unceasing Top"}],"event_choices":[{"damage_healed":0,"gold_gain":0,"player_choice":"Success","damage_taken":56,"relics_obtained":["Anchor"],"max_hp_gain":0,"max_hp_loss":0,"event_name":"Scrap Ooze","floor":2,"gold_loss":0}],"is_beta":false,"boss_relics":[],"items_purged_floors":[],"is_endless":false,"potions_floor_spawned":[4,5],"killed_by":"Lagavulin","ascension_level":20}