{"gold_per_floor":[110,80,92,106,117,117,144,144,144,170,186,197,43,54,54,149,149,165,184,184,184],"floor_reached":21,"playtime":1541,"items_purged":["Strike_G"],"score":270,"play_id":"7773aba2-da9a-4e65-a2e2-d4781d88bd80","local_time":"20190719150401","is_ascension_mode":true,"campfire_choices":[{"floor":6.0,"key":"REST"},{"data":"Malaise","floor":8.0,"key":"SMITH"},{"floor":15.0,"key":"REST"}],"neow_cost":"PERCENT_DAMAGE","seed_source_timestamp":134037545736388,"circlet_count":0,"master_deck":["Strike_G","Strike_G","Strike_G","Strike_G","Defend_G","Defend_G","Defend_G","Defend_G","Defend_G","Survivor","Neutralize","Poisoned Stab","Backstab","Poisoned Stab","Well Laid Plans","Malaise+1","Footwork","Leg Sweep","Cloak And Dagger","Footwork","Grand Finale","Footwork","Noxious Fumes","Backflip"],"special_seed":0,"relics":["Ring of the Snake","Nunchaku","Smiling Mask","Boot","Bottled Lightning","Lizard Tail"],"potions_floor_usage":[21],"damage_taken":[{"damage":6.0,"enemies":"Cultist","floor":1.0,"turns":5.0},{"damage":1.0,"enemies":"Small Slimes","floor":3.0,"turns":3.0},{"damage":0.0,"enemies":"2 Louse","floor":4.0,"turns":3.0},{"damage":3.0,"enemies":"Blue Slaver","floor":5.0,"turns":3.0},{"damage":14.0,"enemies":"3 Sentries","floor":7.0,"turns":9.0},{"damage":25.0,"enemies":"Lagavulin","floor":10.0,"turns":7.0},{"damage":5.0,"enemies":"Exordium Thugs","floor":11.0,"turns":6.0},{"damage":0.0,"enemies":"Large Slime","floor":12.0,"turns":7.0},{"damage":1.0,"enemies":"Blue Slaver","floor":14.0,"turns":4.0},{"damage":5.0,"enemies":"The Guardian","floor":16.0,"turns":12.0},{"damage":0,"enemies":"Shell Parasite","floor":18,"turns":6},{"damage":9,"enemies":"2 Thieves","floor":19,"turns":4},{"damage":59,"enemies":"3 Cultists","floor":21,"turns":6}],"seed_played":"7064891612887270558","potions_obtained":[{"floor":1.0,"key":"SkillPotion"},{"floor":2.0,"key":"SkillPotion"},{"floor":2.0,"key":"Fire Potion"},{"floor":3.0,"key":"FearPotion"},{"floor":14.0,"key":"Energy Potion"},{"floor":16.0,"key":"GhostInAJar"}],"is_trial":false,"path_per_floor":["M","?","M","M","M","R","E","R","T","E","M","M","$","M","R","B",null,"M","M","?","M"],"character_chosen":"THE_SILENT","items_purchased":["Cloak And Dagger","EssenceOfSteel"],"campfire_rested":2,"item_purchase_floors":[13,13],"current_hp_per_floor":[39,39,38,38,35,56,42,42,42,17,12,12,12,11,32,27,59,59,50,50,35],"gold":184,"neow_bonus":"ONE_RARE_RELIC","is_prod":false,"is_daily":false,"chose_seed":false,"campfire_upgraded":1,"win_rate":0,"timestamp":1563566641,"path_taken":["M","?","M","M","M","R","E","R","T","E","M","M","$","M","R","BOSS","M","M","?","M"],"build_version":"2019-07-17","purchased_purges":1,"victory":false,"max_hp_per_floor":[70,70,70,70,70,70,70,70,70,70,70,70,70,70,70,70,70,70,70,70,70],"card_choices":[{"not_picked":["Catalyst","Calculated Gamble"],"picked":"Poisoned Stab","floor":1.0},{"not_picked":["Endless Agony","Dagger Spray"],"picked":"Backstab","floor":3.0},{"not_picked":["Underhanded Strike","Quick Slash"],"picked":"Poisoned Stab","floor":4.0},{"not_picked":["Poisoned Stab","Backflip"],"picked":"Well Laid Plans","floor":5.0},{"not_picked":["Backstab","Night Terror"],"picked":"Malaise","floor":7.0},{"not_picked":["Terror","Acrobatics"],"picked":"Footwork","floor":10.0},{"not_picked":["Acrobatics","Dagger Throw","Dagger Spray"],"picked":"SKIP","floor":11.0},{"not_picked":["Underhanded Strike","Deadly Poison"],"picked":"Leg Sweep","floor":12.0},{"not_picked":["Backflip","Riddle With Holes"],"picked":"Footwork","floor":14.0},{"not_picked":["After Image","Tools of the Trade"],"picked":"Grand Finale","floor":16.0},{"not_picked":["Flying Knee","Heel Hook+1"],"picked":"Footwork","floor":18},{"not_picked":["Sucker Punch","Bane"],"picked":"Noxious Fumes","floor":19}],"player_experience":190551,"relics_obtained":[{"floor":7.0,"key":"Smiling Mask"},{"floor":9.0,"key":"Boot"},{"floor":10.0,"key":"Bottled Lightning"}],"event_choices":[{"damage_healed":0.0,"max_hp_gain":0.0,"max_hp_loss":0.0,"gold_gain":0.0,"event_name":"The Woman in Blue","player_choice":"Bought 2 Potions","floor":2.0,"gold_loss":0.0,"damage_taken":0.0},{"damage_healed":0,"gold_gain":0,"player_choice":"Read","damage_taken":0,"max_hp_gain":0,"max_hp_loss":0,"event_name":"The Library","floor":20,"gold_loss":0,"cards_obtained":["Backflip"]}],"is_beta":false,"boss_relics":[{"not_picked":["Velvet Choker","Snecko Eye"],"picked":"Lizard Tail"}],"items_purged_floors":[13],"is_endless":false,"potions_floor_spawned":[1,3,4,14,16],"killed_by":"3 Cultists","ascension_level":8}