{"gold_per_floor":[116,116,291,308,105,105,134,134,206,218,253,272,272,272,272,272],"floor_reached":16,"playtime":447,"items_purged":["Doubt"],"score":108,"play_id":"9252f4bf-34c8-44a5-b080-7a079b87575d","local_time":"20180814151902","is_ascension_mode":false,"campfire_choices":[{"data":"True Grit","floor":6.0,"key":"SMITH"},{"data":"Rage","floor":8.0,"key":"SMITH"},{"floor":13.0,"key":"REST"},{"floor":15.0,"key":"REST"}],"neow_cost":"NONE","seed_source_timestamp":0,"circlet_count":0,"master_deck":["Strike_R","Strike_R","Strike_R","Strike_R","Strike_R","Defend_R","Defend_R","Defend_R","Bash","Rage+1","Dropkick","Warcry","Fiend Fire","True Grit+1","Battle Trance","Madness","True Grit","True Grit","Clash"],"special_seed":0,"relics":["Orrery"],"potions_floor_usage":[],"damage_taken":[{"damage":1.0,"enemies":"Jaw Worm","floor":1.0,"turns":5.0},{"damage":0.0,"enemies":"Small Slimes","floor":4.0,"turns":3.0},{"damage":24.0,"enemies":"Lagavulin","floor":7.0,"turns":7.0},{"damage":1.0,"enemies":"Cultist","floor":10.0,"turns":3.0},{"damage":34.0,"enemies":"3 Sentries","floor":11.0,"turns":8.0},{"damage":10.0,"enemies":"Looter","floor":12.0,"turns":2.0},{"damage":0,"enemies":"The Guardian","floor":16,"turns":1}],"seed_played":"-8174327453039692885","potions_obtained":[{"floor":1.0,"key":"Swift Potion"},{"floor":7.0,"key":"LiquidBronze"},{"floor":12.0,"key":"EssenceOfSteel"}],"is_trial":false,"path_per_floor":["M","?","?","M","$","R","E","R","T","M","E","M","R","$","R"],"character_chosen":"IRONCLAD","items_purchased":["Battle Trance","Madness"],"campfire_rested":2,"item_purchase_floors":[5,5],"current_hp_per_floor":[79,72,72,72,72,72,48,48,48,47,13,3,27,27,51,51],"gold":272,"neow_bonus":"BOSS_RELIC","is_prod":false,"is_daily":false,"chose_seed":false,"campfire_upgraded":2,"win_rate":0,"timestamp":1534274342,"path_taken":["M","?","?","M","$","R","E","R","T","M","E","M","R","?","R","BOSS"],"build_version":"2018-08-09","purchased_purges":1,"victory":false,"max_hp_per_floor":[80,80,80,80,80,80,80,80,80,80,80,80,80,80,80,80],"card_choices":[{"not_picked":["Battle Trance","Thunderclap"],"picked":"Rage","floor":0.0},{"not_picked":["Wild Strike","Evolve"],"picked":"Dropkick","floor":0.0},{"not_picked":["Shockwave","Sever Soul"],"picked":"Warcry","floor":0.0},{"not_picked":["Heavy Blade","Havoc"],"picked":"Fiend Fire","floor":1.0},{"not_picked":["Headbutt","Inflame"],"picked":"True Grit","floor":4.0},{"not_picked":["Anger","Flex","Reckless Charge"],"picked":"SKIP","floor":7.0},{"not_picked":["Whirlwind","Feel No Pain"],"picked":"True Grit","floor":10.0},{"not_picked":["Rampage","Searing Blow"],"picked":"True Grit","floor":11.0},{"not_picked":["Armaments","Clothesline"],"picked":"Clash","floor":12.0}],"player_experience":505620,"relics_obtained":[],"event_choices":[{"event_name":"Golden Wing","player_choice":"Card Removal","floor":2.0,"damage_taken":0.0},{"event_name":"Liars Game","player_choice":"agreed","floor":3.0,"damage_taken":0.0}],"is_beta":false,"boss_relics":[],"items_purged_floors":[5],"is_endless":false,"potions_floor_spawned":[1,7,12],"killed_by":"The Guardian","ascension_level":0}