{"gold_per_floor":[111,111,111,123,123,123,456,474,474,485,97,97,7,7,7,112,112,130,130,3,18,18,18],"floor_reached":23,"playtime":735,"items_purged":["Strike_B","Strike_B"],"score":318,"play_id":"ad4ad2a2-fe7a-4458-ad73-d0ed2c28d5f6","local_time":"20190512184932","is_ascension_mode":true,"campfire_choices":[{"data":"Darkness","floor":6,"key":"SMITH"},{"data":"Chaos","floor":12,"key":"SMITH"},{"data":"Capacitor","floor":15,"key":"SMITH"}],"neow_cost":"NONE","seed_source_timestamp":18327278802465,"circlet_count":0,"master_deck":["AscendersBane","Strike_B+1","Strike_B+1","Defend_B+1","Defend_B+1","Defend_B+1","Defend_B+1","Zap+1","Dualcast","Darkness+1","Chaos+1","FTL","Self Repair","Seek","Capacitor+1","Creative AI","Hologram","Mind Blast","Compile Driver"],"relics":["Cracked Core","NeowsBlessing","Old Coin","StoneCalendar","Membership Card","Orichalcum","Black Star","DataDisk"],"potions_floor_usage":[16,23],"damage_taken":[{"damage":0,"enemies":"Cultist","floor":1,"turns":1},{"damage":0,"enemies":"Small Slimes","floor":4,"turns":1},{"damage":0,"enemies":"Gremlin Nob","floor":7,"turns":1},{"damage":4,"enemies":"Jaw Worm","floor":8,"turns":3},{"damage":7,"enemies":"2 Fungi Beasts","floor":10,"turns":2},{"damage":39,"enemies":"Slime Boss","floor":16,"turns":6},{"damage":43,"enemies":"Shell Parasite","floor":18,"turns":6},{"damage":26,"enemies":"Spheric Guardian","floor":21,"turns":6},{"damage":41,"enemies":"Gremlin Leader","floor":23,"turns":6}],"seed_played":"-9140506817668287714","potions_obtained":[{"floor":1,"key":"SteroidPotion"},{"floor":4,"key":"Swift Potion"},{"floor":10,"key":"FairyPotion"},{"floor":18,"key":"Regen Potion"}],"is_trial":false,"path_per_floor":["M","?","?","M","?","R","E","M","T","M","$","R","$","?","R","B",null,"M","?","$","M","?","E"],"character_chosen":"DEFECT","items_purchased":["Membership Card","Orichalcum","Seek","Capacitor","DataDisk","Mind Blast"],"campfire_rested":0,"item_purchase_floors":[11,11,11,13,20,20],"current_hp_per_floor":[68,68,68,68,68,68,68,64,64,57,57,57,57,57,57,25,63,27,27,27,8,8,0],"gold":18,"neow_bonus":"THREE_ENEMY_KILL","is_prod":false,"is_daily":false,"chose_seed":false,"campfire_upgraded":3,"win_rate":0,"timestamp":1557701372,"path_taken":["M","?","?","?","?","R","E","?","T","?","?","R","$","?","R","BOSS","M","?","$","M","?","E"],"build_version":"2019-01-23","purchased_purges":2,"victory":false,"max_hp_per_floor":[75,75,75,75,75,75,75,75,75,75,75,75,75,75,75,75,75,75,75,75,75,75,75],"card_choices":[{"not_picked":["Double Energy","Turbo"],"picked":"Darkness","floor":1},{"not_picked":["Scrape","Barrage","Turbo"],"picked":"SKIP","floor":4},{"not_picked":["Rebound","Force Field"],"picked":"Chaos","floor":7},{"not_picked":["Gash","Cold Snap"],"picked":"FTL","floor":8},{"not_picked":["Stack","Storm"],"picked":"Self Repair","floor":10},{"not_picked":["Biased Cognition","Echo Form"],"picked":"Creative AI","floor":16},{"not_picked":["Beam Cell","Gash"],"picked":"Hologram","floor":18},{"not_picked":["Barrage","Static Discharge"],"picked":"Compile Driver","floor":21}],"player_experience":306227,"relics_obtained":[{"floor":7,"key":"Old Coin"},{"floor":9,"key":"StoneCalendar"}],"event_choices":[{"damage_healed":0,"gold_gain":0,"player_choice":"Ignored","damage_taken":0,"max_hp_gain":0,"max_hp_loss":0,"event_name":"Liars Game","floor":2,"gold_loss":0},{"damage_healed":0,"gold_gain":0,"player_choice":"Bought 0 Potions","damage_taken":0,"max_hp_gain":0,"max_hp_loss":0,"event_name":"The Woman in Blue","floor":3,"gold_loss":0},{"damage_healed":0,"gold_gain":0,"player_choice":"Forge","damage_taken":0,"max_hp_gain":0,"max_hp_loss":0,"event_name":"Accursed Blacksmith","floor":5,"gold_loss":0,"cards_upgraded":["Zap"]},{"damage_healed":0,"gold_gain":0,"player_choice":"Leave","damage_taken":0,"max_hp_gain":0,"max_hp_loss":0,"event_name":"The Cleric","floor":14,"gold_loss":0},{"damage_healed":0,"gold_gain":0,"player_choice":"Ignored","damage_taken":0,"max_hp_gain":0,"max_hp_loss":0,"event_name":"Ghosts","floor":19,"gold_loss":0},{"damage_healed":0,"gold_gain":0,"player_choice":"Simplicity","damage_taken":0,"max_hp_gain":0,"max_hp_loss":0,"event_name":"Back to Basics","floor":22,"gold_loss":0,"cards_upgraded":["Strike_B","Strike_B","Defend_B","Defend_B","Defend_B","Defend_B"]}],"is_beta":false,"boss_relics":[{"not_picked":["Empty Cage","Coffee Dripper"],"picked":"Black Star"}],"items_purged_floors":[11,13],"is_endless":false,"potions_floor_spawned":[1,4,10,18],"killed_by":"Gremlin Leader","ascension_level":10}