{"gold_per_floor":[109,126,139,139,153,153,153,184,211,1,1,12,30,91,91,170,170,188,208,133,153,164,198,198,214,264,264,264,282,313,330,330,407,407,421,51,151,26,26,53,65,77,89,131,155,180,192,216,228,240,252],"floor_reached":52,"playtime":2331,"items_purged":["Strike_R","Strike_R","Strike_R"],"score":1953,"play_id":"6f608f68-3818-4d0f-b6ae-9795989ea936","local_time":"20181031204545","is_ascension_mode":true,"campfire_choices":[{"data":"Whirlwind","floor":6,"key":"SMITH"},{"data":"Havoc","floor":11,"key":"SMITH"},{"data":"Uppercut","floor":15,"key":"SMITH"},{"data":"Disarm","floor":24,"key":"SMITH"},{"data":"Pommel Strike","floor":28,"key":"SMITH"},{"floor":32,"key":"REST"},{"data":"Trip","floor":41,"key":"SMITH"},{"floor":47,"key":"REST"},{"floor":49,"key":"REST"}],"neow_cost":"NONE","seed_source_timestamp":1123810770414248,"circlet_count":0,"master_deck":["Strike_R","Defend_R","Defend_R","Defend_R","Defend_R","AscendersBane","Whirlwind+1","Evolve","Spot Weakness","Shrug It Off","Havoc+1","Uppercut+1","Berserk","Offering","Pommel Strike+1","Shrug It Off","Disarm+1","Shrug It Off","Shrug It Off","Body Slam+1","Shrug It Off","Demon Form","Shrug It Off","Trip+1","Battle Trance","Disarm","True Grit+1"],"relics":["Burning Blood","NeowsBlessing","Ancient Tea Set","Happy Flower","Letter Opener","Strawberry","ClockworkSouvenir","Tiny Chest","Cursed Key","StoneCalendar","Omamori","MutagenicStrength","Thread and Needle","Empty Cage","Chemical X","Nunchaku","MawBank","Art of War","Orichalcum"],"potions_floor_usage":[5,8,16,21,23,29,33,44,45,46,50],"damage_taken":[{"damage":0,"enemies":"Cultist","floor":1,"turns":1},{"damage":0,"enemies":"Small Slimes","floor":2,"turns":1},{"damage":0,"enemies":"2 Louse","floor":3,"turns":1},{"damage":10,"enemies":"Gremlin Gang","floor":5,"turns":2},{"damage":15,"enemies":"3 Sentries","floor":8,"turns":4},{"damage":3,"enemies":"Blue Slaver","floor":12,"turns":3},{"damage":11,"enemies":"3 Louse","floor":13,"turns":3},{"damage":29,"enemies":"Lagavulin","floor":14,"turns":7},{"damage":17,"enemies":"Hexaghost","floor":16,"turns":6},{"damage":8,"enemies":"Shell Parasite","floor":18,"turns":2},{"damage":2,"enemies":"Chosen","floor":19,"turns":3},{"damage":6,"enemies":"Sentry and Sphere","floor":21,"turns":2},{"damage":13,"enemies":"3 Cultists","floor":22,"turns":4},{"damage":21,"enemies":"Gremlin Leader","floor":23,"turns":5},{"damage":21,"enemies":"Snake Plant","floor":25,"turns":3},{"damage":7,"enemies":"Centurion and Healer","floor":29,"turns":5},{"damage":29,"enemies":"Slavers","floor":30,"turns":4},{"damage":17,"enemies":"Shelled Parasite and Fungi","floor":31,"turns":2},{"damage":4,"enemies":"Collector","floor":33,"turns":7},{"damage":14,"enemies":"Orb Walker","floor":35,"turns":5},{"damage":6,"enemies":"Mind Bloom Boss Battle","floor":37,"turns":7},{"damage":38,"enemies":"Nemesis","floor":40,"turns":5},{"damage":20,"enemies":"Giant Head","floor":44,"turns":6},{"damage":0,"enemies":"3 Darklings","floor":45,"turns":1},{"damage":17,"enemies":"Spire Growth","floor":46,"turns":4},{"damage":8,"enemies":"Transient","floor":48,"turns":6},{"damage":25,"enemies":"Awakened One","floor":50,"turns":9},{"damage":22,"enemies":"Time Eater","floor":51,"turns":11}],"seed_played":"568601744248972097","potions_obtained":[{"floor":2,"key":"Explosive Potion"},{"floor":5,"key":"SteroidPotion"},{"floor":8,"key":"Fruit Juice"},{"floor":12,"key":"BloodPotion"},{"floor":21,"key":"SpeedPotion"},{"floor":22,"key":"Regen Potion"},{"floor":25,"key":"Poison Potion"},{"floor":30,"key":"FearPotion"},{"floor":31,"key":"Dexterity Potion"},{"floor":35,"key":"Energy Potion"},{"floor":44,"key":"SpeedPotion"},{"floor":48,"key":"Fire Potion"}],"is_trial":false,"path_per_floor":["M","M","M","?","M","R","?","E","T","$","R","M","M","E","R","B",null,"M","M","$","M","M","E","R","M","T","?","R","M","E","M","R","B",null,"M","$","?","$","?","E","R","?","T","E","M","M","R","M","R","B","B"],"character_chosen":"IRONCLAD","items_purchased":["ClockworkSouvenir","Chemical X","Shrug It Off"],"campfire_rested":3,"item_purchase_floors":[10,36,36],"current_hp_per_floor":[74,75,75,70,66,66,66,62,69,69,69,72,67,44,44,41,76,74,78,78,78,71,68,68,53,53,53,53,52,29,18,44,46,77,69,69,69,69,69,37,37,37,37,23,29,18,44,42,68,49,33],"gold":264,"neow_bonus":"THREE_ENEMY_KILL","is_prod":false,"is_daily":false,"chose_seed":false,"campfire_upgraded":6,"win_rate":0,"timestamp":1541033145,"path_taken":["M","M","?","?","?","R","?","E","T","?","R","M","?","E","R","BOSS","M","M","$","M","M","E","R","M","T","?","R","M","E","M","R","BOSS","M","$","?","$","?","E","R","?","T","E","M","M","R","M","R","BOSS","BOSS"],"build_version":"2018-10-25v2","purchased_purges":3,"victory":true,"max_hp_per_floor":[75,75,75,75,75,75,75,80,87,87,87,87,87,87,87,87,87,87,87,87,87,87,87,87,87,87,87,87,87,87,87,87,87,87,87,87,87,87,87,87,87,87,87,87,87,87,87,87,87,87,87],"card_choices":[{"not_picked":["Anger","Clash"],"picked":"Whirlwind","floor":1},{"not_picked":["Sword Boomerang","Ghostly Armor"],"picked":"Evolve","floor":2},{"not_picked":["Infernal Blade","Heavy Blade"],"picked":"Spot Weakness","floor":3},{"not_picked":["Pommel Strike","Pummel"],"picked":"Shrug It Off","floor":5},{"not_picked":["Armaments","Warcry"],"picked":"Havoc","floor":8},{"not_picked":["Body Slam","Clash","Cleave"],"picked":"SKIP","floor":12},{"not_picked":["Pommel Strike","Thunderclap"],"picked":"Uppercut","floor":13},{"not_picked":["Anger","Havoc"],"picked":"Berserk","floor":14},{"not_picked":["Limit Break","Demon Form"],"picked":"Offering","floor":16},{"not_picked":["Carnage","Clothesline","Body Slam"],"picked":"SKIP","floor":18},{"not_picked":["Dual Wield","Infernal Blade"],"picked":"Pommel Strike","floor":19},{"not_picked":["Iron Wave","Clash"],"picked":"Shrug It Off","floor":21},{"not_picked":["Havoc","Twin Strike+1"],"picked":"Disarm","floor":22},{"not_picked":["Wild Strike","Pommel Strike","Pummel+1"],"picked":"SKIP","floor":23},{"not_picked":["Shockwave","Flex"],"picked":"Shrug It Off","floor":25},{"not_picked":["Dual Wield","Heavy Blade"],"picked":"Shrug It Off","floor":29},{"not_picked":["Brutality","Armaments"],"picked":"Body Slam+1","floor":30},{"not_picked":["Rage","Hemokinesis"],"picked":"Shrug It Off","floor":31},{"not_picked":["Dark Embrace","Brutality"],"picked":"Demon Form","floor":33},{"not_picked":["Cleave+1","Wild Strike+1","Clothesline"],"picked":"SKIP","floor":35},{"not_picked":["Jack Of All Trades","Good Instincts"],"picked":"Trip","floor":39},{"not_picked":["Twin Strike+1","Feel No Pain"],"picked":"Battle Trance","floor":40},{"not_picked":["Clash+1","Pummel","Immolate"],"picked":"SKIP","floor":44},{"not_picked":["Inflame+1","Twin Strike"],"picked":"Disarm","floor":45},{"not_picked":["Armaments","Warcry+1"],"picked":"True Grit+1","floor":46},{"not_picked":["Wild Strike","Sword Boomerang","Flex"],"picked":"SKIP","floor":48}],"player_experience":1033600,"relics_obtained":[{"floor":8,"key":"Letter Opener"},{"floor":9,"key":"Strawberry"},{"floor":14,"key":"Tiny Chest"},{"floor":23,"key":"StoneCalendar"},{"floor":26,"key":"Omamori"},{"floor":30,"key":"Thread and Needle"},{"floor":37,"key":"Nunchaku"},{"floor":40,"key":"MawBank"},{"floor":43,"key":"Art of War"},{"floor":44,"key":"Orichalcum"}],"event_choices":[{"damage_healed":0,"gold_gain":0,"player_choice":"Success","damage_taken":5,"relics_obtained":["Ancient Tea Set"],"max_hp_gain":0,"max_hp_loss":0,"event_name":"Scrap Ooze","floor":4,"gold_loss":0},{"damage_healed":0,"gold_gain":30,"player_choice":"Searched \u00272\u0027 times","damage_taken":0,"relics_obtained":["Happy Flower"],"max_hp_gain":0,"max_hp_loss":0,"event_name":"Dead Adventurer","floor":7,"gold_loss":0},{"damage_healed":0,"gold_gain":0,"player_choice":"Inject Mutagens","damage_taken":0,"relics_obtained":["MutagenicStrength"],"max_hp_gain":0,"max_hp_loss":0,"event_name":"Drug Dealer","floor":27,"gold_loss":0},{"damage_healed":0,"gold_gain":0,"player_choice":"Fight","damage_taken":0,"max_hp_gain":0,"max_hp_loss":0,"event_name":"MindBloom","floor":37,"gold_loss":0},{"damage_healed":0,"gold_gain":0,"player_choice":"Memory 1","damage_taken":0,"max_hp_gain":0,"max_hp_loss":0,"event_name":"SensoryStone","floor":39,"gold_loss":0},{"cards_removed":["Bash"],"damage_healed":0,"gold_gain":0,"player_choice":"Card Removal","damage_taken":0,"max_hp_gain":0,"max_hp_loss":0,"event_name":"Wheel of Change","floor":42,"gold_loss":0}],"is_beta":false,"boss_relics":[{"not_picked":["Black Blood","Busted Crown"],"picked":"Cursed Key"},{"not_picked":["White Beast Statue","Runic Pyramid"],"picked":"Empty Cage"}],"items_purged_floors":[20,36,38],"is_endless":false,"potions_floor_spawned":[2,5,8,12,21,22,25,30,31,35,37,44,48],"ascension_level":20}