{"gold_per_floor":[10,29,39,52,65,65,100,119,143,161,195,195,38,56,56,158,158,168,183,183,183,197,197,197],"floor_reached":24,"playtime":1226,"items_purged":[],"score":357,"play_id":"22d23b80-e0fe-4b01-9560-979046481401","local_time":"20180801130340","is_ascension_mode":true,"campfire_choices":[{"data":"Inflame","floor":6,"key":"SMITH"},{"data":"Rampage","floor":12,"key":"SMITH"},{"data":"Whirlwind","floor":15,"key":"SMITH"},{"data":"Infernal Blade","floor":23,"key":"SMITH"}],"neow_cost":"NO_GOLD","seed_source_timestamp":372397477243,"circlet_count":0,"master_deck":["Defend_R","Defend_R","Defend_R","Defend_R","Bash","Offering","Inflame+1","True Grit","Clothesline","Uppercut+1","Infernal Blade+1","Rampage+1","Clothesline","Headbutt","Whirlwind+1","Offering","True Grit","Evolve+1","Bite","Bite","Bite","Bite","Bite","True Grit"],"relics":["Burning Blood","Art of War","Bronze Scales","Charon\u0027s Ashes","Whetstone","Velvet Choker","Dream Catcher"],"potions_floor_usage":[7,16,22,24,24],"damage_taken":[{"damage":11,"enemies":"Cultist","floor":1,"turns":3},{"damage":9,"enemies":"2 Louse","floor":2,"turns":3},{"damage":3,"enemies":"Small Slimes","floor":3,"turns":5},{"damage":5,"enemies":"Blue Slaver","floor":4,"turns":6},{"damage":16,"enemies":"3 Louse","floor":5,"turns":5},{"damage":5,"enemies":"Lagavulin","floor":7,"turns":3},{"damage":18,"enemies":"Exordium Wildlife","floor":8,"turns":3},{"damage":7,"enemies":"2 Fungi Beasts","floor":10,"turns":4},{"damage":18,"enemies":"Gremlin Nob","floor":11,"turns":3},{"damage":5,"enemies":"Gremlin Gang","floor":14,"turns":5},{"damage":19,"enemies":"Hexaghost","floor":16,"turns":7},{"damage":5,"enemies":"3 Byrds","floor":18,"turns":2},{"damage":13,"enemies":"Spheric Guardian","floor":19,"turns":4},{"damage":26,"enemies":"Snake Plant","floor":22,"turns":4},{"damage":65,"enemies":"Gremlin Leader","floor":24,"turns":7}],"seed_played":"-8902270413745212923","potions_obtained":[{"floor":3,"key":"Energy Potion"},{"floor":5,"key":"SpeedPotion"},{"floor":8,"key":"Explosive Potion"},{"floor":10,"key":"LiquidBronze"},{"floor":18,"key":"Strength Potion"},{"floor":22,"key":"SneckoOil"}],"is_trial":false,"path_per_floor":["M","M","M","M","M","R","E","M","T","M","E","R","$","M","R","B",null,"M","M","?","?","M","R"],"character_chosen":"IRONCLAD","items_purchased":["Whetstone"],"campfire_rested":0,"item_purchase_floors":[13],"current_hp_per_floor":[67,64,67,68,58,58,59,47,47,46,34,34,34,35,35,22,66,67,60,56,56,38,38,0],"gold":197,"neow_bonus":"THREE_RARE_CARDS","is_prod":false,"is_daily":false,"chose_seed":false,"campfire_upgraded":4,"win_rate":0,"timestamp":1533143020,"path_taken":["M","M","M","?","M","R","E","M","T","M","E","R","?","?","R","BOSS","M","M","?","?","M","R","E"],"build_version":"2018-07-26","purchased_purges":0,"victory":false,"max_hp_per_floor":[80,80,80,80,80,80,80,80,80,80,80,80,80,80,80,80,80,80,80,56,56,56,56,56],"card_choices":[{"not_picked":["Juggernaut","Reaper"],"picked":"Offering","floor":0},{"not_picked":["Warcry","Anger"],"picked":"Inflame","floor":1},{"not_picked":["Ghostly Armor","Warcry"],"picked":"True Grit","floor":2},{"not_picked":["Rampage","Armaments"],"picked":"Clothesline","floor":3},{"not_picked":["Corruption","Ghostly Armor"],"picked":"Uppercut","floor":4},{"not_picked":["Pummel","Dual Wield"],"picked":"Infernal Blade","floor":5},{"not_picked":["Rage","Havoc"],"picked":"Rampage","floor":7},{"not_picked":["Brutality","Body Slam"],"picked":"Clothesline","floor":8},{"not_picked":["Rampage","Armaments"],"picked":"Headbutt","floor":10},{"not_picked":["Sever Soul","Entrench","Havoc"],"picked":"SKIP","floor":11},{"not_picked":["Combust","Clothesline"],"picked":"Whirlwind","floor":14},{"not_picked":["Demon Form","Dark Embrace"],"picked":"Offering","floor":16},{"not_picked":["Combust","Clash"],"picked":"True Grit","floor":18},{"not_picked":["Twin Strike","Sword Boomerang"],"picked":"Evolve+1","floor":19},{"not_picked":["Anger","Cleave"],"picked":"True Grit","floor":22}],"player_experience":415006,"relics_obtained":[{"floor":7,"key":"Art of War"},{"floor":9,"key":"Bronze Scales"},{"floor":11,"key":"Charon\u0027s Ashes"}],"event_choices":[{"event_name":"Vampires","player_choice":"Became a vampire","floor":20,"damage_taken":0},{"event_name":"The Mausoleum","player_choice":"Yes","floor":21,"damage_taken":0}],"is_beta":false,"boss_relics":[{"not_picked":["Empty Cage","Runic Cube"],"picked":"Velvet Choker"}],"items_purged_floors":[],"is_endless":false,"potions_floor_spawned":[3,5,8,10,18,22],"killed_by":"Gremlin Leader","ascension_level":8}