{"gold_per_floor":[117,117,16,16,35,35,47,47,47,70,1,1,21,41,41,142,142,161,192,162,182,200,200,216,216,216,230,230,230,230,230,230,328,328,347,347,347,363,376,376,388,408,408,62,62,72,72,86,86,86],"floor_reached":51,"playtime":4038,"items_purged":["Strike_G"],"score":839,"play_id":"b2734f75-ef00-4721-95c5-be37ab50ea02","local_time":"20190723103210","is_ascension_mode":false,"campfire_choices":[{"data":"Neutralize","floor":6,"key":"SMITH"},{"data":"Deadly Poison","floor":8,"key":"SMITH"},{"data":"Footwork","floor":12,"key":"SMITH"},{"data":"Catalyst","floor":15,"key":"SMITH"},{"data":"Tactician","floor":23,"key":"SMITH"},{"data":"Dash","floor":25,"key":"SMITH"},{"data":"Wraith Form v2","floor":28,"key":"SMITH"},{"data":"Noxious Fumes","floor":30,"key":"SMITH"},{"data":"Bane","floor":32,"key":"SMITH"},{"data":"Apotheosis","floor":40,"key":"SMITH"},{"floor":45,"key":"DIG"},{"floor":47,"key":"DIG"},{"floor":49,"key":"DIG"}],"neow_cost":"NONE","seed_source_timestamp":1069791447183711,"circlet_count":0,"master_deck":["Strike_G","Strike_G","Strike_G","Defend_G","Defend_G","Defend_G","Defend_G","Defend_G","Survivor","Neutralize+1","Bane+1","Flying Knee","Catalyst+1","Quick Slash","Deadly Poison+1","Footwork+1","Dash+1","Backflip","Wraith Form v2+1","Tactician+1","PiercingWail+1","Bouncing Flask+1","Cloak And Dagger+1","PiercingWail","Dagger Spray+1","Noxious Fumes+1","Storm of Steel","Apotheosis+1","Panacea","Catalyst+1","Footwork+1","Catalyst","Backflip+1","Leg Sweep","Sucker Punch+1"],"relics":["Ring of the Snake","Vajra","Paper Crane","Bag of Preparation","Runic Pyramid","Red Mask","StoneCalendar","HoveringKite","Shovel","Anchor","Lantern","Omamori","Snake Skull"],"potions_floor_usage":[16,16,19,19,21,24,33,33,46,50,50],"damage_taken":[{"damage":0,"enemies":"Small Slimes","floor":1,"turns":5},{"damage":1,"enemies":"Jaw Worm","floor":5,"turns":5},{"damage":6,"enemies":"Cultist","floor":7,"turns":3},{"damage":7,"enemies":"Exordium Thugs","floor":13,"turns":4},{"damage":13,"enemies":"Exordium Wildlife","floor":14,"turns":3},{"damage":0,"enemies":"Slime Boss","floor":16,"turns":3},{"damage":4,"enemies":"Shell Parasite","floor":18,"turns":6},{"damage":13,"enemies":"Masked Bandits","floor":19,"turns":7},{"damage":13,"enemies":"Spheric Guardian","floor":21,"turns":6},{"damage":0,"enemies":"Snecko","floor":22,"turns":4},{"damage":5,"enemies":"Centurion and Healer","floor":24,"turns":6},{"damage":0,"enemies":"Sentry and Sphere","floor":27,"turns":7},{"damage":0,"enemies":"Collector","floor":33,"turns":5},{"damage":0,"enemies":"3 Darklings","floor":35,"turns":5},{"damage":14,"enemies":"Orb Walker","floor":38,"turns":4},{"damage":0,"enemies":"Maw","floor":39,"turns":3},{"damage":1,"enemies":"Writhing Mass","floor":41,"turns":3},{"damage":0,"enemies":"4 Shapes","floor":42,"turns":5},{"damage":0,"enemies":"Transient","floor":46,"turns":5},{"damage":3,"enemies":"Sphere and 2 Shapes","floor":48,"turns":3},{"damage":0,"enemies":"Time Eater","floor":50,"turns":5}],"seed_played":"-2716747433881812907","potions_obtained":[{"floor":1,"key":"SteroidPotion"},{"floor":7,"key":"SkillPotion"},{"floor":14,"key":"Poison Potion"},{"floor":16,"key":"GhostInAJar"},{"floor":19,"key":"PowerPotion"},{"floor":20,"key":"Ancient Potion"},{"floor":20,"key":"Regen Potion"},{"floor":22,"key":"Ancient Potion"},{"floor":27,"key":"GamblersBrew"},{"floor":35,"key":"SteroidPotion"},{"floor":39,"key":"Regen Potion"}],"is_trial":false,"path_per_floor":["M","?","$","?","M","R","M","R","T","T","$","R","M","M","R","B",null,"M","?","?","M","M","R","M","R","T","M","R","?","R","?","R","B",null,"M","?","?","M","M","R","M","M","T","$","R","M","R","M","R","B",null],"character_chosen":"THE_SILENT","items_purchased":["Flying Knee","Block Potion","Footwork","PowerPotion","Anchor","Leg Sweep"],"campfire_rested":0,"item_purchase_floors":[3,3,11,44,44,44],"current_hp_per_floor":[77,65,65,65,64,64,58,58,58,58,58,58,51,38,38,38,77,73,60,60,62,62,62,57,57,57,57,57,57,57,57,57,57,77,77,67,67,53,53,53,52,52,52,52,52,67,67,64,64,64],"gold":86,"neow_bonus":"TEN_PERCENT_HP_BONUS","is_prod":false,"is_daily":false,"chose_seed":false,"campfire_upgraded":10,"win_rate":0,"timestamp":1563892330,"path_taken":["M","?","$","?","M","R","?","R","T","?","?","R","M","M","R","BOSS","M","?","?","M","M","R","M","R","T","?","R","?","R","?","R","BOSS","M","?","?","M","?","R","M","M","T","$","R","M","R","M","R","BOSS"],"build_version":"2019-07-17","purchased_purges":1,"victory":true,"max_hp_per_floor":[77,77,77,77,77,77,77,77,77,77,77,77,77,77,77,77,77,77,77,77,77,77,77,77,77,77,77,77,77,77,77,77,77,77,77,77,77,77,77,77,77,77,77,77,77,77,77,77,77,77],"card_choices":[{"not_picked":["Reflex","Deflect"],"picked":"Bane","floor":1},{"not_picked":["Blade Dance","Flying Knee"],"picked":"Quick Slash","floor":5},{"not_picked":["PiercingWail","Flying Knee"],"picked":"Deadly Poison","floor":7},{"not_picked":["Poisoned Stab","Dagger Spray"],"picked":"Dash","floor":13},{"not_picked":["Sucker Punch","Heel Hook"],"picked":"Backflip","floor":14},{"not_picked":["Doppelganger","Storm of Steel"],"picked":"Wraith Form v2","floor":16},{"not_picked":["Flechettes","Finisher"],"picked":"Tactician","floor":18},{"not_picked":["Accuracy","Deadly Poison"],"picked":"PiercingWail+1","floor":19},{"not_picked":["Caltrops","All Out Attack"],"picked":"Bouncing Flask+1","floor":21},{"not_picked":["Dagger Spray+1","Flying Knee"],"picked":"Cloak And Dagger+1","floor":22},{"not_picked":["Cloak And Dagger","Outmaneuver"],"picked":"PiercingWail","floor":24},{"not_picked":["Flying Knee","Deflect"],"picked":"Dagger Spray+1","floor":27},{"not_picked":["Corpse Explosion","A Thousand Cuts"],"picked":"Storm of Steel","floor":33},{"not_picked":["Flying Knee","Dagger Spray+1","Endless Agony"],"picked":"SKIP","floor":35},{"not_picked":["Swift Strike","Enlightenment"],"picked":"Apotheosis","floor":36},{"not_picked":["Deep Breath","Flash of Steel"],"picked":"Panacea","floor":36},{"not_picked":["Noxious Fumes+1","Deadly Poison+1"],"picked":"Footwork+1","floor":38},{"not_picked":["Backstab","Sucker Punch","Blade Dance+1"],"picked":"SKIP","floor":39},{"not_picked":["Underhanded Strike+1","Distraction"],"picked":"Catalyst","floor":41},{"not_picked":["Quick Slash","Choke+1"],"picked":"Backflip+1","floor":42},{"not_picked":["Finisher+1","Choke","Well Laid Plans"],"picked":"SKIP","floor":46},{"not_picked":["Riddle With Holes+1","All Out Attack"],"picked":"Sucker Punch+1","floor":48}],"player_experience":4083849,"relics_obtained":[{"floor":9,"key":"Paper Crane"},{"floor":10,"key":"Bag of Preparation"},{"floor":19,"key":"Red Mask"},{"floor":26,"key":"StoneCalendar"},{"floor":43,"key":"Shovel"},{"floor":45,"key":"Lantern"},{"floor":47,"key":"Omamori"},{"floor":49,"key":"Snake Skull"}],"event_choices":[{"damage_healed":0,"gold_gain":0,"player_choice":"Success","damage_taken":12,"relics_obtained":["Vajra"],"max_hp_gain":0,"max_hp_loss":0,"event_name":"Scrap Ooze","floor":2,"gold_loss":0},{"damage_healed":0,"gold_gain":0,"cards_transformed":["Strike_G"],"player_choice":"Transformed","damage_taken":0,"max_hp_gain":0,"max_hp_loss":0,"event_name":"Transmorgrifier","floor":4,"gold_loss":0,"cards_obtained":["Catalyst"]},{"damage_healed":0,"gold_gain":0,"player_choice":"Fought Bandits","damage_taken":0,"max_hp_gain":0,"max_hp_loss":0,"event_name":"Masked Bandits","floor":19,"gold_loss":0},{"damage_healed":0,"gold_gain":0,"player_choice":"Bought 2 Potions","damage_taken":0,"max_hp_gain":0,"max_hp_loss":0,"event_name":"The Woman in Blue","floor":20,"gold_loss":0},{"damage_healed":0,"gold_gain":0,"player_choice":"Read","damage_taken":0,"max_hp_gain":0,"max_hp_loss":0,"event_name":"The Library","floor":29,"gold_loss":0,"cards_obtained":["Noxious Fumes"]},{"damage_healed":0,"gold_gain":0,"player_choice":"Ignored","damage_taken":0,"max_hp_gain":0,"max_hp_loss":0,"event_name":"Vampires","floor":31,"gold_loss":0},{"damage_healed":0,"gold_gain":0,"player_choice":"Memory 3","damage_taken":10,"max_hp_gain":0,"max_hp_loss":0,"event_name":"SensoryStone","floor":36,"gold_loss":0},{"damage_healed":0,"gold_gain":0,"player_choice":"Copied","damage_taken":0,"max_hp_gain":0,"max_hp_loss":0,"event_name":"Duplicator","floor":37,"gold_loss":0,"cards_obtained":["Catalyst"]}],"is_beta":false,"boss_relics":[{"not_picked":["White Beast Statue","Philosopher\u0027s Stone"],"picked":"Runic Pyramid"},{"not_picked":["Empty Cage","Lizard Tail"],"picked":"HoveringKite"}],"items_purged_floors":[44],"is_endless":false,"potions_floor_spawned":[1,7,14,16,19,22,27,35,39],"ascension_level":0}