{"gold_per_floor":[118,136,154,36,36,36,51,80,80,99,116,132,132,152,152,223,223,233,249,266,266,266,266,281,281],"floor_reached":25,"playtime":1230,"items_purged":["Strike_B"],"score":376,"play_id":"73510d0b-ccc8-4d6b-8f47-1c09882eeaf6","local_time":"20190720144942","is_ascension_mode":true,"campfire_choices":[{"data":"Zap","floor":6,"key":"SMITH"},{"data":"Defragment","floor":13,"key":"SMITH"},{"data":"Dualcast","floor":15,"key":"SMITH"}],"neow_cost":"NONE","seed_source_timestamp":70051829093464,"circlet_count":0,"master_deck":["AscendersBane","Strike_B","Strike_B","Strike_B","Defend_B","Defend_B","Defend_B","Defend_B","Zap+1","Dualcast+1","Biased Cognition","Compile Driver","Cold Snap","BootSequence","Defragment+1","Hologram","Biased Cognition","Echo Form","Defragment","Decay","Writhe"],"relics":["Cracked Core","Pen Nib","Darkstone Periapt","Happy Flower","Cursed Key","Bag of Marbles"],"potions_floor_usage":[8,12,19,25],"damage_taken":[{"damage":1,"enemies":"Cultist","floor":1,"turns":3},{"damage":9,"enemies":"Jaw Worm","floor":2,"turns":3},{"damage":0,"enemies":"Small Slimes","floor":3,"turns":3},{"damage":4,"enemies":"3 Louse","floor":7,"turns":3},{"damage":2,"enemies":"3 Sentries","floor":8,"turns":4},{"damage":0,"enemies":"2 Fungi Beasts","floor":10,"turns":2},{"damage":2,"enemies":"Exordium Wildlife","floor":11,"turns":3},{"damage":0,"enemies":"Lots of Slimes","floor":12,"turns":3},{"damage":1,"enemies":"Exordium Thugs","floor":14,"turns":5},{"damage":18,"enemies":"The Guardian","floor":16,"turns":10},{"damage":10,"enemies":"Shell Parasite","floor":18,"turns":4},{"damage":0,"enemies":"3 Byrds","floor":19,"turns":3},{"damage":31,"enemies":"Shelled Parasite and Fungi","floor":20,"turns":6},{"damage":28,"enemies":"Centurion and Healer","floor":24,"turns":7},{"damage":4,"enemies":"3 Cultists","floor":25,"turns":2}],"seed_played":"3152237598358119633","potions_obtained":[{"floor":1,"key":"Fire Potion"},{"floor":3,"key":"Swift Potion"},{"floor":11,"key":"LiquidBronze"},{"floor":18,"key":"Explosive Potion"},{"floor":24,"key":"Weak Potion"}],"is_trial":false,"path_per_floor":["M","M","M","$","?","R","M","E","T","M","M","M","R","M","R","B",null,"M","M","M","?","?","?","M","M"],"character_chosen":"DEFECT","items_purchased":["Defragment"],"campfire_rested":0,"item_purchase_floors":[4],"current_hp_per_floor":[63,54,54,54,54,54,50,48,48,48,46,46,46,45,45,27,60,50,50,19,25,31,31,3,0],"gold":281,"neow_bonus":"ONE_RANDOM_RARE_CARD","is_prod":false,"is_daily":false,"chose_seed":false,"campfire_upgraded":3,"win_rate":0,"timestamp":1563648582,"path_taken":["M","M","?","$","?","R","M","E","T","?","M","M","R","M","R","BOSS","M","M","?","?","?","?","M","M"],"build_version":"2019-07-17","purchased_purges":1,"victory":false,"max_hp_per_floor":[71,71,71,71,71,71,71,71,71,71,71,71,71,71,71,71,71,71,71,71,77,83,83,83,83],"card_choices":[{"not_picked":["Consume","Coolheaded"],"picked":"Compile Driver","floor":1},{"not_picked":["Gash","Compile Driver"],"picked":"Cold Snap","floor":2},{"not_picked":["FTL","Reprogram"],"picked":"BootSequence","floor":3},{"not_picked":["Beam Cell","Turbo"],"picked":"Hologram","floor":7},{"not_picked":["Gash","Reprogram","Compile Driver"],"picked":"SKIP","floor":8},{"not_picked":["Redo","Barrage","Aggregate"],"picked":"SKIP","floor":10},{"not_picked":["Chaos","Melter","Hologram"],"picked":"SKIP","floor":11},{"not_picked":["Redo","Consume","Double Energy"],"picked":"SKIP","floor":12},{"not_picked":["Coolheaded","Ball Lightning"],"picked":"Biased Cognition","floor":14},{"not_picked":["Thunder Strike","Seek"],"picked":"Echo Form","floor":16},{"not_picked":["Steam","Barrage"],"picked":"Defragment","floor":18},{"not_picked":["Beam Cell+1","Steam","Rip and Tear"],"picked":"SKIP","floor":19},{"not_picked":["Beam Cell","Gash+1","FTL"],"picked":"SKIP","floor":20},{"not_picked":["Stack","Turbo","Double Energy"],"picked":"SKIP","floor":24}],"player_experience":560343,"relics_obtained":[{"floor":5,"key":"Pen Nib"},{"floor":8,"key":"Darkstone Periapt"},{"floor":9,"key":"Happy Flower"}],"event_choices":[{"damage_healed":0,"gold_gain":0,"player_choice":"Relic","damage_taken":0,"max_hp_gain":0,"max_hp_loss":0,"event_name":"Wheel of Change","floor":5,"gold_loss":0},{"damage_healed":0,"gold_gain":0,"player_choice":"Smashed Altar","damage_taken":0,"max_hp_gain":0,"max_hp_loss":0,"event_name":"Forgotten Altar","floor":21,"gold_loss":0,"cards_obtained":["Decay"]},{"damage_healed":0,"gold_gain":0,"player_choice":"Opened","damage_taken":0,"relics_obtained":["Bag of Marbles"],"max_hp_gain":0,"max_hp_loss":0,"event_name":"The Mausoleum","floor":22,"gold_loss":0,"cards_obtained":["Writhe"]},{"damage_healed":0,"gold_gain":0,"player_choice":"Ignored","damage_taken":0,"max_hp_gain":0,"max_hp_loss":0,"event_name":"Vampires","floor":23,"gold_loss":0}],"is_beta":false,"boss_relics":[{"not_picked":["Calling Bell","Tiny House"],"picked":"Cursed Key"}],"items_purged_floors":[4],"is_endless":false,"potions_floor_spawned":[1,3,7,11,18,24],"killed_by":"3 Cultists","ascension_level":16}