{"gold_per_floor":[109,59,59,10,10,10,40,40,87,129,141,25,54,67,67,166,166,106,106,106,106,106,106,106,106,106,106,106,106,106,106,106,106],"floor_reached":33,"playtime":2802,"items_purged":[],"score":283,"play_id":"7aef5344-b873-4ebd-8463-265b8b6a8921","local_time":"20190710093249","is_ascension_mode":false,"campfire_choices":[{"floor":6.0,"key":"REST"},{"data":"Cloak And Dagger","floor":8.0,"key":"SMITH"},{"floor":15.0,"key":"REST"},{"floor":23.0,"key":"REST"},{"floor":28.0,"key":"REST"},{"floor":32,"key":"REST"}],"neow_cost":"PERCENT_DAMAGE","seed_source_timestamp":882925384772725,"circlet_count":0,"master_deck":["Strike_G","Strike_G","Strike_G","Defend_G","Defend_G","Defend_G","Defend_G","Defend_G","Survivor","Neutralize","Cloak And Dagger+1","Bane","Dagger Throw","Dagger Throw","Poisoned Stab","Backstab","Tactician","Noxious Fumes","Envenom","Acrobatics+1","Decay","RitualDagger","Blade Dance","Accuracy","Catalyst","Blade Dance","Finisher","Quick Slash","PiercingWail","Dagger Spray+1"],"special_seed":0,"relics":["Ring of the Snake","Blood Vial","Torii","MawBank","Oddly Smooth Stone","NlothsMask","Dream Catcher","Ectoplasm","Ninja Scroll"],"potions_floor_usage":[33,33,33,33,33,33],"damage_taken":[{"damage":2.0,"enemies":"Jaw Worm","floor":1.0,"turns":5.0},{"damage":27.0,"enemies":"3 Sentries","floor":7.0,"turns":17.0},{"damage":34.0,"enemies":"Gremlin Nob","floor":10.0,"turns":6.0},{"damage":10.0,"enemies":"Lagavulin","floor":13.0,"turns":7.0},{"damage":0.0,"enemies":"Small Slimes","floor":14.0,"turns":2.0},{"damage":21.0,"enemies":"Hexaghost","floor":16.0,"turns":9.0},{"damage":11.0,"enemies":"2 Thieves","floor":18.0,"turns":5.0},{"damage":10.0,"enemies":"3 Byrds","floor":19.0,"turns":5.0},{"damage":16.0,"enemies":"Book of Stabbing","floor":24.0,"turns":5.0},{"damage":13.0,"enemies":"Snake Plant","floor":25.0,"turns":5.0},{"damage":31.0,"enemies":"Shelled Parasite and Fungi","floor":27.0,"turns":5.0},{"damage":24.0,"enemies":"Sentry and Sphere","floor":29.0,"turns":6.0},{"damage":1,"enemies":"Centurion and Healer","floor":30,"turns":4},{"damage":1,"enemies":"Snecko","floor":31,"turns":3},{"damage":60,"enemies":"Collector","floor":33,"turns":5}],"seed_played":"8231740207101657036","potions_obtained":[{"floor":1.0,"key":"Ancient Potion"},{"floor":10.0,"key":"Explosive Potion"},{"floor":18.0,"key":"Block Potion"},{"floor":19.0,"key":"EntropicBrew"}],"is_trial":false,"path_per_floor":["M","?","?","$","?","R","E","R","T","E","?","$","E","M","R","B",null,"M","M","?","?","?","R","E","M","T","M","R","M","M","M","R","B"],"character_chosen":"THE_SILENT","items_purchased":["Bane","Regen Potion","Poisoned Stab"],"campfire_rested":5,"item_purchase_floors":[4,12,12],"current_hp_per_floor":[61,61,49,49,42,67,42,42,42,10,10,10,17,19,44,25,84,73,65,65,65,59,84,68,57,57,28,53,31,32,33,58,0],"gold":106,"neow_bonus":"TWENTY_PERCENT_HP_BONUS","is_prod":false,"is_daily":false,"chose_seed":false,"campfire_upgraded":1,"win_rate":0.0,"timestamp":1562769169,"path_taken":["M","?","?","$","?","R","E","R","T","E","?","$","E","M","R","BOSS","M","M","?","?","?","R","E","M","T","M","R","M","M","M","R","BOSS"],"build_version":"2019-07-05","purchased_purges":0,"victory":false,"max_hp_per_floor":[84,84,84,84,84,84,84,84,84,84,84,84,84,84,84,84,84,84,84,84,84,84,84,84,84,84,84,84,84,84,84,84,84],"card_choices":[{"not_picked":["Escape Plan","Backflip"],"picked":"Cloak And Dagger","floor":1.0},{"not_picked":["Deflect","Acrobatics"],"picked":"Dagger Throw","floor":7.0},{"not_picked":["Venomology","Flying Knee"],"picked":"Dagger Throw","floor":10.0},{"not_picked":["Catalyst","Slice"],"picked":"Backstab","floor":13.0},{"not_picked":["Malaise","Dodge and Roll"],"picked":"Tactician","floor":14.0},{"not_picked":["Flying Knee","Dodge and Roll"],"picked":"Noxious Fumes","floor":15.0},{"not_picked":["Unload","Glass Knife"],"picked":"Envenom","floor":16.0},{"not_picked":["Backflip","Dodge and Roll"],"picked":"Acrobatics+1","floor":18.0},{"not_picked":["Slice","Backflip","Dodge and Roll"],"picked":"SKIP","floor":19.0},{"not_picked":["Backflip+1","Acrobatics+1"],"picked":"Blade Dance","floor":23.0},{"not_picked":["Distraction+1","Sucker Punch"],"picked":"Accuracy","floor":24.0},{"not_picked":["Acrobatics","Flying Knee","Outmaneuver"],"picked":"SKIP","floor":25.0},{"not_picked":["Leg Sweep","Night Terror"],"picked":"Catalyst","floor":27.0},{"not_picked":["Predator+1","Finisher"],"picked":"Blade Dance","floor":28.0},{"not_picked":["Outmaneuver","Acrobatics"],"picked":"Finisher","floor":29.0},{"not_picked":["Underhanded Strike","Skewer"],"picked":"Quick Slash","floor":30},{"not_picked":["Infinite Blades","Distraction+1"],"picked":"PiercingWail","floor":31},{"not_picked":["Reflex+1","Deadly Poison"],"picked":"Dagger Spray+1","floor":32}],"player_experience":74550,"relics_obtained":[{"floor":7.0,"key":"Torii"},{"floor":9.0,"key":"MawBank"},{"floor":10.0,"key":"Oddly Smooth Stone"},{"floor":13.0,"key":"Dream Catcher"},{"floor":24.0,"key":"Ninja Scroll"}],"event_choices":[{"cards_removed":["Strike_G"],"damage_healed":0.0,"max_hp_gain":0.0,"max_hp_loss":0.0,"gold_gain":0.0,"event_name":"The Cleric","player_choice":"Card Removal","floor":2.0,"gold_loss":50.0,"damage_taken":0.0},{"damage_healed":0.0,"max_hp_gain":0.0,"max_hp_loss":0.0,"gold_gain":0.0,"event_name":"Scrap Ooze","player_choice":"Success","floor":3.0,"gold_loss":0.0,"damage_taken":12.0,"relics_obtained":["Blood Vial"]},{"cards_removed":["Strike_G"],"damage_healed":0.0,"max_hp_gain":0.0,"max_hp_loss":0.0,"gold_gain":0.0,"event_name":"Golden Wing","player_choice":"Card Removal","floor":5.0,"gold_loss":0.0,"damage_taken":7.0},{"damage_healed":0.0,"max_hp_gain":0.0,"max_hp_loss":0.0,"gold_gain":0.0,"event_name":"FaceTrader","player_choice":"Trade","floor":11.0,"gold_loss":0.0,"damage_taken":0.0,"relics_obtained":["NlothsMask"]},{"damage_healed":0.0,"max_hp_gain":0.0,"max_hp_loss":0.0,"gold_gain":0.0,"event_name":"Forgotten Altar","player_choice":"Smashed Altar","floor":20.0,"gold_loss":0.0,"damage_taken":0.0,"cards_obtained":["Decay"]},{"damage_healed":0.0,"max_hp_gain":0.0,"max_hp_loss":0.0,"gold_gain":0.0,"event_name":"Cursed Tome","player_choice":"Ignored","floor":21.0,"gold_loss":0.0,"damage_taken":0.0},{"damage_healed":0.0,"max_hp_gain":0.0,"max_hp_loss":0.0,"gold_gain":0.0,"event_name":"Nest","player_choice":"Joined the Cult","floor":22.0,"gold_loss":0.0,"damage_taken":6.0,"cards_obtained":["RitualDagger"]}],"is_beta":false,"boss_relics":[{"not_picked":["Orrery","Velvet Choker"],"picked":"Ectoplasm"}],"items_purged_floors":[],"is_endless":false,"potions_floor_spawned":[1,10,18,19,31],"killed_by":"Collector","ascension_level":0}