{"gold_per_floor":[119,135,135,148,73,106,106,132,132,95,115,115,40,40,40,112,112,130,130,130],"floor_reached":20,"playtime":557,"items_purged":["Strike_R"],"score":360,"play_id":"0440b1f2-c86f-4b75-ac73-81bbb9fb7ec1","local_time":"20190712151142","is_ascension_mode":true,"campfire_choices":[{"data":"Armaments","floor":7,"key":"SMITH"},{"data":"Bash","floor":12,"key":"SMITH"},{"data":"Pommel Strike","floor":15,"key":"SMITH"}],"neow_cost":"NONE","seed_source_timestamp":249407183810177,"circlet_count":0,"master_deck":["AscendersBane","Strike_R","Strike_R","Strike_R","Defend_R","Defend_R","Defend_R","Defend_R","Bash+1","Combust","Spot Weakness","Armaments+1","Corruption","Pommel Strike+1","Battle Trance+1","Anger","Immolate","Heavy Blade+1"],"relics":["Burning Blood","CultistMask","Toxic Egg 2","Ancient Tea Set","Kunai","Cursed Key","Enchiridion"],"potions_floor_usage":[6,8,16,16,20],"damage_taken":[{"damage":11,"enemies":"Small Slimes","floor":1,"turns":4},{"damage":2,"enemies":"Cultist","floor":2,"turns":4},{"damage":9,"enemies":"Jaw Worm","floor":4,"turns":3},{"damage":57,"enemies":"Lagavulin","floor":6,"turns":8},{"damage":39,"enemies":"Gremlin Nob","floor":8,"turns":4},{"damage":1,"enemies":"Exordium Wildlife","floor":11,"turns":3},{"damage":9,"enemies":"Hexaghost","floor":16,"turns":7},{"damage":32,"enemies":"Spheric Guardian","floor":18,"turns":6},{"damage":21,"enemies":"Shell Parasite","floor":20,"turns":1}],"seed_played":"2626672804032234144","potions_obtained":[{"floor":0,"key":"Fire Potion"},{"floor":0,"key":"BloodPotion"},{"floor":6,"key":"FairyPotion"},{"floor":8,"key":"AttackPotion"},{"floor":11,"key":"Swift Potion"},{"floor":16,"key":"Strength Potion"}],"is_trial":false,"path_per_floor":["M","M","?","M","$","E","R","E","T","$","M","R","?","$","R","B",null,"M","?","M"],"character_chosen":"IRONCLAD","items_purchased":["Battle Trance+1"],"campfire_rested":0,"item_purchase_floors":[10],"current_hp_per_floor":[63,67,67,64,64,13,13,13,13,13,18,18,18,18,18,15,60,34,13,0],"gold":130,"neow_bonus":"THREE_SMALL_POTIONS","is_prod":false,"is_daily":false,"chose_seed":false,"campfire_upgraded":3,"win_rate":0,"timestamp":1562958702,"path_taken":["M","M","?","M","?","E","R","E","T","$","M","R","?","?","R","BOSS","M","?","M"],"build_version":"2019-07-05","purchased_purges":1,"victory":false,"max_hp_per_floor":[75,75,75,75,75,75,75,75,75,75,75,75,75,75,75,75,75,75,75,75],"card_choices":[{"not_picked":["Cleave","Sentinel"],"picked":"Combust","floor":1},{"not_picked":["Warcry","Clothesline"],"picked":"Spot Weakness","floor":2},{"not_picked":["Iron Wave","Heavy Blade"],"picked":"Armaments","floor":4},{"not_picked":["Clash","Rampage"],"picked":"Corruption","floor":6},{"not_picked":["Iron Wave","Fire Breathing"],"picked":"Pommel Strike","floor":8},{"not_picked":["Pommel Strike","Flex+1"],"picked":"Anger","floor":11},{"not_picked":["Barricade","Exhume+1"],"picked":"Immolate","floor":16},{"not_picked":["Anger","Cleave"],"picked":"Heavy Blade+1","floor":18}],"player_experience":1476718,"relics_obtained":[{"floor":6,"key":"Toxic Egg 2"},{"floor":8,"key":"Ancient Tea Set"},{"floor":9,"key":"Kunai"},{"floor":19,"key":"Enchiridion"}],"event_choices":[{"damage_healed":0,"gold_gain":0,"player_choice":"Trade","damage_taken":0,"relics_obtained":["CultistMask"],"max_hp_gain":0,"max_hp_loss":0,"event_name":"FaceTrader","floor":3,"gold_loss":0},{"cards_removed":["Strike_R"],"damage_healed":0,"gold_gain":0,"player_choice":"Card Removal","damage_taken":0,"max_hp_gain":0,"max_hp_loss":0,"event_name":"The Cleric","floor":13,"gold_loss":75},{"damage_healed":0,"gold_gain":0,"player_choice":"Obtained Book","damage_taken":21,"max_hp_gain":0,"max_hp_loss":0,"event_name":"Cursed Tome","floor":19,"gold_loss":0}],"is_beta":false,"boss_relics":[{"not_picked":["Tiny House","Black Blood"],"picked":"Cursed Key"}],"items_purged_floors":[5],"is_endless":false,"potions_floor_spawned":[6,8,11,16],"killed_by":"Shell Parasite","ascension_level":20}