{"gold_per_floor":[115,115,132,143,156,156,55,73,141,171,171,171,186,201,201,300,300,313,313,313,279,77,77,104,104,150,150,160,85,85],"floor_reached":30,"playtime":2199,"items_purged":["Defend_G"],"score":290,"play_id":"11e7e20a-ff8c-4292-899f-5177ff77ce84","local_time":"20190428135644","is_ascension_mode":true,"campfire_choices":[{"data":"Footwork","floor":6,"key":"SMITH"},{"data":"Writhe","floor":12,"key":"PURGE"},{"floor":15,"key":"REST"},{"floor":23,"key":"REST"},{"floor":25,"key":"REST"}],"neow_cost":"NONE","seed_source_timestamp":75315125553957,"circlet_count":0,"master_deck":["Defend_G","Defend_G","Defend_G","Strike_G","Strike_G","Strike_G","Strike_G","Strike_G","Survivor","Neutralize","Footwork+1","Escape Plan","Deflect","Backflip","Malaise","Noxious Fumes","Envenom","Writhe","Escape Plan","Decay","Pain","PiercingWail+1"],"relics":["Cursed Key","Dodecahedron","Peace Pipe","Fusion Hammer","Vajra","Sling","Gremlin Horn","Happy Flower","Frozen Egg 2"],"potions_floor_usage":[5,5,10,11,16,30],"damage_taken":[{"damage":0,"enemies":"2 Louse","floor":1,"turns":3},{"damage":0,"enemies":"Cultist","floor":3,"turns":4},{"damage":0,"enemies":"Small Slimes","floor":4,"turns":5},{"damage":1,"enemies":"3 Louse","floor":5,"turns":5},{"damage":0,"enemies":"Blue Slaver","floor":8,"turns":5},{"damage":10,"enemies":"Lagavulin","floor":10,"turns":10},{"damage":0,"enemies":"Gremlin Gang","floor":11,"turns":1},{"damage":9,"enemies":"2 Fungi Beasts","floor":13,"turns":4},{"damage":0,"enemies":"Blue Slaver","floor":14,"turns":6},{"damage":16,"enemies":"Hexaghost","floor":16,"turns":16},{"damage":13,"enemies":"Spheric Guardian","floor":18,"turns":7},{"damage":29,"enemies":"2 Thieves","floor":21,"turns":5},{"damage":7,"enemies":"Book of Stabbing","floor":24,"turns":8},{"damage":44,"enemies":"3 Cultists","floor":28,"turns":8},{"damage":65,"enemies":"Chosen and Byrds","floor":30,"turns":10}],"seed_played":"-7055233940490151024","potions_obtained":[{"floor":1,"key":"PowerPotion"},{"floor":4,"key":"EntropicBrew"},{"floor":10,"key":"FairyPotion"},{"floor":16,"key":"Dexterity Potion"},{"floor":18,"key":"Strength Potion"}],"is_trial":false,"path_per_floor":["M","?","M","M","M","R","$","M","T","E","M","R","M","M","R","B",null,"M","?","?","M","$","R","E","R","T","T","M","?","M"],"character_chosen":"THE_SILENT","items_purchased":["Backflip","Sling"],"campfire_rested":3,"item_purchase_floors":[7,22],"current_hp_per_floor":[70,70,70,70,69,69,69,69,69,59,59,59,50,50,70,54,70,57,57,57,28,28,49,42,63,63,63,19,19,0],"gold":85,"neow_bonus":"BOSS_RELIC","is_prod":false,"is_daily":false,"chose_seed":false,"campfire_upgraded":1,"win_rate":0,"timestamp":1556474204,"path_taken":["M","?","M","M","M","R","$","?","T","E","M","R","M","M","R","BOSS","M","?","?","M","$","R","E","R","T","?","M","?","M"],"build_version":"2019-01-23","purchased_purges":1,"victory":false,"max_hp_per_floor":[70,70,70,70,70,70,70,70,70,70,70,70,70,70,70,70,70,70,70,70,70,70,70,70,70,70,70,70,70,70],"card_choices":[{"not_picked":["Slice","Expertise"],"picked":"Footwork","floor":1},{"not_picked":["Deflect","Dagger Throw"],"picked":"Escape Plan","floor":3},{"not_picked":["Acrobatics","Dagger Throw"],"picked":"Deflect","floor":4},{"not_picked":["Choke","Dagger Throw","Bane"],"picked":"SKIP","floor":5},{"not_picked":["Deflect","Underhanded Strike","Slice"],"picked":"SKIP","floor":8},{"not_picked":["Distraction","Prepared","Dagger Throw"],"picked":"SKIP","floor":10},{"not_picked":["Deadly Poison","Blade Dance"],"picked":"Malaise","floor":13},{"not_picked":["Blade Dance","Eviscerate"],"picked":"Noxious Fumes","floor":14},{"not_picked":["Grand Finale","Corpse Explosion"],"picked":"Envenom","floor":16},{"not_picked":["Tactician","Dodge and Roll","Riddle With Holes"],"picked":"SKIP","floor":18},{"not_picked":["Choke","Dodge and Roll","Quick Slash"],"picked":"SKIP","floor":21},{"not_picked":["Outmaneuver+1","Backflip"],"picked":"Escape Plan","floor":24},{"not_picked":["Skewer","Deadly Poison"],"picked":"PiercingWail+1","floor":28}],"player_experience":183885,"relics_obtained":[{"floor":9,"key":"Dodecahedron"},{"floor":10,"key":"Peace Pipe"},{"floor":24,"key":"Gremlin Horn"},{"floor":26,"key":"Happy Flower"},{"floor":27,"key":"Frozen Egg 2"}],"event_choices":[{"damage_healed":0,"gold_gain":0,"player_choice":"Bought 0 Potions","damage_taken":0,"max_hp_gain":0,"max_hp_loss":0,"event_name":"The Woman in Blue","floor":2,"gold_loss":0},{"damage_healed":0,"gold_gain":0,"player_choice":"Opened","damage_taken":0,"relics_obtained":["Vajra"],"max_hp_gain":0,"max_hp_loss":0,"event_name":"The Mausoleum","floor":19,"gold_loss":0,"cards_obtained":["Writhe"]},{"damage_healed":0,"gold_gain":0,"player_choice":"Ignored","damage_taken":0,"max_hp_gain":0,"max_hp_loss":0,"event_name":"Ghosts","floor":20,"gold_loss":0},{"cards_removed":["Defend_G"],"damage_healed":0,"gold_gain":0,"player_choice":"Gave Gold","damage_taken":0,"max_hp_gain":0,"max_hp_loss":0,"event_name":"Beggar","floor":29,"gold_loss":75}],"is_beta":false,"boss_relics":[{"not_picked":["Tiny House","Empty Cage"],"picked":"Fusion Hammer"}],"items_purged_floors":[7],"is_endless":false,"potions_floor_spawned":[1,4,10,16,18,28],"killed_by":"Chosen and Byrds","ascension_level":3}