{"gold_per_floor":[110,129,144,144,160,160,11,37,114,149,149,149],"floor_reached":12,"playtime":533,"items_purged":["Strike_G"],"score":226,"play_id":"67a5dc66-4302-4908-aa29-0c365f2a076b","local_time":"20181116113017","is_ascension_mode":true,"campfire_choices":[{"data":"Neutralize","floor":6,"key":"SMITH"},{"data":"Noxious Fumes","floor":11,"key":"SMITH"}],"neow_cost":"PERCENT_DAMAGE","seed_source_timestamp":171201754848417,"circlet_count":0,"master_deck":["AscendersBane","Defend_G","Defend_G","Defend_G","Defend_G","Defend_G","Strike_G","Strike_G","Strike_G","Survivor","Neutralize+1","Deadly Poison","PiercingWail","Noxious Fumes+1","Quick Slash","Dash","Heel Hook","Well Laid Plans"],"relics":["Ring of the Snake","Nunchaku","Paper Crane","Potion Belt"],"potions_floor_usage":[5,10],"damage_taken":[{"damage":4,"enemies":"Jaw Worm","floor":1,"turns":7},{"damage":0,"enemies":"Cultist","floor":2,"turns":4},{"damage":0,"enemies":"2 Louse","floor":3,"turns":3},{"damage":3,"enemies":"Exordium Thugs","floor":5,"turns":4},{"damage":32,"enemies":"Gremlin Nob","floor":8,"turns":5},{"damage":0,"enemies":"Lagavulin","floor":10,"turns":8},{"damage":35,"enemies":"Gremlin Gang","floor":12,"turns":4}],"seed_played":"4354248177537964706","potions_obtained":[{"floor":2,"key":"Fire Potion"},{"floor":8,"key":"SteroidPotion"}],"is_trial":false,"path_per_floor":["M","M","M","?","M","R","$","E","T","E","R","M"],"character_chosen":"THE_SILENT","items_purchased":["Dash"],"campfire_rested":0,"item_purchase_floors":[7],"current_hp_per_floor":[52,52,52,52,49,49,49,17,17,17,17,0],"gold":149,"neow_bonus":"TWENTY_PERCENT_HP_BONUS","is_prod":false,"is_daily":false,"chose_seed":false,"campfire_upgraded":2,"win_rate":0,"timestamp":1542385817,"path_taken":["M","M","M","?","M","R","$","E","T","E","R","M"],"build_version":"2018-11-15","purchased_purges":1,"victory":false,"max_hp_per_floor":[78,78,78,78,78,78,78,78,78,78,78,78],"card_choices":[{"not_picked":["Cloak And Dagger","Acrobatics"],"picked":"Deadly Poison","floor":1},{"not_picked":["Distraction","Expertise"],"picked":"PiercingWail","floor":2},{"not_picked":["Leg Sweep","Deflect"],"picked":"Noxious Fumes","floor":3},{"not_picked":["Setup","Acrobatics"],"picked":"Quick Slash","floor":5},{"not_picked":["Blade Dance","Phantasmal Killer"],"picked":"Heel Hook","floor":8},{"not_picked":["Poisoned Stab","Deadly Poison"],"picked":"Well Laid Plans","floor":10}],"player_experience":1063257,"relics_obtained":[{"floor":8,"key":"Nunchaku"},{"floor":9,"key":"Paper Crane"},{"floor":10,"key":"Potion Belt"}],"event_choices":[{"cards_removed":["Strike_G"],"damage_healed":0,"gold_gain":0,"player_choice":"Purged","damage_taken":0,"max_hp_gain":0,"max_hp_loss":0,"event_name":"Purifier","floor":4,"gold_loss":0}],"is_beta":false,"boss_relics":[],"items_purged_floors":[7],"is_endless":false,"potions_floor_spawned":[2,8],"killed_by":"Gremlin Gang","ascension_level":20}