{"gold_per_floor":[115,127,141,157,7,7,22,54,78,106,117,149,149,149,149,253,253,264,264,254,204,204,204,1,35,62,62,62,62,62,79,79,79],"floor_reached":33,"playtime":2680,"items_purged":["Strike_G","Noxious Fumes"],"score":421,"play_id":"ddf207ea-1998-4fd8-be97-2c2b03b47f5e","local_time":"20190605073722","is_ascension_mode":true,"campfire_choices":[{"data":"Neutralize","floor":6.0,"key":"SMITH"},{"floor":13.0,"key":"REST"},{"data":"Predator","floor":15.0,"key":"SMITH"},{"data":"Blur","floor":23,"key":"SMITH"},{"floor":27,"key":"REST"},{"data":"Bite","floor":30,"key":"SMITH"},{"floor":32,"key":"REST"}],"neow_cost":"NONE","seed_source_timestamp":0,"circlet_count":0,"master_deck":["Defend_G","Defend_G","Defend_G","Defend_G","Survivor","Neutralize+1","Blur","Backstab","Blur+1","Flying Knee","Deflect","Predator+1","Dagger Spray","Dash","Die Die Die","Dual Wield+1","Bite+1","Bite","Bite","Bite","Bite","Infernal Blade+1"],"special_seed":0,"relics":["Lizard Tail","Bronze Scales","Bag of Marbles","Smiling Mask","Juzu Bracelet","Empty Cage","PrismaticShard","Boot"],"potions_floor_usage":[25,25],"damage_taken":[{"damage":0.0,"enemies":"Small Slimes","floor":1.0,"turns":5.0},{"damage":5.0,"enemies":"Jaw Worm","floor":2.0,"turns":7.0},{"damage":0.0,"enemies":"Cultist","floor":3.0,"turns":4.0},{"damage":3.0,"enemies":"Looter","floor":4.0,"turns":4.0},{"damage":3.0,"enemies":"Blue Slaver","floor":7.0,"turns":5.0},{"damage":33.0,"enemies":"Lagavulin","floor":8.0,"turns":7.0},{"damage":7.0,"enemies":"Gremlin Nob","floor":10.0,"turns":4.0},{"damage":8.0,"enemies":"Large Slime","floor":11.0,"turns":5.0},{"damage":5.0,"enemies":"Lagavulin","floor":12.0,"turns":5.0},{"damage":29.0,"enemies":"Hexaghost","floor":16.0,"turns":10.0},{"damage":0,"enemies":"3 Byrds","floor":18,"turns":2},{"damage":1,"enemies":"2 Thieves","floor":20,"turns":4},{"damage":36,"enemies":"Gremlin Leader","floor":25,"turns":12},{"damage":36,"enemies":"Snake Plant","floor":31,"turns":4},{"damage":60,"enemies":"Collector","floor":33,"turns":6}],"seed_played":"4610660036432519834","potions_obtained":[{"floor":1.0,"key":"Explosive Potion"},{"floor":2.0,"key":"Block Potion"},{"floor":3.0,"key":"Strength Potion"},{"floor":11.0,"key":"AttackPotion"},{"floor":18,"key":"SteroidPotion"},{"floor":20,"key":"Regen Potion"}],"is_trial":false,"path_per_floor":["M","M","M","M","$","R","M","E","T","E","M","E","R","?","R","B",null,"M","?","M","$","?","R","$","E","T","R","?","?","R","M","R","B"],"character_chosen":"THE_SILENT","items_purchased":["Noxious Fumes","PrismaticShard"],"campfire_rested":3,"item_purchase_floors":[5,24],"current_hp_per_floor":[63,58,58,55,55,55,52,19,19,12,4,35,56,49,49,20,58,58,58,57,57,44,44,44,23,23,45,45,45,45,18,40,0],"gold":79,"neow_bonus":"BOSS_RELIC","is_prod":false,"is_daily":false,"chose_seed":false,"campfire_upgraded":4,"win_rate":0,"timestamp":1559734642,"path_taken":["M","M","M","M","$","R","M","E","T","E","M","E","R","?","R","BOSS","M","?","M","$","?","R","$","E","T","R","?","?","R","M","R","BOSS"],"build_version":"2019-01-23","purchased_purges":2,"victory":false,"max_hp_per_floor":[70,70,70,70,70,70,70,70,70,70,70,70,70,70,70,70,70,70,70,70,70,75,75,75,75,75,75,75,75,75,75,75,75],"card_choices":[{"not_picked":["Bouncing Flask","Caltrops"],"picked":"Blur","floor":1.0},{"not_picked":["Calculated Gamble","All Out Attack"],"picked":"Backstab","floor":2.0},{"not_picked":["Bouncing Flask","Poisoned Stab"],"picked":"Blur","floor":3.0},{"not_picked":["Deflect","Slice"],"picked":"Flying Knee","floor":4.0},{"not_picked":["Accuracy","Deadly Poison"],"picked":"Deflect","floor":7.0},{"not_picked":["Terror","Deadly Poison"],"picked":"Predator","floor":8.0},{"not_picked":["Acrobatics","Flying Knee","Crippling Poison"],"picked":"SKIP","floor":10.0},{"not_picked":["Flying Knee","PiercingWail"],"picked":"Dagger Spray","floor":11.0},{"not_picked":["Heel Hook","Crippling Poison"],"picked":"Dash","floor":12.0},{"not_picked":["Venomology","Malaise"],"picked":"Die Die Die","floor":16.0},{"not_picked":["Predator","PiercingWail","Dagger Throw"],"picked":"SKIP","floor":18},{"not_picked":["Bane","Prepared","Underhanded Strike+1"],"picked":"SKIP","floor":20},{"not_picked":["Jack Of All Trades","Power Through+1"],"picked":"Dual Wield+1","floor":25},{"not_picked":["Go for the Eyes","Conserve Battery"],"picked":"Infernal Blade+1","floor":31}],"player_experience":375603,"relics_obtained":[{"floor":8.0,"key":"Bronze Scales"},{"floor":9.0,"key":"Bag of Marbles"},{"floor":10.0,"key":"Smiling Mask"},{"floor":12.0,"key":"Juzu Bracelet"},{"floor":25,"key":"Boot"},{"floor":26,"key":"Blood Vial"}],"event_choices":[{"cards_removed":["Strike_G"],"damage_healed":0.0,"max_hp_gain":0.0,"max_hp_loss":0.0,"gold_gain":0.0,"event_name":"Golden Wing","player_choice":"Card Removal","floor":14.0,"gold_loss":0.0,"damage_taken":7.0},{"cards_removed":["Strike_G"],"damage_healed":0,"gold_gain":0,"player_choice":"Offered Basic","damage_taken":0,"max_hp_gain":0,"max_hp_loss":0,"event_name":"Bonfire Elementals","floor":19,"gold_loss":0},{"damage_healed":0,"gold_gain":0,"player_choice":"Shed Blood","damage_taken":18,"max_hp_gain":5,"max_hp_loss":0,"event_name":"Forgotten Altar","floor":22,"gold_loss":0},{"cards_removed":["Defend_G"],"damage_healed":0,"gold_gain":0,"player_choice":"Elegance","damage_taken":0,"max_hp_gain":0,"max_hp_loss":0,"event_name":"Back to Basics","floor":28,"gold_loss":0},{"damage_healed":0,"gold_gain":0,"player_choice":"Became a vampire (Vial)","damage_taken":0,"max_hp_gain":0,"max_hp_loss":0,"event_name":"Vampires","floor":29,"relics_lost":["Blood Vial"],"gold_loss":0,"cards_obtained":["Bite","Bite","Bite","Bite","Bite"]}],"is_beta":false,"boss_relics":[{"not_picked":["Pandora\u0027s Box","White Beast Statue"],"picked":"Empty Cage"}],"items_purged_floors":[5,21],"is_endless":false,"potions_floor_spawned":[1,2,3,7,11,18,20],"killed_by":"Collector","ascension_level":8}