{"gold_per_floor":[215,390,390,407,407,407,436,448,539,551,578,590,637,664,676,788,800,831,856,886,898,346,346,381,381,381,400,415,514,514,524,524,621,621,639,659,674,231,246,246,259,259,339,339,339,350,43,55,55,55],"floor_reached":51,"playtime":2601,"items_purged":["Strike_R"],"score":779,"play_id":"44bb4174-196f-4589-902e-1a1fbd8f6510","local_time":"20180820235652","is_ascension_mode":false,"campfire_choices":[{"data":"Bash","floor":6.0,"key":"SMITH"},{"data":"Shrug It Off","floor":8.0,"key":"SMITH"},{"data":"Anger","floor":15.0,"key":"SMITH"},{"data":"Shrug It Off","floor":23.0,"key":"SMITH"},{"data":"Havoc","floor":30.0,"key":"SMITH"},{"data":"Warcry","floor":32.0,"key":"SMITH"},{"data":"Clash","floor":40.0,"key":"SMITH"},{"data":"Defend_R","floor":42.0,"key":"SMITH"},{"data":"Defend_R","floor":45.0,"key":"SMITH"},{"data":"Defend_R","floor":49.0,"key":"SMITH"}],"neow_cost":"NONE","seed_source_timestamp":0,"circlet_count":0,"master_deck":["Strike_R","Strike_R","Strike_R","Defend_R+1","Defend_R+1","Defend_R+1","Defend_R+1","Bash+1","Shrug It Off+1","Warcry+1","Shrug It Off+1","Anger+1","Cleave+1","Shrug It Off+1","Clash+1","Pommel Strike+1","Havoc+1","Body Slam+1","Flex+1","Pommel Strike+1","Shrug It Off+1","Warcry+1","Warcry"],"special_seed":0,"relics":["Burning Blood","MawBank","Meat on the Bone","Regal Pillow","Mark of Pain","Red Skull","Magic Flower","Strawberry","Question Card","Coffee Dripper","Oddly Smooth Stone","Incense Burner","Dodecahedron","Sundial","Vajra","Bag of Preparation"],"potions_floor_usage":[50,50,50],"damage_taken":[{"damage":2.0,"enemies":"Small Slimes","floor":1.0,"turns":5.0},{"damage":10.0,"enemies":"Cultist","floor":4.0,"turns":4.0},{"damage":34.0,"enemies":"Lagavulin","floor":7.0,"turns":10.0},{"damage":0.0,"enemies":"2 Louse","floor":11.0,"turns":3.0},{"damage":21.0,"enemies":"Gremlin Nob","floor":13.0,"turns":4.0},{"damage":0.0,"enemies":"Looter","floor":14.0,"turns":4.0},{"damage":45.0,"enemies":"Slime Boss","floor":16.0,"turns":13.0},{"damage":20.0,"enemies":"Shell Parasite","floor":18.0,"turns":6.0},{"damage":7.0,"enemies":"3 Byrds","floor":19.0,"turns":8.0},{"damage":17.0,"enemies":"Snecko","floor":20.0,"turns":7.0},{"damage":66.0,"enemies":"Gremlin Leader","floor":24.0,"turns":10.0},{"damage":26.0,"enemies":"Sentry and Sphere","floor":27.0,"turns":7.0},{"damage":7.0,"enemies":"Shelled Parasite and Fungi","floor":28.0,"turns":5.0},{"damage":0.0,"enemies":"Cultist and Chosen","floor":31.0,"turns":6.0},{"damage":56.0,"enemies":"Collector","floor":33.0,"turns":13.0},{"damage":58.0,"enemies":"Flame Bruiser 1 Orb","floor":35.0,"turns":18.0},{"damage":2.0,"enemies":"3 Shapes","floor":36.0,"turns":6.0},{"damage":21.0,"enemies":"Flame Bruiser 2 Orb","floor":37.0,"turns":5.0},{"damage":4.0,"enemies":"Spire Growth","floor":39.0,"turns":4.0},{"damage":6.0,"enemies":"Sphere and 2 Shapes","floor":41.0,"turns":5.0},{"damage":0.0,"floor":44.0,"turns":6.0},{"damage":16.0,"enemies":"Flame Bruiser 2 Orb","floor":46.0,"turns":4.0},{"damage":0.0,"enemies":"Transient","floor":48.0,"turns":5.0},{"damage":76,"enemies":"Donu and Deca","floor":50,"turns":14}],"seed_played":"1183183003824136390","potions_obtained":[{"floor":7.0,"key":"EssenceOfSteel"},{"floor":11.0,"key":"LiquidBronze"},{"floor":14.0,"key":"Ancient Potion"},{"floor":19.0,"key":"Regen Potion"},{"floor":24.0,"key":"Explosive Potion"},{"floor":27.0,"key":"GamblersBrew"},{"floor":33.0,"key":"Regen Potion"},{"floor":35.0,"key":"SkillPotion"},{"floor":37.0,"key":"FearPotion"},{"floor":41.0,"key":"EssenceOfSteel"},{"floor":46.0,"key":"AttackPotion"}],"is_trial":false,"path_per_floor":["M","?","?","M","?","R","E","R","T","$","M","?","E","M","R","B",null,"M","M","M","?","$","R","E","?","T","M","M","?","R","M","R","B",null,"M","M","M","$","M","R","M","R","T","?","R","M","$","M","R","B"],"character_chosen":"IRONCLAD","items_purchased":["Shrug It Off","Red Skull","Magic Flower","Oddly Smooth Stone","Incense Burner","Vajra","Bag of Preparation"],"campfire_rested":0,"item_purchase_floors":[22,22,22,38,38,47,47],"current_hp_per_floor":[80,80,64,60,53,53,25,25,25,25,43,43,40,58,58,31,80,66,65,69,69,69,69,37,37,37,38,58,58,58,67,67,38,87,56,63,69,69,74,74,77,77,77,86,86,79,79,87,87,59],"gold":55,"neow_bonus":"HUNDRED_GOLD","is_prod":false,"is_daily":false,"chose_seed":false,"campfire_upgraded":10,"win_rate":0,"timestamp":1534823812,"path_taken":["M","?","?","M","?","R","E","R","T","$","M","?","E","M","R","BOSS","M","M","M","?","$","R","E","?","T","M","M","?","R","M","R","BOSS","M","?","M","$","M","R","M","R","T","?","R","M","$","M","R","BOSS"],"build_version":"2018-08-16","purchased_purges":1,"victory":true,"max_hp_per_floor":[80,80,80,80,80,80,80,80,80,80,80,80,80,80,80,80,80,80,80,80,80,80,80,87,87,87,87,87,87,87,87,87,87,87,87,87,87,87,87,87,87,87,87,87,87,87,87,87,87,87],"card_choices":[{"not_picked":["Iron Wave","Whirlwind"],"picked":"Shrug It Off","floor":1.0},{"not_picked":["Ghostly Armor","Cleave"],"picked":"Warcry","floor":4.0},{"not_picked":["Warcry","Wild Strike"],"picked":"Shrug It Off","floor":7.0},{"not_picked":["Entrench","Heavy Blade","Rage"],"picked":"SKIP","floor":11.0},{"not_picked":["Entrench","Havoc","Berserk"],"picked":"SKIP","floor":13.0},{"not_picked":["Ghostly Armor","Dropkick"],"picked":"Anger","floor":14.0},{"not_picked":["Corruption","Fire Breathing","Heavy Blade+1"],"picked":"SKIP","floor":18.0},{"not_picked":["Sever Soul","Corruption+1"],"picked":"Cleave+1","floor":19.0},{"not_picked":["Flame Barrier","Sever Soul+1","Bloodletting+1"],"picked":"SKIP","floor":20.0},{"not_picked":["Reckless Charge","Whirlwind","Pummel"],"picked":"SKIP","floor":24.0},{"not_picked":["Twin Strike+1","Iron Wave","Fire Breathing+1"],"picked":"Pommel Strike+1","floor":27.0},{"not_picked":["Wild Strike","Reaper","Carnage"],"picked":"Havoc","floor":28.0},{"not_picked":["Thunderclap+1","Pummel+1","Headbutt"],"picked":"Body Slam+1","floor":31.0},{"not_picked":["Pommel Strike","Cleave+1","Iron Wave","Perfected Strike+1"],"picked":"SKIP","floor":35.0},{"not_picked":["Armaments","Heavy Blade+1","Wild Strike"],"picked":"Flex+1","floor":36.0},{"not_picked":["Limit Break","Shrug It Off","Bloodletting"],"picked":"Pommel Strike+1","floor":37.0},{"not_picked":["Cleave+1","Heavy Blade+1","Sever Soul","Perfected Strike+1"],"picked":"SKIP","floor":39.0},{"not_picked":["Feel No Pain+1","Cleave","Uppercut"],"picked":"Shrug It Off+1","floor":41.0},{"not_picked":["Whirlwind","Seeing Red","Uppercut+1"],"picked":"Warcry+1","floor":44.0},{"not_picked":["Infernal Blade","Fire Breathing","Shrug It Off","Flame Barrier+1"],"picked":"SKIP","floor":46.0},{"not_picked":["Rampage","Pommel Strike","Disarm+1"],"picked":"Warcry","floor":48.0}],"player_experience":525172,"relics_obtained":[{"floor":7.0,"key":"MawBank"},{"floor":9.0,"key":"Meat on the Bone"},{"floor":13.0,"key":"Regal Pillow"},{"floor":24.0,"key":"Strawberry"},{"floor":26.0,"key":"Question Card"},{"floor":43.0,"key":"Dodecahedron"},{"floor":44.0,"key":"Sundial"}],"event_choices":[{"event_name":"Liars Game","player_choice":"agreed","floor":2.0,"damage_taken":0.0},{"event_name":"Shining Light","player_choice":"Entered Light","floor":3.0,"damage_taken":0.0},{"event_name":"Golden Wing","player_choice":"Card Removal","floor":5.0,"damage_taken":0.0},{"event_name":"Living Wall","player_choice":"Forget","floor":12.0,"damage_taken":0.0},{"event_name":"Drug Dealer","player_choice":"Ignored","floor":21.0,"damage_taken":0.0},{"event_name":"The Library","player_choice":"Read","floor":25.0,"damage_taken":0.0},{"event_name":"Nest","player_choice":"Stole From Cult","floor":29.0,"damage_taken":0.0},{"event_name":"MindBloom","player_choice":"Fight","floor":44.0,"damage_taken":0.0}],"is_beta":false,"boss_relics":[{"not_picked":["White Beast Statue","Runic Cube"],"picked":"Mark of Pain"},{"not_picked":["Cursed Key","Runic Pyramid"],"picked":"Coffee Dripper"}],"items_purged_floors":[22],"is_endless":false,"potions_floor_spawned":[7,11,14,19,24,27,33,35,37,41,46],"ascension_level":0}