{"gold_per_floor":[216,235,185,185,110,110,135,155,155,330,230,230,230,249,249,249],"floor_reached":16,"playtime":477,"items_purged":["Strike_R","Doubt"],"score":98,"play_id":"928f7b57-ab1f-4f52-9c4c-b1ef9075f9d6","local_time":"20180803192317","is_ascension_mode":false,"campfire_choices":[{"data":"Bash","floor":6,"key":"SMITH"},{"data":"Thunderclap","floor":15,"key":"SMITH"}],"neow_cost":"NONE","seed_source_timestamp":196720544586391,"circlet_count":0,"master_deck":["Strike_R","Strike_R","Strike_R","Defend_R","Defend_R","Defend_R","Bash+1","Thunderclap+1","Dropkick"],"relics":["Burning Blood","Turnip","Champion Belt","Golden Idol"],"potions_floor_usage":[14,16],"damage_taken":[{"damage":3,"enemies":"Jaw Worm","floor":1,"turns":4},{"damage":1,"enemies":"Cultist","floor":2,"turns":3},{"damage":26,"enemies":"3 Sentries","floor":7,"turns":10},{"damage":1,"enemies":"2 Louse","floor":8,"turns":2},{"damage":15,"enemies":"Large Slime","floor":14,"turns":9},{"damage":39,"enemies":"Hexaghost","floor":16,"turns":9}],"seed_played":"-8238144215575246948","potions_obtained":[{"floor":7,"key":"BloodPotion"},{"floor":14,"key":"LiquidBronze"}],"is_trial":false,"path_per_floor":["M","M","?","$","$","R","E","M","T","?","$","?","?","M","R"],"character_chosen":"IRONCLAD","items_purchased":[],"campfire_rested":0,"item_purchase_floors":[],"current_hp_per_floor":[80,80,80,80,80,80,60,65,65,65,65,45,38,37,37,0],"gold":249,"neow_bonus":"HUNDRED_GOLD","is_prod":false,"is_daily":false,"chose_seed":false,"campfire_upgraded":2,"win_rate":0,"timestamp":1533338597,"path_taken":["M","M","?","?","$","R","E","M","T","?","$","?","?","M","R","BOSS"],"build_version":"2018-08-02","purchased_purges":2,"victory":false,"max_hp_per_floor":[80,80,80,80,80,80,80,80,80,80,80,80,80,80,80,80],"card_choices":[{"not_picked":["Sword Boomerang","Wild Strike"],"picked":"Thunderclap","floor":1},{"not_picked":["Power Through","Seeing Red","Flex"],"picked":"SKIP","floor":2},{"not_picked":["Battle Trance","Iron Wave","Heavy Blade"],"picked":"SKIP","floor":7},{"not_picked":["Searing Blow","Barricade","Ghostly Armor"],"picked":"SKIP","floor":8},{"not_picked":["Infernal Blade","Flex"],"picked":"Dropkick","floor":14}],"player_experience":434303,"relics_obtained":[{"floor":7,"key":"Turnip"},{"floor":9,"key":"Champion Belt"}],"event_choices":[{"event_name":"The Cleric","player_choice":"Card Removal","floor":3,"damage_taken":0},{"event_name":"Liars Game","player_choice":"agreed","floor":10,"damage_taken":0},{"event_name":"Golden Idol","player_choice":"Take Damage","floor":12,"damage_taken":0},{"event_name":"Golden Wing","player_choice":"Card Removal","floor":13,"damage_taken":0}],"is_beta":false,"boss_relics":[],"items_purged_floors":[5,11],"is_endless":false,"potions_floor_spawned":[7,14],"killed_by":"Hexaghost","ascension_level":0}