{"gold_per_floor":[111,123,141,92,112,140,140,153,179,207,225,242,242,276,276,377,377,392,403,431,381,392,392,411,411,436,447,465,485,517,517,517,613,613,633,646,663,680,698,698],"floor_reached":40,"playtime":3549,"items_purged":[],"score":463,"play_id":"075610fc-43cf-4158-8ea9-16a3d0fcdc2d","local_time":"20180624223543","is_ascension_mode":false,"campfire_choices":[{"data":"Pommel Strike","floor":7,"key":"SMITH"},{"data":"Pommel Strike","floor":13,"key":"SMITH"},{"data":"Pommel Strike","floor":15,"key":"SMITH"},{"data":"Inflame","floor":23,"key":"SMITH"},{"data":"Flex","floor":25,"key":"SMITH"},{"floor":32,"key":"REST"}],"neow_cost":"NONE","seed_source_timestamp":628264410200294,"circlet_count":0,"master_deck":["Strike_R","Strike_R","Strike_R","Strike_R","Strike_R+1","Defend_R","Defend_R","Defend_R","Defend_R","Bash","Pommel Strike+1","Shrug It Off","Fire Breathing","Flex+1","Clash+1","Rage","Bloodletting","Pommel Strike+1","Pommel Strike+1","Blood for Blood","Headbutt","Inflame+1","Ghostly Armor+1","Clash+1","Pommel Strike","Dropkick","Rampage+1","Warcry","Feed","Corruption+1","Battle Trance","Sword Boomerang+1","Pommel Strike+1"],"relics":["Burning Blood","Oddly Smooth Stone","Whetstone","Anchor","Omamori","Bag of Marbles","Mark of Pain","Red Mask","Lantern","Shuriken","White Beast Statue"],"potions_floor_usage":[6,10,11,16,24,29,30,33,33,33,38,38,39,39,40],"damage_taken":[{"damage":3,"enemies":"Cultist","floor":1,"turns":4},{"damage":0,"enemies":"Jaw Worm","floor":2,"turns":3},{"damage":0,"enemies":"2 Louse","floor":3,"turns":3},{"damage":7,"enemies":"Blue Slaver","floor":5,"turns":4},{"damage":16,"enemies":"3 Sentries","floor":6,"turns":6},{"damage":12,"enemies":"3 Louse","floor":8,"turns":4},{"damage":24,"enemies":"Lagavulin","floor":10,"turns":5},{"damage":3,"enemies":"Exordium Thugs","floor":11,"turns":2},{"damage":0,"enemies":"2 Fungi Beasts","floor":12,"turns":3},{"damage":3,"enemies":"Gremlin Nob","floor":14,"turns":3},{"damage":61,"enemies":"The Guardian","floor":16,"turns":10},{"damage":12,"enemies":"2 Thieves","floor":18,"turns":4},{"damage":12,"enemies":"Spheric Guardian","floor":19,"turns":4},{"damage":0,"floor":20,"turns":3},{"damage":0,"enemies":"Snake Plant","floor":22,"turns":3},{"damage":21,"enemies":"Centurion and Healer","floor":24,"turns":4},{"damage":0,"enemies":"Snecko","floor":27,"turns":3},{"damage":7,"enemies":"Slaver and Parasite","floor":28,"turns":6},{"damage":18,"enemies":"Chosen and Byrds","floor":29,"turns":5},{"damage":4,"enemies":"Slavers","floor":30,"turns":3},{"damage":33,"enemies":"Collector","floor":33,"turns":5},{"damage":20,"enemies":"3 Darklings","floor":35,"turns":6},{"damage":13,"enemies":"3 Shapes","floor":36,"turns":6},{"damage":11,"enemies":"3 Darklings","floor":37,"turns":6},{"damage":53,"enemies":"Maw","floor":38,"turns":8},{"damage":13,"enemies":"4 Shapes","floor":39,"turns":6},{"damage":13,"enemies":"2 Orb Walkers","floor":40,"turns":3}],"seed_played":"-7332703023197835786","potions_obtained":[{"floor":1,"key":"SpeedPotion"},{"floor":3,"key":"Swift Potion"},{"floor":5,"key":"SkillPotion"},{"floor":10,"key":"Fruit Juice"},{"floor":18,"key":"Fire Potion"},{"floor":20,"key":"Energy Potion"},{"floor":22,"key":"Fire Potion"},{"floor":28,"key":"Swift Potion"},{"floor":30,"key":"AttackPotion"},{"floor":35,"key":"SkillPotion"},{"floor":36,"key":"Fire Potion"},{"floor":37,"key":"AttackPotion"},{"floor":38,"key":"Poison Potion"},{"floor":39,"key":"PowerPotion"}],"is_trial":false,"path_per_floor":["M","M","M","$","M","E","R","M","T","E","M","M","R","E","R","B",null,"M","M","?","?","M","R","M","R","T","M","M","M","E","?","R","B",null,"M","M","M","M","M"],"character_chosen":"IRONCLAD","items_purchased":["Flex"],"campfire_rested":1,"item_purchase_floors":[4],"current_hp_per_floor":[80,80,80,80,79,69,69,63,63,45,53,59,59,62,62,7,85,79,73,79,79,85,85,70,70,70,76,75,63,65,49,74,47,85,71,64,59,12,8,0],"gold":698,"neow_bonus":"RANDOM_COMMON_RELIC","is_prod":false,"is_daily":false,"chose_seed":false,"campfire_upgraded":5,"win_rate":0.0,"timestamp":1529894143,"path_taken":["M","M","M","$","M","E","R","M","T","E","M","?","R","E","R","BOSS","M","M","?","?","M","R","M","R","T","M","M","M","E","?","R","BOSS","M","M","M","M","M","E"],"build_version":"2018-06-21v2","purchased_purges":0,"victory":false,"max_hp_per_floor":[80,80,80,80,80,80,80,80,80,80,85,85,85,85,85,85,85,85,85,85,85,85,85,85,85,85,85,85,85,85,85,85,85,85,85,85,85,85,88,91],"card_choices":[{"not_picked":["Hemokinesis","Corruption"],"picked":"Pommel Strike","floor":1},{"not_picked":["Hemokinesis","Rampage"],"picked":"Shrug It Off","floor":2},{"not_picked":["Warcry","Spot Weakness"],"picked":"Fire Breathing","floor":3},{"not_picked":["Dropkick","Warcry"],"picked":"Clash","floor":5},{"not_picked":["Armaments","Thunderclap"],"picked":"Rage","floor":6},{"not_picked":["Reaper","Dropkick"],"picked":"Bloodletting","floor":8},{"not_picked":["Flex","Reckless Charge"],"picked":"Pommel Strike","floor":10},{"not_picked":["Intimidate","Spot Weakness","Combust"],"picked":"SKIP","floor":11},{"not_picked":["True Grit","Carnage"],"picked":"Pommel Strike","floor":12},{"not_picked":["Armaments","Power Through"],"picked":"Blood for Blood","floor":14},{"not_picked":["Power Through+1","Thunderclap","Flame Barrier"],"picked":"SKIP","floor":18},{"not_picked":["Anger","Combust"],"picked":"Headbutt","floor":19},{"not_picked":["Whirlwind","True Grit"],"picked":"Inflame","floor":20},{"not_picked":["Clothesline","Body Slam"],"picked":"Ghostly Armor+1","floor":22},{"not_picked":["Body Slam+1","Pummel"],"picked":"Clash+1","floor":24},{"not_picked":["Iron Wave","Flame Barrier+1"],"picked":"Pommel Strike","floor":27},{"not_picked":["Armaments+1","Metallicize"],"picked":"Dropkick","floor":28},{"not_picked":["Twin Strike","Body Slam"],"picked":"Rampage+1","floor":29},{"not_picked":["Feed","Searing Blow"],"picked":"Warcry","floor":30},{"not_picked":["Dark Embrace","Juggernaut"],"picked":"Feed","floor":33},{"not_picked":["Disarm","Iron Wave"],"picked":"Corruption+1","floor":35},{"not_picked":["Rupture","Body Slam+1"],"picked":"Battle Trance","floor":36},{"not_picked":["Evolve","Intimidate","Feel No Pain+1"],"picked":"SKIP","floor":37},{"not_picked":["Twin Strike","Clothesline"],"picked":"Sword Boomerang+1","floor":38},{"not_picked":["Flex","Wild Strike"],"picked":"Pommel Strike+1","floor":39}],"player_experience":29623,"relics_obtained":[{"floor":6,"key":"Whetstone"},{"floor":9,"key":"Anchor"},{"floor":10,"key":"Omamori"},{"floor":14,"key":"Bag of Marbles"},{"floor":20,"key":"Red Mask"},{"floor":26,"key":"Lantern"},{"floor":30,"key":"Shuriken"}],"event_choices":[{"event_name":"Masked Bandits","player_choice":"Fought over 403 gold","floor":20,"damage_taken":0},{"event_name":"The Joust","player_choice":"Bet on Murderer","floor":21,"damage_taken":0},{"event_name":"Knowing Skull","player_choice":"POTION ","floor":31,"damage_taken":0}],"boss_relics":[{"not_picked":["Eternal Feather","Ectoplasm"],"picked":"Mark of Pain"},{"not_picked":["Empty Cage","Philosopher\u0027s Stone"],"picked":"White Beast Statue"}],"items_purged_floors":[],"is_endless":false,"potions_floor_spawned":[1,3,5,10,18,20,22,28,30,35,36,37,38,39],"killed_by":"2 Orb Walkers","ascension_level":0}