{"gold_per_floor":[110,123,143,143,153,181,181,209,209,109,119,119,152,169,169,274,274,286,301,8,24,38,38,63,63,63,81,55,55,154,166,166,267,267,286,305,323,339,64,64,82,108,108,158,158,189,189,189,189,189,189,189,34,65,65],"floor_reached":55,"playtime":3168,"items_purged":["Strike_R","Doubt"],"score":1032,"play_id":"c461fffc-a721-44d0-a011-f847bbc5929b","local_time":"20190515210036","is_ascension_mode":true,"campfire_choices":[{"data":"True Grit","floor":7,"key":"SMITH"},{"floor":12,"key":"REST"},{"data":"Rampage","floor":15,"key":"SMITH"},{"data":"Cleave","floor":23,"key":"SMITH"},{"floor":25,"key":"REST"},{"floor":32,"key":"REST"},{"floor":40,"key":"RECALL"},{"data":"Reaper","floor":45,"key":"SMITH"},{"data":"Demon Form","floor":49,"key":"SMITH"},{"data":"Corruption","floor":52,"key":"SMITH"}],"neow_cost":"CURSE","seed_source_timestamp":5796560950755,"circlet_count":0,"master_deck":["Strike_R","Strike_R","Strike_R","Defend_R","Defend_R","Bash","Reaper+1","Reckless Charge","Rampage+1","Clothesline","Cleave+1","Uppercut","True Grit+1","Metallicize","Shrug It Off","Shrug It Off","Metallicize","Impervious","Dark Embrace","Headbutt","Reckless Charge","Feel No Pain+1","Intimidate","Dropkick+1","Shrug It Off","Metallicize","Demon Form+1","True Grit+1","Shockwave+1","Juggernaut","Corruption+1","Metallicize+1","Body Slam","Doubt"],"relics":["Burning Blood","Happy Flower","Vajra","Pantograph","Ornamental Fan","Juzu Bracelet","Velvet Choker","Brimstone","Du-Vu Doll","Coffee Dripper","HandDrill","Ancient Tea Set","Bottled Flame","Champion Belt","Singing Bowl","Bag of Preparation","Bottled Tornado"],"potions_floor_usage":[8,13,31,31,33,33,33,37,44,50,54,55],"damage_taken":[{"damage":1,"enemies":"Cultist","floor":1,"turns":4},{"damage":2,"enemies":"Jaw Worm","floor":2,"turns":3},{"damage":14,"enemies":"2 Louse","floor":3,"turns":2},{"damage":13,"enemies":"Blue Slaver","floor":5,"turns":4},{"damage":30,"enemies":"3 Sentries","floor":6,"turns":6},{"damage":24,"enemies":"Gremlin Nob","floor":8,"turns":5},{"damage":7,"enemies":"Large Slime","floor":11,"turns":8},{"damage":13,"enemies":"3 Sentries","floor":13,"turns":6},{"damage":13,"enemies":"3 Louse","floor":14,"turns":4},{"damage":44,"enemies":"Slime Boss","floor":16,"turns":14},{"damage":6,"enemies":"Shell Parasite","floor":18,"turns":8},{"damage":2,"enemies":"Spheric Guardian","floor":19,"turns":5},{"damage":19,"enemies":"Shelled Parasite and Fungi","floor":21,"turns":5},{"damage":20,"enemies":"Centurion and Healer","floor":22,"turns":5},{"damage":55,"enemies":"Gremlin Leader","floor":24,"turns":7},{"damage":11,"enemies":"Snake Plant","floor":27,"turns":3},{"damage":38,"enemies":"Shelled Parasite and Fungi","floor":31,"turns":4},{"damage":59,"enemies":"Collector","floor":33,"turns":10},{"damage":0,"enemies":"3 Shapes","floor":35,"turns":2},{"damage":0,"enemies":"Orb Walker","floor":36,"turns":2},{"damage":30,"enemies":"Spire Growth","floor":37,"turns":4},{"damage":9,"enemies":"Jaw Worm Horde","floor":38,"turns":3},{"damage":29,"enemies":"3 Darklings","floor":41,"turns":8},{"damage":23,"enemies":"Giant Head","floor":42,"turns":8},{"damage":52,"enemies":"2 Orb Walkers","floor":44,"turns":6},{"damage":43,"enemies":"Nemesis","floor":46,"turns":7},{"damage":97,"enemies":"Donu and Deca","floor":50,"turns":8},{"damage":94,"enemies":"Shield and Spear","floor":54,"turns":6},{"damage":107,"enemies":"The Heart","floor":55,"turns":3}],"seed_played":"-2051556407358386172","potions_obtained":[{"floor":1,"key":"GamblersBrew"},{"floor":2,"key":"Strength Potion"},{"floor":11,"key":"EntropicBrew"},{"floor":14,"key":"BloodPotion"},{"floor":18,"key":"LiquidBronze"},{"floor":33,"key":"Explosive Potion"},{"floor":36,"key":"AttackPotion"},{"floor":42,"key":"Swift Potion"},{"floor":54,"key":"Block Potion"}],"is_trial":false,"path_per_floor":["M","M","M","?","M","E","R","E","T","$","M","R","E","M","R","B",null,"M","M","$","M","M","R","E","R","T","M","$","?","?","M","R","B",null,"M","M","M","M","$","R","M","E","T","?","R","E","?","?","R","B",null,"R","$","E","B"],"character_chosen":"IRONCLAD","items_purchased":["Shrug It Off","Brimstone","Shrug It Off","Corruption","HandDrill","Bag of Preparation"],"campfire_rested":3,"item_purchase_floors":[10,20,28,39,39,53],"current_hp_per_floor":[77,80,72,60,57,45,45,32,32,32,37,61,68,67,67,57,74,74,78,78,78,80,80,42,66,66,70,70,55,55,38,63,32,72,85,85,76,85,85,85,85,85,85,47,47,12,87,87,87,41,76,76,76,26,0],"gold":65,"neow_bonus":"TRANSFORM_TWO_CARDS","is_prod":false,"is_daily":false,"chose_seed":false,"campfire_upgraded":6,"win_rate":0,"timestamp":1557968436,"path_taken":["M","M","?","?","M","E","R","E","T","$","M","R","E","M","R","BOSS","M","M","$","M","M","R","E","R","T","M","$","?","?","M","R","BOSS","M","M","M","M","$","R","M","E","T","?","R","E","?","?","R","BOSS","R","$","E","BOSS"],"build_version":"2019-01-23","purchased_purges":2,"victory":false,"max_hp_per_floor":[80,80,80,80,80,80,80,80,80,80,80,80,80,80,80,80,80,80,80,80,80,80,80,80,80,80,80,80,85,85,85,85,85,85,85,85,85,85,85,85,85,85,85,85,85,87,87,87,87,87,87,87,87,89,89],"card_choices":[{"not_picked":["Havoc","Sword Boomerang"],"picked":"Rampage","floor":1},{"not_picked":["Twin Strike","Havoc"],"picked":"Clothesline","floor":2},{"not_picked":["Sword Boomerang","Body Slam"],"picked":"Cleave","floor":3},{"not_picked":["Heavy Blade","Pummel"],"picked":"Uppercut","floor":5},{"not_picked":["Clothesline","Burning Pact"],"picked":"True Grit","floor":6},{"not_picked":["Sword Boomerang","Burning Pact"],"picked":"Metallicize","floor":8},{"not_picked":["Seeing Red","Rupture"],"picked":"Shrug It Off","floor":11},{"not_picked":["Fire Breathing","Uppercut"],"picked":"Metallicize","floor":13},{"not_picked":["True Grit","Pommel Strike"],"picked":"Impervious","floor":14},{"not_picked":["Juggernaut","Double Tap"],"picked":"Dark Embrace","floor":16},{"not_picked":["Fire Breathing","Havoc"],"picked":"Headbutt","floor":18},{"not_picked":["Flex","Cleave"],"picked":"Reckless Charge","floor":19},{"not_picked":["Havoc","Perfected Strike"],"picked":"Feel No Pain+1","floor":21},{"not_picked":["Inflame","Rampage"],"picked":"Intimidate","floor":22},{"not_picked":["True Grit+1","Havoc+1","Dark Embrace"],"picked":"SKIP","floor":24},{"not_picked":["Thunderclap+1","Disarm"],"picked":"Dropkick+1","floor":27},{"not_picked":["Pommel Strike","Heavy Blade+1"],"picked":"Metallicize","floor":31},{"not_picked":["Limit Break","Fiend Fire"],"picked":"Demon Form","floor":33},{"not_picked":["Thunderclap+1","Headbutt"],"picked":"True Grit+1","floor":35},{"not_picked":["Cleave+1","Clothesline+1"],"picked":"Shockwave+1","floor":36},{"not_picked":["Wild Strike+1","Sword Boomerang+1"],"picked":"Juggernaut","floor":37},{"not_picked":["Wild Strike","Twin Strike+1","Warcry"],"picked":"SKIP","floor":38},{"not_picked":["Twin Strike+1","Entrench+1"],"picked":"Metallicize+1","floor":41},{"not_picked":["Rage","True Grit"],"picked":"Body Slam","floor":42},{"not_picked":["Clash+1","Exhume","Warcry+1"],"picked":"Singing Bowl","floor":46},{"not_picked":["Thunderclap+1","Havoc","Twin Strike"],"picked":"Singing Bowl","floor":54}],"player_experience":327967,"relics_obtained":[{"floor":6,"key":"Vajra"},{"floor":8,"key":"Pantograph"},{"floor":9,"key":"Ornamental Fan"},{"floor":13,"key":"Juzu Bracelet"},{"floor":24,"key":"Du-Vu Doll"},{"floor":42,"key":"Ancient Tea Set"},{"floor":43,"key":"Bottled Flame"},{"floor":44,"key":"Champion Belt"},{"floor":46,"key":"Singing Bowl"},{"floor":54,"key":"Bottled Tornado"}],"event_choices":[{"damage_healed":0,"gold_gain":0,"player_choice":"Success","damage_taken":12,"relics_obtained":["Happy Flower"],"max_hp_gain":0,"max_hp_loss":0,"event_name":"Scrap Ooze","floor":4,"gold_loss":0},{"damage_healed":0,"gold_gain":0,"player_choice":"Shed Blood","damage_taken":20,"max_hp_gain":5,"max_hp_loss":0,"event_name":"Forgotten Altar","floor":29,"gold_loss":0},{"damage_healed":0,"gold_gain":99,"player_choice":"Stole From Cult","damage_taken":0,"max_hp_gain":0,"max_hp_loss":0,"event_name":"Nest","floor":30,"gold_loss":0},{"damage_healed":0,"gold_gain":0,"player_choice":"Fight","damage_taken":0,"max_hp_gain":0,"max_hp_loss":0,"event_name":"Mysterious Sphere","floor":44,"gold_loss":0},{"damage_healed":75,"gold_gain":0,"player_choice":"Heal","damage_taken":0,"max_hp_gain":0,"max_hp_loss":0,"event_name":"MindBloom","floor":47,"gold_loss":0,"cards_obtained":["Doubt"]},{"cards_removed":["Defend_R"],"damage_healed":0,"gold_gain":0,"player_choice":"Removed Skill","damage_taken":0,"max_hp_gain":0,"max_hp_loss":0,"event_name":"Falling","floor":48,"gold_loss":0}],"is_beta":false,"boss_relics":[{"not_picked":["Eternal Feather","Fusion Hammer"],"picked":"Velvet Choker"},{"not_picked":["Lizard Tail","White Beast Statue"],"picked":"Coffee Dripper"}],"items_purged_floors":[10,20],"is_endless":false,"potions_floor_spawned":[1,2,11,14,18,24,27,33,36,42,54],"killed_by":"The Heart","ascension_level":8}