{"gold_per_floor":[117,192,209,224,241,241,252,252,325,354,12,12,12,12,12,86,86,104,139,151,201,126,126,143,173,173,186,186,0,29,54,54,129,129,143,167,87,99,99,99,131,131,211,211,211],"floor_reached":45,"playtime":1669,"items_purged":["Strike_G","Strike_G"],"score":914,"play_id":"e75050bb-2d17-4def-9506-510e35e78bd4","local_time":"20181125161946","is_ascension_mode":true,"campfire_choices":[{"data":"Neutralize","floor":6,"key":"SMITH"},{"data":"Noxious Fumes","floor":8,"key":"SMITH"},{"data":"Dagger Spray","floor":13,"key":"SMITH"},{"floor":15,"key":"REST"},{"floor":23,"key":"REST"},{"floor":28,"key":"REST"},{"data":"Noxious Fumes","floor":32,"key":"SMITH"},{"floor":40,"key":"REST"},{"data":"Survivor","floor":42,"key":"SMITH"},{"floor":44,"key":"RECALL"}],"neow_cost":"NONE","seed_source_timestamp":10809068334175,"circlet_count":0,"master_deck":["AscendersBane","Defend_G","Defend_G","Defend_G","Defend_G","Defend_G","Strike_G","Survivor+1","Neutralize+1","Quick Slash","Dagger Spray+1","Noxious Fumes+1","Deflect","Dagger Throw","Predator","Bullet Time+1","PiercingWail+1","Acrobatics+1","Leg Sweep+1","Choke","Noxious Fumes+1","Cloak And Dagger+1","Burst+1","Bouncing Flask+1","Envenom","Outmaneuver+1","Crippling Poison+1"],"relics":["Ring of the Snake","Ninja Scroll","The Specimen","Toxic Egg 2","Snecko Eye","Red Mask","Tiny Chest","Oddly Smooth Stone","Letter Opener","Centennial Puzzle","Empty Cage","Potion Belt","Happy Flower"],"potions_floor_usage":[10,16,18,19,27,38,45],"damage_taken":[{"damage":3,"enemies":"Small Slimes","floor":1,"turns":5},{"damage":0,"enemies":"Jaw Worm","floor":3,"turns":5},{"damage":7,"enemies":"Cultist","floor":4,"turns":4},{"damage":8,"enemies":"Lots of Slimes","floor":5,"turns":3},{"damage":0,"enemies":"Looter","floor":7,"turns":4},{"damage":6,"enemies":"Gremlin Nob","floor":10,"turns":3},{"damage":38,"enemies":"Slime Boss","floor":16,"turns":9},{"damage":0,"enemies":"Spheric Guardian","floor":18,"turns":3},{"damage":25,"enemies":"Masked Bandits","floor":19,"turns":5},{"damage":2,"enemies":"Chosen","floor":20,"turns":4},{"damage":21,"enemies":"Snake Plant","floor":24,"turns":5},{"damage":0,"enemies":"Snecko","floor":27,"turns":6},{"damage":4,"enemies":"Slavers","floor":30,"turns":6},{"damage":36,"enemies":"Collector","floor":33,"turns":9},{"damage":0,"enemies":"3 Shapes","floor":35,"turns":3},{"damage":0,"enemies":"3 Darklings","floor":38,"turns":3},{"damage":3,"enemies":"Nemesis","floor":41,"turns":7},{"damage":78,"enemies":"2 Orb Walkers","floor":45,"turns":3}],"seed_played":"-5343663853001219126","potions_obtained":[{"floor":5,"key":"FearPotion"},{"floor":10,"key":"SteroidPotion"},{"floor":16,"key":"Fire Potion"},{"floor":18,"key":"LiquidBronze"},{"floor":24,"key":"AttackPotion"},{"floor":33,"key":"SkillPotion"},{"floor":38,"key":"AttackPotion"}],"is_trial":false,"path_per_floor":["M","?","M","M","M","R","M","R","T","E","$","?","R","?","R","B",null,"M","?","M","?","?","R","M","?","T","M","R","$","E","T","R","B",null,"M","T","$","M","?","R","E","R","T","R","?"],"character_chosen":"THE_SILENT","items_purchased":["Toxic Egg 2","Noxious Fumes","Envenom"],"campfire_rested":4,"item_purchase_floors":[11,29,37],"current_hp_per_floor":[62,51,51,44,36,36,36,36,36,30,30,30,30,30,51,13,57,57,32,30,30,30,51,30,30,30,30,51,51,47,47,47,11,57,57,57,57,57,47,68,65,65,65,65,0],"gold":211,"neow_bonus":"TEN_PERCENT_HP_BONUS","is_prod":false,"is_daily":false,"chose_seed":false,"campfire_upgraded":5,"win_rate":0,"timestamp":1543180786,"path_taken":["M","?","M","M","M","R","M","R","T","E","$","?","R","?","R","BOSS","M","?","M","?","?","R","M","?","T","?","R","$","E","?","R","BOSS","M","?","$","?","?","R","E","R","T","R","?"],"build_version":"2018-11-15","purchased_purges":2,"victory":false,"max_hp_per_floor":[72,72,72,72,72,72,72,72,72,72,72,72,72,72,72,72,72,72,72,72,72,72,72,72,72,72,72,72,72,72,72,72,72,72,72,72,72,72,72,72,72,72,72,72,72],"card_choices":[{"not_picked":["Blade Dance","Acrobatics"],"picked":"Quick Slash","floor":1},{"not_picked":["Backflip","Prepared"],"picked":"Dagger Spray","floor":3},{"not_picked":["Setup","Finisher"],"picked":"Noxious Fumes","floor":4},{"not_picked":["Bane","Dagger Throw"],"picked":"Deflect","floor":5},{"not_picked":["Infinite Blades","Cloak And Dagger"],"picked":"Dagger Throw","floor":7},{"not_picked":["Masterful Stab","Flying Knee"],"picked":"Predator","floor":10},{"not_picked":["Phantasmal Killer+1","A Thousand Cuts"],"picked":"Bullet Time+1","floor":16},{"not_picked":["Dodge and Roll+1","Concentrate+1"],"picked":"PiercingWail+1","floor":18},{"not_picked":["Slice","Prepared+1"],"picked":"Acrobatics+1","floor":20},{"not_picked":["Adrenaline+1","Acrobatics+1"],"picked":"Leg Sweep+1","floor":24},{"not_picked":["Concentrate+1","Reflex+1"],"picked":"Choke","floor":27},{"not_picked":["Quick Slash","Deadly Poison+1"],"picked":"Cloak And Dagger+1","floor":30},{"not_picked":["Glass Knife","Wraith Form v2"],"picked":"Burst+1","floor":33},{"not_picked":["Sucker Punch+1","Prepared+1"],"picked":"Bouncing Flask+1","floor":35},{"not_picked":["Dagger Spray","Prepared+1"],"picked":"Outmaneuver+1","floor":38},{"not_picked":["Poisoned Stab","A Thousand Cuts"],"picked":"Crippling Poison+1","floor":41}],"player_experience":1159226,"relics_obtained":[{"floor":9,"key":"Ninja Scroll"},{"floor":10,"key":"The Specimen"},{"floor":19,"key":"Red Mask"},{"floor":26,"key":"Oddly Smooth Stone"},{"floor":30,"key":"Letter Opener"},{"floor":31,"key":"Centennial Puzzle"},{"floor":36,"key":"Potion Belt"},{"floor":41,"key":"Happy Flower"}],"event_choices":[{"damage_healed":0,"gold_gain":75,"player_choice":"Gather Gold","damage_taken":11,"max_hp_gain":0,"max_hp_loss":0,"event_name":"World of Goop","floor":2,"gold_loss":0},{"damage_healed":0,"gold_gain":0,"player_choice":"Leave","damage_taken":0,"max_hp_gain":0,"max_hp_loss":0,"event_name":"The Cleric","floor":12,"gold_loss":0},{"damage_healed":0,"gold_gain":0,"player_choice":"Ignored","damage_taken":0,"max_hp_gain":0,"max_hp_loss":0,"event_name":"Liars Game","floor":14,"gold_loss":0},{"damage_healed":0,"gold_gain":0,"player_choice":"Fought Bandits","damage_taken":0,"max_hp_gain":0,"max_hp_loss":0,"event_name":"Masked Bandits","floor":19,"gold_loss":0},{"damage_healed":0,"gold_gain":50,"player_choice":"Stole From Cult","damage_taken":0,"max_hp_gain":0,"max_hp_loss":0,"event_name":"Nest","floor":21,"gold_loss":0},{"cards_removed":["Strike_G"],"damage_healed":0,"gold_gain":0,"player_choice":"Gave Gold","damage_taken":0,"max_hp_gain":0,"max_hp_loss":0,"event_name":"Beggar","floor":22,"gold_loss":75},{"damage_healed":0,"gold_gain":0,"player_choice":"Opened","damage_taken":0,"relics_obtained":["Tiny Chest"],"max_hp_gain":0,"max_hp_loss":0,"event_name":"The Mausoleum","floor":25,"gold_loss":0,"cards_obtained":["Writhe"]},{"damage_healed":0,"gold_gain":0,"player_choice":"Memory 3","damage_taken":10,"max_hp_gain":0,"max_hp_loss":0,"event_name":"SensoryStone","floor":39,"gold_loss":0},{"damage_healed":0,"gold_gain":0,"player_choice":"Fight","damage_taken":0,"max_hp_gain":0,"max_hp_loss":0,"event_name":"Mysterious Sphere","floor":45,"gold_loss":0}],"is_beta":false,"boss_relics":[{"not_picked":["Philosopher\u0027s Stone","Orrery"],"picked":"Snecko Eye"},{"not_picked":["Tiny House","Runic Dome"],"picked":"Empty Cage"}],"items_purged_floors":[11,29],"is_endless":false,"potions_floor_spawned":[5,10,16,18,24,33,38],"killed_by":"2 Orb Walkers","ascension_level":20}