{"gold_per_floor":[214,241,316,335,355,388,388,404,473,473,500,500,532,543,543,614,614,632,643,643,655,655,655,667,667,694,39,50,82,82,112,112,189,189,204,204,204,222,11,70,70,101,101,128,128,128,128,144,144,144],"floor_reached":51,"playtime":2917,"items_purged":["Strike_G","Strike_G"],"score":1513,"play_id":"383726c8-9ad2-4eeb-8366-2c3b2781695c","local_time":"20181004202128","is_ascension_mode":true,"campfire_choices":[{"data":"Noxious Fumes","floor":7,"key":"SMITH"},{"data":"Neutralize","floor":10,"key":"SMITH"},{"data":"Leg Sweep","floor":12,"key":"SMITH"},{"data":"Venomology","floor":15,"key":"SMITH"},{"data":"After Image","floor":23,"key":"SMITH"},{"data":"Flechettes","floor":25,"key":"SMITH"},{"floor":30,"key":"REST"},{"floor":32,"key":"REST"},{"data":"Footwork","floor":41,"key":"SMITH"},{"floor":45,"key":"REST"},{"floor":47,"key":"REST"},{"floor":49,"key":"REST"}],"neow_cost":"NONE","seed_source_timestamp":1122450412676802,"circlet_count":0,"master_deck":["Defend_G","Defend_G","Defend_G","Defend_G","Defend_G","Strike_G","Strike_G+1","Strike_G","Survivor","Neutralize+1","AscendersBane","Dagger Throw+1","Leg Sweep+1","Noxious Fumes+1","Heel Hook","Backflip","Poisoned Stab","Venomology+1","After Image+1","Dagger Spray","Flechettes+1","Dagger Spray","Flying Knee+1","Corpse Explosion","Cloak And Dagger","Die Die Die","Outmaneuver+1","Discovery","Blind","Master of Strategy","Footwork+1","Noxious Fumes","Skewer","PiercingWail+1","Shame","Catalyst","Backflip"],"relics":["Ring of the Snake","Lantern","Whetstone","Bottled Lightning","Thread and Needle","Anchor","Black Star","Ice Cream","Pen Nib","Dodecahedron","Frozen Eye","Ancient Tea Set","Orichalcum","Question Card","Bottled Tornado","Cursed Key","Snake Skull","Tiny Chest","Matryoshka","Singing Bowl","Boot","Mummified Hand","Sundial","Gremlin Horn","Calipers"],"potions_floor_usage":[6,11,13,13,16,19,19,22,24,28,28,29,29,31,31,33,35,38,40,40,42,42,46,48,50,50,50],"damage_taken":[{"damage":12,"enemies":"Cultist","floor":1,"turns":7},{"damage":0,"enemies":"2 Louse","floor":4,"turns":3},{"damage":0,"enemies":"Jaw Worm","floor":5,"turns":5},{"damage":30,"enemies":"3 Sentries","floor":6,"turns":9},{"damage":0,"enemies":"3 Louse","floor":8,"turns":4},{"damage":9,"enemies":"Lagavulin","floor":11,"turns":7},{"damage":6,"enemies":"3 Sentries","floor":13,"turns":7},{"damage":0,"enemies":"Lots of Slimes","floor":14,"turns":4},{"damage":0,"enemies":"Hexaghost","floor":16,"turns":11},{"damage":0,"enemies":"3 Byrds","floor":18,"turns":5},{"damage":9,"enemies":"2 Thieves","floor":19,"turns":5},{"damage":3,"enemies":"Shelled Parasite and Fungi","floor":21,"turns":8},{"damage":0,"enemies":"Chosen and Byrds","floor":22,"turns":4},{"damage":4,"enemies":"Cultist and Chosen","floor":24,"turns":8},{"damage":18,"enemies":"Sentry and Sphere","floor":28,"turns":9},{"damage":19,"enemies":"Slavers","floor":29,"turns":7},{"damage":8,"enemies":"Gremlin Leader","floor":31,"turns":8},{"damage":40,"enemies":"Champ","floor":33,"turns":10},{"damage":0,"enemies":"Orb Walker","floor":35,"turns":4},{"damage":10,"enemies":"3 Darklings","floor":38,"turns":4},{"damage":19,"enemies":"Nemesis","floor":40,"turns":7},{"damage":13,"enemies":"2 Orb Walkers","floor":42,"turns":4},{"damage":29,"enemies":"Nemesis","floor":44,"turns":8},{"damage":9,"enemies":"Mind Bloom Boss Battle","floor":46,"turns":6},{"damage":0,"enemies":"Spire Growth","floor":48,"turns":5},{"damage":24,"enemies":"Time Eater","floor":50,"turns":11}],"seed_played":"5272484979529266418","potions_obtained":[{"floor":1,"key":"Swift Potion"},{"floor":5,"key":"Regen Potion"},{"floor":8,"key":"Energy Potion"},{"floor":11,"key":"Regen Potion"},{"floor":13,"key":"Ancient Potion"},{"floor":19,"key":"PowerPotion"},{"floor":24,"key":"SpeedPotion"},{"floor":28,"key":"Fire Potion"},{"floor":29,"key":"Regen Potion"},{"floor":31,"key":"SkillPotion"},{"floor":33,"key":"Explosive Potion"},{"floor":40,"key":"SpeedPotion"},{"floor":46,"key":"GhostInAJar"}],"is_trial":false,"path_per_floor":["M","T","?","M","M","E","R","M","T","R","E","R","E","M","R","B",null,"M","M","?","M","M","R","M","R","T","$","M","E","R","E","R","B",null,"M","?","?","M","$","E","R","E","T","E","R","?","R","M","R","B"],"character_chosen":"THE_SILENT","items_purchased":["Dodecahedron","Frozen Eye","Tools of the Trade","Noxious Fumes","Skewer"],"campfire_rested":5,"item_purchase_floors":[27,27,27,39,39],"current_hp_per_floor":[47,47,36,36,36,21,21,21,21,21,12,12,21,21,21,21,55,55,46,46,43,43,43,39,39,39,39,21,2,21,28,47,7,51,51,76,66,70,70,63,63,52,52,23,46,39,63,63,80,56],"gold":144,"neow_bonus":"HUNDRED_GOLD","is_prod":false,"is_daily":false,"chose_seed":false,"campfire_upgraded":7,"win_rate":0,"timestamp":1538698888,"path_taken":["M","?","?","?","M","E","R","?","T","R","E","R","E","?","R","BOSS","M","M","?","M","?","R","M","R","T","$","M","E","R","E","R","BOSS","M","?","?","?","$","E","R","E","T","E","R","?","R","M","R","BOSS"],"build_version":"2018-10-04","purchased_purges":2,"victory":true,"max_hp_per_floor":[66,66,66,66,66,66,66,66,66,66,66,66,66,66,66,66,66,66,66,66,66,66,66,66,66,66,66,66,66,66,66,66,66,66,66,76,76,76,76,76,76,78,78,78,78,80,80,80,80,80],"card_choices":[{"not_picked":["Predator","Riddle With Holes"],"picked":"Dagger Throw","floor":1},{"not_picked":["Bane","Distraction"],"picked":"Leg Sweep","floor":4},{"not_picked":["Reflex","Blur"],"picked":"Noxious Fumes","floor":5},{"not_picked":["Dodge and Roll","Phantasmal Killer"],"picked":"Heel Hook","floor":6},{"not_picked":["Dagger Throw","Predator"],"picked":"Backflip","floor":8},{"not_picked":["Blade Dance","Blur","Poisoned Stab"],"picked":"SKIP","floor":11},{"not_picked":["Blade Dance","Choke"],"picked":"Poisoned Stab","floor":13},{"not_picked":["PiercingWail","Dagger Throw"],"picked":"Venomology","floor":14},{"not_picked":["Glass Knife","Die Die Die"],"picked":"After Image","floor":16},{"not_picked":["Dodge and Roll","Outmaneuver","Bane"],"picked":"SKIP","floor":18},{"not_picked":["Dodge and Roll","Sucker Punch"],"picked":"Dagger Spray","floor":19},{"not_picked":["Predator","Acrobatics"],"picked":"Flechettes","floor":21},{"not_picked":["Blade Dance","Bane"],"picked":"Dagger Spray","floor":24},{"not_picked":["Endless Agony","Blur"],"picked":"Flying Knee+1","floor":28},{"not_picked":["Flechettes","Dagger Throw"],"picked":"Corpse Explosion","floor":29},{"not_picked":["Blur","Dagger Spray"],"picked":"Cloak And Dagger","floor":31},{"not_picked":["Corpse Explosion","Envenom","Doppelganger"],"picked":"Die Die Die","floor":33},{"not_picked":["Blade Dance","Sucker Punch","Dagger Throw"],"picked":"Outmaneuver+1","floor":35},{"not_picked":["Secret Technique","PanicButton","Chrysalis"],"picked":"Discovery","floor":37},{"not_picked":["Bandage Up","Swift Strike","Mind Blast"],"picked":"Blind","floor":37},{"not_picked":["Metamorphosis","Good Instincts","Forethought"],"picked":"Master of Strategy","floor":37},{"not_picked":["Sucker Punch","Backstab","Flying Knee"],"picked":"Footwork","floor":38},{"not_picked":["Infinite Blades","Accuracy+1","Bane+1"],"picked":"PiercingWail+1","floor":40},{"not_picked":["Terror","All Out Attack","Choke","Infinite Blades"],"picked":"Singing Bowl","floor":42},{"not_picked":["Dagger Throw","Quick Slash","Acrobatics"],"picked":"Catalyst","floor":44},{"not_picked":["Deadly Poison","Blade Dance","Poisoned Stab","Prepared+1"],"picked":"Singing Bowl","floor":46},{"not_picked":["Riddle With Holes","Acrobatics","Slice"],"picked":"Backflip","floor":48}],"player_experience":801772,"relics_obtained":[{"floor":2,"key":"Lantern"},{"floor":6,"key":"Whetstone"},{"floor":9,"key":"Bottled Lightning"},{"floor":11,"key":"Thread and Needle"},{"floor":13,"key":"Anchor"},{"floor":26,"key":"Pen Nib"},{"floor":29,"key":"Ancient Tea Set"},{"floor":29,"key":"Orichalcum"},{"floor":31,"key":"Question Card"},{"floor":31,"key":"Bottled Tornado"},{"floor":40,"key":"Snake Skull"},{"floor":40,"key":"Tiny Chest"},{"floor":42,"key":"Matryoshka"},{"floor":42,"key":"Singing Bowl"},{"floor":43,"key":"Boot"},{"floor":43,"key":"Mummified Hand"},{"floor":44,"key":"Sundial"},{"floor":44,"key":"Gremlin Horn"},{"floor":46,"key":"Calipers"}],"event_choices":[{"event_name":"World of Goop","player_choice":"Gather Gold","floor":3,"damage_taken":0},{"event_name":"WeMeetAgain","player_choice":"Potion","floor":20,"damage_taken":0},{"event_name":"Bonfire Elementals","player_choice":"RARE","floor":36,"damage_taken":0},{"event_name":"SensoryStone","player_choice":"Memory 3","floor":37,"damage_taken":0},{"event_name":"MindBloom","player_choice":"Fight","floor":46,"damage_taken":0}],"is_beta":false,"boss_relics":[{"not_picked":["Lizard Tail","HoveringKite"],"picked":"Black Star"},{"not_picked":["Tiny House","White Beast Statue"],"picked":"Cursed Key"}],"items_purged_floors":[27,39],"is_endless":false,"potions_floor_spawned":[1,5,8,11,13,19,24,28,29,31,33,35,38,40,46],"ascension_level":15}