{"gold_per_floor":[361,378,378,59,59,59,59,93,119,119,47,47,60,74,74,178,178,188,207,135,149,161,161,175,175,175,175,175,188,202,217,217,318,318,333,351,368,55,155,166,14,14,40,0,0,46,58,69,69,69],"floor_reached":50,"playtime":3398,"items_purged":["Fiend Fire"],"score":496,"play_id":"bbd0ceb9-fa38-4b0f-b40e-a30607a7ae98","local_time":"20190630070515","is_ascension_mode":false,"campfire_choices":[{"data":"Rage","floor":6,"key":"SMITH"},{"floor":10,"key":"REST"},{"data":"Flame Barrier","floor":12,"key":"SMITH"},{"data":"Fire Breathing","floor":15,"key":"SMITH"},{"floor":23,"key":"REST"},{"floor":28,"key":"REST"},{"floor":32,"key":"REST"},{"floor":42,"key":"REST"},{"floor":45,"key":"REST"},{"floor":49,"key":"REST"}],"neow_cost":"PERCENT_DAMAGE","seed_source_timestamp":662635640583262,"circlet_count":0,"master_deck":["Strike_R+1","Strike_R+1","Strike_R+1","Strike_R+1","Strike_R+1","Defend_R+1","Defend_R+1","Defend_R+1","Defend_R+1","Bash","Rage+1","Rampage","Flame Barrier+1","Fire Breathing+1","Clothesline","Clash","Spot Weakness","Flex","Limit Break","Clothesline","Twin Strike","Inflame","Flex+1","Perfected Strike","Flame Barrier+1","Cleave","Spot Weakness","Double Tap","Armaments+1","Combust","Iron Wave+1","Corruption","Whirlwind+1","Uppercut","Flex+1","Heavy Blade+1"],"relics":["Black Blood","Pear","Strawberry","Lantern","Velvet Choker","Sundial","Potion Belt","Peace Pipe","Bag of Marbles","Red Skull","Red Mask","Torii"],"potions_floor_usage":[16,16,22,22,33,33,33,39,39,46,47,50],"damage_taken":[{"damage":5,"enemies":"Cultist","floor":1,"turns":4},{"damage":0,"enemies":"Small Slimes","floor":2,"turns":3},{"damage":23,"enemies":"Gremlin Nob","floor":8,"turns":6},{"damage":0,"enemies":"2 Louse","floor":13,"turns":3},{"damage":0,"enemies":"2 Fungi Beasts","floor":14,"turns":3},{"damage":24,"enemies":"Hexaghost","floor":16,"turns":9},{"damage":25,"enemies":"2 Thieves","floor":18,"turns":4},{"damage":10,"enemies":"Shell Parasite","floor":19,"turns":6},{"damage":22,"enemies":"Shelled Parasite and Fungi","floor":21,"turns":6},{"damage":14,"enemies":"Sentry and Sphere","floor":22,"turns":5},{"damage":26,"enemies":"3 Cultists","floor":24,"turns":6},{"damage":24,"enemies":"Cultist and Chosen","floor":29,"turns":7},{"damage":10,"enemies":"Sentry and Sphere","floor":30,"turns":6},{"damage":14,"enemies":"Snecko","floor":31,"turns":4},{"damage":66,"enemies":"Champ","floor":33,"turns":8},{"damage":23,"enemies":"3 Shapes","floor":35,"turns":3},{"damage":28,"enemies":"Orb Walker","floor":36,"turns":3},{"damage":60,"enemies":"Writhing Mass","floor":37,"turns":6},{"damage":5,"enemies":"Mind Bloom Boss Battle","floor":39,"turns":5},{"damage":33,"enemies":"Sphere and 2 Shapes","floor":40,"turns":6},{"damage":48,"enemies":"2 Orb Walkers","floor":46,"turns":5},{"damage":8,"enemies":"4 Shapes","floor":47,"turns":3},{"damage":0,"enemies":"3 Darklings","floor":48,"turns":1},{"damage":92,"enemies":"Awakened One","floor":50,"turns":7}],"seed_played":"2492257557771491218","potions_obtained":[{"floor":8,"key":"Swift Potion"},{"floor":13,"key":"SkillPotion"},{"floor":14,"key":"SmokeBomb"},{"floor":19,"key":"Strength Potion"},{"floor":21,"key":"GamblersBrew"},{"floor":24,"key":"SteroidPotion"},{"floor":29,"key":"Poison Potion"},{"floor":31,"key":"FearPotion"},{"floor":35,"key":"SkillPotion"},{"floor":40,"key":"Explosive Potion"},{"floor":46,"key":"LiquidBronze"},{"floor":48,"key":"SteroidPotion"}],"is_trial":false,"path_per_floor":["M","M","?","$","T","R","?","E","T","R","$","R","M","M","R","B",null,"M","M","$","M","M","R","M","?","T","?","R","M","M","M","R","B",null,"M","M","M","$","?","M","$","R","T","?","R","?","M","M","R","B"],"character_chosen":"IRONCLAD","items_purchased":["Rampage","Flame Barrier","Fire Breathing","Clothesline","Spot Weakness","Inflame","Regen Potion","Corruption","Potion Belt","Bag of Marbles"],"campfire_rested":7,"item_purchase_floors":[4,4,4,4,11,20,38,38,38,41],"current_hp_per_floor":[57,63,63,63,73,73,78,68,68,98,98,98,102,102,102,84,102,83,79,79,63,55,85,65,65,65,65,95,77,73,65,95,35,102,89,71,21,21,41,18,18,48,48,48,78,40,42,52,82,0],"gold":69,"neow_bonus":"TWO_FIFTY_GOLD","is_prod":false,"is_daily":false,"chose_seed":false,"campfire_upgraded":3,"win_rate":0.0,"timestamp":1561903515,"path_taken":["M","?","?","$","?","R","?","E","T","R","$","R","M","M","R","BOSS","M","M","$","M","M","R","M","?","T","?","R","M","?","M","R","BOSS","M","M","M","$","?","M","$","R","T","?","R","?","M","M","R","BOSS"],"build_version":"2019-01-23","purchased_purges":1,"victory":false,"max_hp_per_floor":[80,80,80,80,90,90,95,102,102,102,102,102,102,102,102,102,102,102,102,102,102,102,102,102,102,102,102,102,102,102,102,102,102,102,102,102,102,102,102,102,102,102,102,102,102,102,102,102,102,102],"card_choices":[{"not_picked":["Headbutt","Thunderclap"],"picked":"Infernal Blade","floor":1},{"not_picked":["Warcry","Battle Trance"],"picked":"Rage","floor":2},{"not_picked":["Pummel","Feel No Pain"],"picked":"Clash","floor":8},{"not_picked":["Power Through","Pommel Strike","Bloodletting"],"picked":"SKIP","floor":13},{"not_picked":["Feel No Pain","Hemokinesis"],"picked":"Flex","floor":14},{"not_picked":["Berserk","Impervious"],"picked":"Limit Break","floor":16},{"not_picked":["Thunderclap","Power Through+1"],"picked":"Clothesline","floor":18},{"not_picked":["Armaments","Disarm+1"],"picked":"Twin Strike","floor":19},{"not_picked":["Iron Wave","Rupture"],"picked":"Flex+1","floor":21},{"not_picked":["Havoc","Headbutt"],"picked":"Perfected Strike","floor":22},{"not_picked":["Havoc","Sword Boomerang+1","Thunderclap"],"picked":"SKIP","floor":24},{"not_picked":["Thunderclap","Disarm"],"picked":"Cleave","floor":29},{"not_picked":["Armaments","Sever Soul","Shrug It Off"],"picked":"SKIP","floor":30},{"not_picked":["Warcry","Flex+1"],"picked":"Spot Weakness","floor":31},{"not_picked":["Berserk","Reaper"],"picked":"Double Tap","floor":33},{"not_picked":["Headbutt","Ghostly Armor"],"picked":"Armaments+1","floor":35},{"not_picked":["Pommel Strike","Iron Wave"],"picked":"Combust","floor":36},{"not_picked":["Searing Blow+1","Cleave"],"picked":"Iron Wave+1","floor":37},{"not_picked":["Headbutt+1","Spot Weakness"],"picked":"Whirlwind+1","floor":39},{"not_picked":["Wild Strike+1","True Grit","Sword Boomerang"],"picked":"SKIP","floor":40},{"not_picked":["Headbutt","Iron Wave"],"picked":"Uppercut","floor":46},{"not_picked":["Feel No Pain","Iron Wave"],"picked":"Flex+1","floor":47},{"not_picked":["Sever Soul+1","Reaper"],"picked":"Heavy Blade+1","floor":48}],"player_experience":33310,"relics_obtained":[{"floor":5,"key":"Pear"},{"floor":8,"key":"Strawberry"},{"floor":9,"key":"Lantern"},{"floor":26,"key":"Sundial"},{"floor":39,"key":"Peace Pipe"},{"floor":43,"key":"Red Skull"},{"floor":46,"key":"Torii"}],"event_choices":[{"damage_healed":0,"gold_gain":0,"cards_transformed":["Infernal Blade"],"player_choice":"Transformed","damage_taken":0,"max_hp_gain":0,"max_hp_loss":0,"event_name":"Transmorgrifier","floor":3,"gold_loss":0,"cards_obtained":["Fiend Fire"]},{"damage_healed":0,"gold_gain":0,"player_choice":"Donut","damage_taken":0,"max_hp_gain":5,"max_hp_loss":0,"event_name":"Big Fish","floor":7,"gold_loss":0},{"damage_healed":0,"gold_gain":0,"player_choice":"Simplicity","damage_taken":0,"max_hp_gain":0,"max_hp_loss":0,"event_name":"Back to Basics","floor":25,"gold_loss":0,"cards_upgraded":["Strike_R","Strike_R","Strike_R","Strike_R","Strike_R","Defend_R","Defend_R","Defend_R","Defend_R"]},{"damage_healed":0,"gold_gain":0,"player_choice":"Copied","damage_taken":0,"max_hp_gain":0,"max_hp_loss":0,"event_name":"Duplicator","floor":27,"gold_loss":0,"cards_obtained":["Flame Barrier"]},{"damage_healed":0,"gold_gain":0,"player_choice":"Fight","damage_taken":0,"max_hp_gain":0,"max_hp_loss":0,"event_name":"MindBloom","floor":39,"gold_loss":0},{"damage_healed":0,"gold_gain":0,"player_choice":"Paid","damage_taken":0,"relics_obtained":["Red Mask"],"max_hp_gain":0,"max_hp_loss":0,"event_name":"Tomb of Lord Red Mask","floor":44,"gold_loss":40},{"damage_healed":0,"gold_gain":0,"player_choice":"Fight","damage_taken":0,"max_hp_gain":0,"max_hp_loss":0,"event_name":"Mysterious Sphere","floor":46,"gold_loss":0}],"is_beta":false,"boss_relics":[{"not_picked":["Runic Dome","Astrolabe"],"picked":"Velvet Choker"},{"not_picked":["White Beast Statue","Runic Cube"],"picked":"Black Blood"}],"items_purged_floors":[4],"is_endless":false,"potions_floor_spawned":[8,13,14,19,21,24,29,31,35,40,46,48],"killed_by":"Awakened One","ascension_level":0}