{"gold_per_floor":[110,110,121,141,316,316,348,348,429,455,64,64,84,84,84,84],"floor_reached":16,"playtime":365,"items_purged":[],"score":150,"play_id":"deb2ce69-7b21-41b2-a8a8-1de7fd306812","local_time":"20180803104801","is_ascension_mode":true,"campfire_choices":[{"data":"Whirlwind","floor":6,"key":"SMITH"},{"floor":8,"key":"REST"},{"floor":15,"key":"REST"}],"neow_cost":"","seed_source_timestamp":165910523959276,"circlet_count":0,"master_deck":["Strike_R","Strike_R","Strike_R","Strike_R","Strike_R","Defend_R","Defend_R","Defend_R","Defend_R","Bash","Whirlwind+1","Shrug It Off","Warcry","Feed","Whirlwind","Thunderclap","Intimidate"],"relics":["Burning Blood","Dream Catcher","Dodecahedron","Gambling Chip","Vajra","Lantern","Spirit Poop","Golden Idol"],"potions_floor_usage":[7],"damage_taken":[{"damage":7,"enemies":"Small Slimes","floor":1,"turns":4},{"damage":7,"enemies":"2 Louse","floor":3,"turns":2},{"damage":0,"enemies":"Jaw Worm","floor":4,"turns":5},{"damage":32,"enemies":"Gremlin Nob","floor":7,"turns":4},{"damage":22,"enemies":"3 Sentries","floor":10,"turns":4},{"damage":11,"enemies":"Looter","floor":13,"turns":3},{"damage":63,"enemies":"Slime Boss","floor":16,"turns":8}],"seed_played":"5083787387939741840","potions_obtained":[{"floor":3,"key":"Poison Potion"},{"floor":7,"key":"GamblersBrew"},{"floor":10,"key":"LiquidBronze"},{"floor":13,"key":"AttackPotion"}],"is_trial":false,"path_per_floor":["M","?","M","M","?","R","E","R","T","E","$","?","M","?","R"],"character_chosen":"IRONCLAD","items_purchased":["Vajra","Lantern","Thunderclap","Intimidate"],"campfire_rested":2,"item_purchase_floors":[11,11,11,11],"current_hp_per_floor":[71,76,75,81,81,81,55,80,80,64,64,64,59,38,63,0],"gold":84,"neow_bonus":"","is_prod":false,"is_daily":false,"chose_seed":false,"campfire_upgraded":1,"win_rate":0,"timestamp":1533307681,"path_taken":["M","?","M","M","?","R","E","R","T","E","$","?","?","?","R","BOSS"],"build_version":"2018-08-02","purchased_purges":0,"victory":false,"max_hp_per_floor":[80,85,85,85,85,85,85,85,85,85,85,85,85,85,85,85],"card_choices":[{"not_picked":["Thunderclap","Iron Wave"],"picked":"Whirlwind","floor":1},{"not_picked":["Fire Breathing","Flex"],"picked":"Shrug It Off","floor":3},{"not_picked":["Iron Wave","Carnage"],"picked":"Warcry","floor":4},{"not_picked":["Metallicize","Sentinel"],"picked":"Feed","floor":7},{"not_picked":["Clothesline","Searing Blow"],"picked":"Whirlwind","floor":10},{"not_picked":["Disarm","Fire Breathing","Sword Boomerang"],"picked":"SKIP","floor":13}],"player_experience":428947,"relics_obtained":[{"floor":7,"key":"Dream Catcher"},{"floor":9,"key":"Dodecahedron"},{"floor":10,"key":"Gambling Chip"}],"event_choices":[{"event_name":"Big Fish","player_choice":"Donut","floor":2,"damage_taken":0},{"event_name":"Liars Game","player_choice":"agreed","floor":5,"damage_taken":0},{"event_name":"Bonfire Elementals","player_choice":"CURSE","floor":12,"damage_taken":0},{"event_name":"Golden Idol","player_choice":"Take Damage","floor":14,"damage_taken":0}],"is_beta":false,"boss_relics":[],"items_purged_floors":[],"is_endless":false,"potions_floor_spawned":[3,7,10,13],"killed_by":"Slime Boss","ascension_level":8}