{"gold_per_floor":[118,118,118,28,103,128,128,155,155,155,155,189,189,208,208,208],"floor_reached":16,"playtime":437,"items_purged":[],"score":328,"play_id":"47937d4f-c462-4c72-ac1f-95b092804bf4","local_time":"20181122140933","is_ascension_mode":true,"campfire_choices":[{"data":"Footwork","floor":7,"key":"SMITH"},{"data":"Neutralize","floor":11,"key":"SMITH"},{"data":"Deadly Poison","floor":15,"key":"SMITH"}],"neow_cost":"NONE","seed_source_timestamp":140524083814656,"circlet_count":0,"master_deck":["AscendersBane","Defend_G","Defend_G","Defend_G","Defend_G","Defend_G","Strike_G","Strike_G","Strike_G","Strike_G","Survivor","Neutralize+1","Dagger Throw","Footwork+1","Deadly Poison+1","Bullet Time+1","Acrobatics","Quick Slash"],"relics":["Ring of the Snake","NeowsBlessing","Meat on the Bone","Ornamental Fan","Pantograph","Torii","NlothsMask"],"potions_floor_usage":[16,16],"damage_taken":[{"damage":0,"enemies":"Jaw Worm","floor":1,"turns":1},{"damage":0,"enemies":"3 Sentries","floor":6,"turns":1},{"damage":0,"enemies":"Lagavulin","floor":8,"turns":1},{"damage":35,"enemies":"3 Sentries","floor":12,"turns":15},{"damage":0,"enemies":"2 Louse","floor":14,"turns":3},{"damage":53,"enemies":"Slime Boss","floor":16,"turns":10}],"seed_played":"3154039339366482580","potions_obtained":[{"floor":6,"key":"LiquidBronze"},{"floor":12,"key":"Fire Potion"}],"is_trial":false,"path_per_floor":["M","?","?","$","?","E","R","E","T","?","R","E","?","M","R","B"],"character_chosen":"THE_SILENT","items_purchased":["Footwork"],"campfire_rested":0,"item_purchase_floors":[4],"current_hp_per_floor":[59,33,26,26,15,27,27,39,39,39,39,16,16,28,28,0],"gold":208,"neow_bonus":"THREE_ENEMY_KILL","is_prod":false,"is_daily":false,"chose_seed":false,"campfire_upgraded":3,"win_rate":0,"timestamp":1542913773,"path_taken":["M","?","?","$","?","E","R","E","T","?","R","E","?","?","R","BOSS"],"build_version":"2018-11-15","purchased_purges":0,"victory":false,"max_hp_per_floor":[66,66,66,66,66,66,66,66,66,66,66,66,66,66,66,66],"card_choices":[{"not_picked":["Backflip","Underhanded Strike"],"picked":"Dagger Throw","floor":1},{"not_picked":["Finisher","Bullet Time"],"picked":"Deadly Poison","floor":6},{"not_picked":["PiercingWail","Slice"],"picked":"Bullet Time","floor":8},{"not_picked":["Dodge and Roll","Blade Dance"],"picked":"Acrobatics","floor":12},{"not_picked":["Prepared","Caltrops"],"picked":"Quick Slash","floor":14}],"player_experience":1140525,"relics_obtained":[{"floor":6,"key":"Ornamental Fan"},{"floor":8,"key":"Pantograph"},{"floor":9,"key":"Torii"}],"event_choices":[{"damage_healed":0,"gold_gain":0,"player_choice":"Success","damage_taken":26,"relics_obtained":["Meat on the Bone"],"max_hp_gain":0,"max_hp_loss":0,"event_name":"Scrap Ooze","floor":2,"gold_loss":0},{"cards_removed":["Strike_G"],"damage_healed":0,"gold_gain":0,"player_choice":"Card Removal","damage_taken":7,"max_hp_gain":0,"max_hp_loss":0,"event_name":"Golden Wing","floor":3,"gold_loss":0},{"damage_healed":0,"gold_gain":75,"player_choice":"Gather Gold","damage_taken":11,"max_hp_gain":0,"max_hp_loss":0,"event_name":"World of Goop","floor":5,"gold_loss":0},{"damage_healed":0,"gold_gain":0,"player_choice":"Grow","damage_taken":0,"max_hp_gain":0,"max_hp_loss":0,"event_name":"Living Wall","floor":10,"gold_loss":0,"cards_upgraded":["Bullet Time"]},{"damage_healed":0,"gold_gain":0,"player_choice":"Trade","damage_taken":0,"relics_obtained":["NlothsMask"],"max_hp_gain":0,"max_hp_loss":0,"event_name":"FaceTrader","floor":13,"gold_loss":0}],"is_beta":false,"boss_relics":[],"items_purged_floors":[],"is_endless":false,"potions_floor_spawned":[6,12,14],"killed_by":"Slime Boss","ascension_level":20}