{"gold_per_floor":[18,18,18,18,18,18,36,36,36,36,47,47,82,101,101,178,178,192,192,192,205,215,215,215],"floor_reached":24,"playtime":701,"items_purged":[],"score":513,"play_id":"c8ec8e3a-eee7-4eba-88a4-033fffabd2d5","local_time":"20181023123809","is_ascension_mode":true,"campfire_choices":[{"data":"Zap","floor":6,"key":"SMITH"},{"data":"Defragment","floor":8,"key":"SMITH"},{"data":"Dualcast","floor":10,"key":"SMITH"},{"data":"Glacier","floor":15,"key":"SMITH"},{"data":"Rainbow","floor":23,"key":"SMITH"}],"neow_cost":"NO_GOLD","seed_source_timestamp":404930324415893,"circlet_count":0,"master_deck":["Defend_B","Defend_B","Defend_B","Defend_B","Zap+1","Dualcast+1","AscendersBane","Ball Lightning","Defragment+1","Hologram+1","Ball Lightning","Glacier+1","Rainbow+1","Compile Driver","Bite","Bite","Bite","Bite","Bite","Barrage+1","Reinforced Body+1"],"relics":["Cracked Core","Thread and Needle","StoneCalendar","Kunai","Mercury Hourglass","Gambling Chip","Runic Dome"],"potions_floor_usage":[13,13,16,22],"damage_taken":[{"damage":4,"enemies":"Small Slimes","floor":1,"turns":4},{"damage":0,"enemies":"Jaw Worm","floor":7,"turns":2},{"damage":2,"enemies":"2 Louse","floor":11,"turns":2},{"damage":7,"enemies":"Gremlin Nob","floor":13,"turns":3},{"damage":16,"enemies":"Exordium Wildlife","floor":14,"turns":3},{"damage":0,"enemies":"Slime Boss","floor":16,"turns":7},{"damage":10,"enemies":"Shell Parasite","floor":18,"turns":3},{"damage":0,"enemies":"2 Thieves","floor":21,"turns":4},{"damage":6,"enemies":"Snake Plant","floor":22,"turns":4},{"damage":62,"enemies":"Book of Stabbing","floor":24,"turns":5}],"seed_played":"-5397292303158204614","potions_obtained":[{"floor":1,"key":"FocusPotion"},{"floor":7,"key":"Regen Potion"},{"floor":13,"key":"Fire Potion"},{"floor":21,"key":"SkillPotion"}],"is_trial":false,"path_per_floor":["M","?","?","T","$","R","M","R","T","R","M","?","E","M","R","B",null,"M","?","?","M","M","R"],"character_chosen":"DEFECT","items_purchased":[],"campfire_rested":0,"item_purchase_floors":[],"current_hp_per_floor":[60,60,55,55,55,55,55,55,55,55,53,53,55,39,39,39,63,53,49,37,47,49,49,0],"gold":215,"neow_bonus":"ONE_RARE_RELIC","is_prod":false,"is_daily":false,"chose_seed":false,"campfire_upgraded":5,"win_rate":0,"timestamp":1540312689,"path_taken":["M","?","?","?","$","R","M","R","T","R","M","?","E","M","R","BOSS","M","?","?","M","M","R","E"],"build_version":"2018-10-18","purchased_purges":0,"victory":false,"max_hp_per_floor":[71,71,71,71,71,71,71,71,71,71,71,71,71,71,71,71,71,71,49,54,54,54,54,54],"card_choices":[{"not_picked":["White Noise","Consume"],"picked":"Ball Lightning","floor":1},{"not_picked":["Compile Driver","Rebound"],"picked":"Defragment","floor":7},{"not_picked":["Hello World","Barrage"],"picked":"Hologram","floor":11},{"not_picked":["BootSequence","Redo"],"picked":"Ball Lightning","floor":13},{"not_picked":["Stack","Turbo"],"picked":"Glacier","floor":14},{"not_picked":["Reboot","Hyperbeam"],"picked":"Rainbow","floor":16},{"not_picked":["Steam Power","Go for the Eyes"],"picked":"Compile Driver","floor":18},{"not_picked":["Darkness","Double Energy"],"picked":"Barrage+1","floor":21},{"not_picked":["Hologram","Scrape"],"picked":"Reinforced Body+1","floor":22}],"player_experience":954546,"relics_obtained":[{"floor":4,"key":"Kunai"},{"floor":9,"key":"Mercury Hourglass"},{"floor":13,"key":"Gambling Chip"}],"event_choices":[{"damage_healed":0,"gold_gain":0,"player_choice":"Leave","damage_taken":0,"max_hp_gain":0,"max_hp_loss":0,"event_name":"The Cleric","floor":2,"gold_loss":0},{"damage_healed":0,"gold_gain":0,"player_choice":"Success","damage_taken":5,"relics_obtained":["StoneCalendar"],"max_hp_gain":0,"max_hp_loss":0,"event_name":"Scrap Ooze","floor":3,"gold_loss":0},{"damage_healed":0,"gold_gain":0,"player_choice":"Upgraded","damage_taken":0,"max_hp_gain":0,"max_hp_loss":0,"event_name":"Upgrade Shrine","floor":12,"gold_loss":0,"cards_upgraded":["Hologram"]},{"damage_healed":0,"gold_gain":0,"player_choice":"Became a vampire","damage_taken":0,"max_hp_gain":0,"max_hp_loss":22,"event_name":"Vampires","floor":19,"gold_loss":0,"cards_obtained":["Bite","Bite","Bite","Bite","Bite"]},{"damage_healed":0,"gold_gain":0,"player_choice":"Shed Blood","damage_taken":17,"max_hp_gain":5,"max_hp_loss":0,"event_name":"Forgotten Altar","floor":20,"gold_loss":0}],"is_beta":false,"boss_relics":[{"not_picked":["Black Star","Empty Cage"],"picked":"Runic Dome"}],"items_purged_floors":[],"is_endless":false,"potions_floor_spawned":[1,7,13,21],"killed_by":"Book of Stabbing","ascension_level":20}