{"gold_per_floor":[111,61,136,153,153,153,167,167,193,368,379,379,379,111,111,235,273,298,317,144,157,171,195,195,211,211,211,226,30,30,47,47,144,144,154,169,219,238,113,113,133,196,196,216,230,230,29,47,47,47],"floor_reached":51,"playtime":4418,"items_purged":["Doubt","Injury","Strike_B","Defend_B"],"score":623,"play_id":"afb21551-9be8-45da-afd6-97d415261656","local_time":"20180626172515","is_ascension_mode":false,"campfire_choices":[{"data":"Zap","floor":6,"key":"SMITH"},{"data":"Hologram","floor":8,"key":"SMITH"},{"data":"Hologram","floor":12,"key":"SMITH"},{"data":"FTL","floor":15,"key":"SMITH"},{"data":"Reinforced Body","floor":30,"key":"SMITH"},{"data":"Defragment","floor":32,"key":"SMITH"},{"floor":40,"key":"REST"},{"floor":49,"key":"REST"}],"neow_cost":"NONE","seed_source_timestamp":691665112393,"circlet_count":0,"master_deck":["Strike_B+1","Strike_B+1","Defend_B","Defend_B","Defend_B","Zap+1","Dualcast","Fusion","Hologram+1","Sweeping Beam","Hologram+1","FTL+1","Mind Blast+1","Turbo","Electrodynamics","Static Discharge","Storm+1","Defragment+1","FTL","White Noise","Fission","Reinforced Body+1","Loop","Beam Cell","Apotheosis","Turbo","Reboot","Consume+1","Consume+1","Reinforced Body","Recycle+1","Glacier+1","Conserve Battery+1","Conserve Battery+1"],"relics":["Cracked Core","Unceasing Top","Oddly Smooth Stone","Bloody Idol","Tiny House","Ancient Tea Set","Fusion Hammer","Ginger","Tiny Chest","Question Card","Whetstone"],"potions_floor_usage":[16,19,23,33,33,36,41,50,50],"damage_taken":[{"damage":2,"enemies":"2 Louse","floor":1,"turns":2},{"damage":7,"enemies":"Small Slimes","floor":4,"turns":3},{"damage":1,"enemies":"Jaw Worm","floor":7,"turns":3},{"damage":23,"enemies":"Large Slime","floor":11,"turns":7},{"damage":12,"enemies":"Hexaghost","floor":16,"turns":9},{"damage":12,"enemies":"Shell Parasite","floor":18,"turns":5},{"damage":13,"enemies":"Chosen","floor":19,"turns":4},{"damage":2,"enemies":"Snecko","floor":21,"turns":4},{"damage":26,"enemies":"Sentry and Sphere","floor":22,"turns":4},{"damage":0,"enemies":"Cultist and Chosen","floor":23,"turns":4},{"damage":19,"enemies":"Chosen and Byrds","floor":25,"turns":6},{"damage":0,"enemies":"Snecko","floor":28,"turns":3},{"damage":0,"enemies":"Centurion and Healer","floor":31,"turns":3},{"damage":43,"enemies":"Automaton","floor":33,"turns":8},{"damage":0,"enemies":"3 Darklings","floor":35,"turns":6},{"damage":5,"enemies":"3 Shapes","floor":36,"turns":3},{"damage":30,"floor":37,"turns":3},{"damage":7,"enemies":"Maw","floor":38,"turns":7},{"damage":3,"enemies":"4 Shapes","floor":41,"turns":4},{"damage":22,"enemies":"2 Orb Walkers","floor":42,"turns":4},{"damage":13,"enemies":"Sphere and 2 Shapes","floor":44,"turns":4},{"damage":3,"enemies":"Maw","floor":45,"turns":7},{"damage":0,"enemies":"3 Darklings","floor":48,"turns":3},{"damage":25,"enemies":"Donu and Deca","floor":50,"turns":8}],"seed_played":"-7727411390590274164","potions_obtained":[{"floor":4,"key":"FairyPotion"},{"floor":7,"key":"FocusPotion"},{"floor":17,"key":"GamblersBrew"},{"floor":18,"key":"SpeedPotion"},{"floor":22,"key":"Explosive Potion"},{"floor":31,"key":"Strength Potion"},{"floor":35,"key":"AttackPotion"},{"floor":37,"key":"Fire Potion"},{"floor":41,"key":"Weak Potion"},{"floor":45,"key":"Dexterity Potion"}],"is_trial":false,"path_per_floor":["M","?","?","M","?","R","M","R","T","?","M","R","?","$","R","B",null,"M","M","$","M","M","M","?","M","T","?","M","$","R","M","R","B",null,"M","M","?","M","$","R","M","E","T","M","M","T","$","M","R","B"],"character_chosen":"DEFECT","items_purchased":["FTL","Mind Blast","Turbo","FTL","Apotheosis","Dexterity Potion"],"campfire_rested":2,"item_purchase_floors":[14,14,14,20,29,47],"current_hp_per_floor":[80,80,69,62,55,55,54,54,54,54,31,31,31,31,31,19,87,75,62,62,60,34,34,34,20,20,49,54,54,54,59,59,21,87,87,87,62,60,60,86,87,75,75,67,69,69,69,74,87,69],"gold":47,"neow_bonus":"TEN_PERCENT_HP_BONUS","is_prod":false,"is_daily":false,"chose_seed":false,"campfire_upgraded":6,"win_rate":0,"timestamp":1530048315,"path_taken":["M","?","?","M","?","R","?","R","T","?","M","R","?","$","R","BOSS","M","M","$","M","M","M","?","M","T","?","M","$","R","M","R","BOSS","M","?","?","?","$","R","M","E","T","M","?","?","$","M","R","BOSS"],"build_version":"2018-06-21v2","purchased_purges":4,"victory":true,"max_hp_per_floor":[82,82,82,82,82,82,82,82,82,82,82,82,82,82,82,82,87,87,87,87,87,87,87,87,87,87,87,87,87,87,87,87,87,87,87,87,87,87,87,87,87,87,87,87,87,87,87,87,87,87],"card_choices":[{"not_picked":["Redo","Coolheaded"],"picked":"Fusion","floor":1},{"not_picked":["Gash","Doom and Gloom"],"picked":"Hologram","floor":4},{"not_picked":["Hello World","Buffer"],"picked":"Sweeping Beam","floor":7},{"not_picked":["Rebound","Doom and Gloom"],"picked":"Hologram","floor":11},{"not_picked":["Multi-Cast","Core Surge"],"picked":"Electrodynamics","floor":16},{"not_picked":["Coolheaded","Sweeping Beam"],"picked":"Static Discharge","floor":17},{"not_picked":["Sweeping Beam+1","Capacitor"],"picked":"Storm+1","floor":18},{"not_picked":["Coolheaded","Redo"],"picked":"Defragment","floor":19},{"not_picked":["Stack","Rip and Tear"],"picked":"White Noise","floor":21},{"not_picked":["Rebound+1","Steam"],"picked":"Fission","floor":22},{"not_picked":["Turbo","Fusion+1"],"picked":"Reinforced Body","floor":23},{"not_picked":["Lockon+1","Compile Driver"],"picked":"Loop","floor":25},{"not_picked":["Turbo","Gash"],"picked":"Beam Cell","floor":28},{"not_picked":["White Noise","Gash"],"picked":"Turbo","floor":31},{"not_picked":["Meteor Strike","All For One"],"picked":"Reboot","floor":33},{"not_picked":["Gash","Steam Power"],"picked":"Consume+1","floor":35},{"not_picked":["Steam","Gash"],"picked":"Consume+1","floor":36},{"not_picked":["Genetic Algorithm","Fusion"],"picked":"Reinforced Body","floor":37},{"not_picked":["Leap+1","Capacitor"],"picked":"Recycle+1","floor":38},{"not_picked":["Rebound","Hologram"],"picked":"Glacier+1","floor":41},{"not_picked":["Redo","Chaos","Barrage+1"],"picked":"SKIP","floor":42},{"not_picked":["Chill","Leap","Storm","Ball Lightning"],"picked":"SKIP","floor":44},{"not_picked":["Gash+1","Recycle","Barrage"],"picked":"Conserve Battery+1","floor":45},{"not_picked":["Compile Driver+1","Amplify","Static Discharge+1"],"picked":"Conserve Battery+1","floor":48}],"player_experience":81791,"relics_obtained":[{"floor":9,"key":"Oddly Smooth Stone"},{"floor":26,"key":"Ancient Tea Set"},{"floor":37,"key":"Ginger"},{"floor":42,"key":"Tiny Chest"},{"floor":43,"key":"Question Card"},{"floor":46,"key":"Whetstone"}],"event_choices":[{"event_name":"The Cleric","player_choice":"Card Removal","floor":2,"damage_taken":0},{"event_name":"World of Goop","player_choice":"Gather Gold","floor":3,"damage_taken":0},{"event_name":"Scrap Ooze","player_choice":"success","floor":5,"damage_taken":7},{"event_name":"Liars Game","player_choice":"agreed","floor":10,"damage_taken":0},{"event_name":"Golden Idol","player_choice":"Take Wound","floor":13,"damage_taken":0},{"event_name":"Forgotten Altar","player_choice":"Gave Idol","floor":24,"damage_taken":0},{"event_name":"The Library","player_choice":"Heal","floor":27,"damage_taken":0},{"event_name":"Mysterious Sphere","player_choice":"Fight","floor":37,"damage_taken":0}],"boss_relics":[{"not_picked":["Velvet Choker","Coffee Dripper"],"picked":"Tiny House"},{"not_picked":["Inserter","Runic Dome"],"picked":"Fusion Hammer"}],"items_purged_floors":[14,20,39,47],"is_endless":false,"potions_floor_spawned":[4,7,18,22,31,35,37,41,45],"ascension_level":0}