{"gold_per_floor":[114,3,3,13,33,33,61,61,85,96,121,121,132,145,145,145],"floor_reached":16,"playtime":466,"items_purged":[],"score":274,"play_id":"372d4f18-7c72-4600-b16b-417747de757f","local_time":"20181119135221","is_ascension_mode":true,"campfire_choices":[{"data":"Whirlwind","floor":6.0,"key":"SMITH"},{"data":"True Grit","floor":12,"key":"SMITH"},{"data":"Bash","floor":15,"key":"SMITH"}],"neow_cost":"NONE","seed_source_timestamp":438996904492416,"circlet_count":0,"master_deck":["AscendersBane","Strike_R","Strike_R","Strike_R","Strike_R","Strike_R","Defend_R","Defend_R","Defend_R","Defend_R","Bash+1","Corruption","Hemokinesis","True Grit+1","Anger","Whirlwind+1","True Grit","Rupture"],"special_seed":0,"relics":["Burning Blood","Juzu Bracelet","Ancient Tea Set","Dream Catcher"],"potions_floor_usage":[10,11,16],"damage_taken":[{"damage":0.0,"enemies":"2 Louse","floor":1.0,"turns":3.0},{"damage":3.0,"enemies":"Small Slimes","floor":4.0,"turns":3.0},{"damage":3.0,"enemies":"Cultist","floor":5.0,"turns":3.0},{"damage":0.0,"enemies":"3 Sentries","floor":7.0,"turns":1.0},{"damage":0,"enemies":"Exordium Wildlife","floor":10,"turns":4},{"damage":35,"enemies":"Gremlin Nob","floor":11,"turns":4},{"damage":3,"enemies":"Blue Slaver","floor":13,"turns":3},{"damage":26,"enemies":"Lots of Slimes","floor":14,"turns":3},{"damage":42,"enemies":"Hexaghost","floor":16,"turns":8}],"seed_played":"-6890761187652339925","potions_obtained":[{"floor":5.0,"key":"AttackPotion"},{"floor":7.0,"key":"SkillPotion"},{"floor":10,"key":"GamblersBrew"},{"floor":11,"key":"Weak Potion"}],"is_trial":false,"path_per_floor":["M","$","?","M","M","R","E","?","T","M","E","R","M","M","R","B"],"character_chosen":"IRONCLAD","items_purchased":["Hemokinesis","True Grit"],"campfire_rested":0,"item_purchase_floors":[2,2],"current_hp_per_floor":[81,81,81,82,82,82,82,82,82,82,53,53,56,36,36,0],"gold":145,"neow_bonus":"TEN_PERCENT_HP_BONUS","is_prod":false,"is_daily":false,"chose_seed":false,"campfire_upgraded":3,"win_rate":0,"timestamp":1542653541,"path_taken":["M","$","?","M","M","R","E","?","T","M","E","R","M","M","R","BOSS"],"build_version":"2018-11-15","purchased_purges":0,"victory":false,"max_hp_per_floor":[82,82,82,82,82,82,82,82,82,82,82,82,82,82,82,82],"card_choices":[{"not_picked":["Heavy Blade","Clash"],"picked":"Corruption","floor":1.0},{"not_picked":["Ghostly Armor","Sever Soul"],"picked":"Anger","floor":4.0},{"not_picked":["True Grit","Warcry"],"picked":"Whirlwind","floor":5.0},{"not_picked":["Pummel","Sword Boomerang","Flex"],"picked":"SKIP","floor":7.0},{"not_picked":["Clash","Anger","Uppercut"],"picked":"SKIP","floor":10},{"not_picked":["Armaments","Brutality"],"picked":"True Grit","floor":11},{"not_picked":["Seeing Red","Battle Trance"],"picked":"Rupture","floor":13},{"not_picked":["Sever Soul","Armaments","Heavy Blade"],"picked":"SKIP","floor":14}],"player_experience":1112046,"relics_obtained":[{"floor":7.0,"key":"Juzu Bracelet"},{"floor":9,"key":"Ancient Tea Set"},{"floor":11,"key":"Dream Catcher"}],"event_choices":[{"damage_healed":0.0,"max_hp_gain":0.0,"max_hp_loss":0.0,"gold_gain":0.0,"event_name":"Liars Game","player_choice":"Ignored","floor":3.0,"gold_loss":0.0,"damage_taken":0.0},{"damage_healed":0,"gold_gain":0,"player_choice":"Leave","damage_taken":0,"max_hp_gain":0,"max_hp_loss":0,"event_name":"The Cleric","floor":8,"gold_loss":0}],"is_beta":false,"boss_relics":[],"items_purged_floors":[],"is_endless":false,"potions_floor_spawned":[5,7,10,11],"killed_by":"Hexaghost","ascension_level":20}