{"gold_per_floor":[117,134,146,161,161,193,193,225,252,269,239,16,16,47,47,47],"floor_reached":16,"playtime":1049,"items_purged":["Strike_G"],"score":162,"play_id":"340be644-70ae-4619-82d9-ee02a3ae6c15","local_time":"20190602195919","is_ascension_mode":true,"campfire_choices":[{"floor":7,"key":"REST"},{"floor":13,"key":"REST"},{"floor":15,"key":"REST"}],"neow_cost":"NONE","seed_source_timestamp":128939623518292,"circlet_count":0,"master_deck":["Defend_G","Defend_G","Defend_G","Defend_G+1","Defend_G","Strike_G","Strike_G","Strike_G","Strike_G","Survivor","Neutralize+1","Blur+1","Underhanded Strike","PiercingWail","Footwork","Leg Sweep","Footwork"],"relics":["Ring of the Snake","Centennial Puzzle","Snake Skull","Art of War","PreservedInsect","War Paint"],"potions_floor_usage":[6,10,16],"damage_taken":[{"damage":2,"enemies":"Jaw Worm","floor":1,"turns":4},{"damage":0,"enemies":"Cultist","floor":2,"turns":4},{"damage":0,"enemies":"Small Slimes","floor":3,"turns":4},{"damage":0,"enemies":"Exordium Wildlife","floor":4,"turns":5},{"damage":36,"enemies":"3 Sentries","floor":6,"turns":12},{"damage":42,"enemies":"Lagavulin","floor":8,"turns":17},{"damage":1,"enemies":"Large Slime","floor":10,"turns":12},{"damage":0,"enemies":"Looter","floor":11,"turns":4},{"damage":13,"enemies":"Gremlin Nob","floor":14,"turns":5},{"damage":53,"enemies":"Slime Boss","floor":16,"turns":24}],"seed_played":"3728501182021593071","potions_obtained":[{"floor":1,"key":"GhostInAJar"},{"floor":2,"key":"Poison Potion"},{"floor":3,"key":"Block Potion"},{"floor":8,"key":"Ancient Potion"}],"is_trial":false,"path_per_floor":["M","M","M","M","?","E","R","E","T","M","M","$","R","E","R","B"],"character_chosen":"THE_SILENT","items_purchased":["PreservedInsect"],"campfire_rested":3,"item_purchase_floors":[12],"current_hp_per_floor":[68,68,68,68,68,32,55,13,13,12,12,12,35,22,45,0],"gold":47,"neow_bonus":"TEN_PERCENT_HP_BONUS","is_prod":false,"is_daily":false,"chose_seed":false,"campfire_upgraded":0,"win_rate":0,"timestamp":1559519959,"path_taken":["M","M","M","M","?","E","R","E","T","M","M","$","R","E","R","BOSS"],"build_version":"2019-01-23","purchased_purges":1,"victory":false,"max_hp_per_floor":[77,77,77,77,77,77,77,77,77,77,77,77,77,77,77,77],"card_choices":[{"not_picked":["Outmaneuver","Quick Slash"],"picked":"Blur","floor":1},{"not_picked":["Poisoned Stab","Eviscerate"],"picked":"Underhanded Strike","floor":2},{"not_picked":["Deadly Poison","Expertise","Bane"],"picked":"SKIP","floor":3},{"not_picked":["Bane","Deadly Poison"],"picked":"PiercingWail","floor":4},{"not_picked":["Dash","Heel Hook"],"picked":"Footwork","floor":6},{"not_picked":["Expertise","Masterful Stab","Quick Slash"],"picked":"SKIP","floor":8},{"not_picked":["Endless Agony","Dodge and Roll"],"picked":"Leg Sweep","floor":10},{"not_picked":["Dagger Spray","Choke"],"picked":"Footwork","floor":11},{"not_picked":["Eviscerate","Finisher","Flying Knee"],"picked":"SKIP","floor":14}],"player_experience":369630,"relics_obtained":[{"floor":6,"key":"Centennial Puzzle"},{"floor":8,"key":"Snake Skull"},{"floor":9,"key":"Art of War"},{"floor":14,"key":"War Paint"}],"event_choices":[{"damage_healed":0,"gold_gain":0,"player_choice":"Upgraded","damage_taken":0,"max_hp_gain":0,"max_hp_loss":0,"event_name":"Upgrade Shrine","floor":5,"gold_loss":0,"cards_upgraded":["Neutralize"]}],"is_beta":false,"boss_relics":[],"items_purged_floors":[12],"is_endless":false,"potions_floor_spawned":[1,2,3,8],"killed_by":"Slime Boss","ascension_level":7}