{"gold_per_floor":[118,43,43,43,61,61,92,92,117,151,32,43,58,72,72,144,144,160,160,75,92,92,107,7,18,18,33,58,58,86,98,98,169,169,180,123,123,35,35,35,60,77,102,121,131,163,163,182,182,182,182,182,182,1,30,30],"floor_reached":56,"playtime":2934,"items_purged":["Strike_R","Pain","Cleave"],"score":2274,"play_id":"97a5bba7-3da5-4d16-b18d-e49e40149a91","local_time":"20181221162940","is_ascension_mode":true,"campfire_choices":[{"data":"Uppercut","floor":6,"key":"SMITH"},{"data":"Bash","floor":8,"key":"SMITH"},{"data":"Body Slam","floor":15,"key":"SMITH"},{"data":"Disarm","floor":29,"key":"SMITH"},{"floor":32,"key":"RECALL"},{"data":"True Grit","floor":40,"key":"SMITH"},{"data":"True Grit","floor":49,"key":"SMITH"},{"floor":53,"key":"REST"}],"neow_cost":"NONE","seed_source_timestamp":12328102468009,"circlet_count":0,"master_deck":["AscendersBane","Defend_R+1","Defend_R+1","Defend_R+1","Bash+1","Uppercut+1","Impervious","Metallicize","Evolve","Spot Weakness+1","Offering+1","Body Slam+1","Impervious","Burning Pact+1","Offering+1","Havoc+1","Infernal Blade+1","Disarm+1","Headbutt","Pommel Strike","Barricade","Dropkick","True Grit+1","Corruption","Sword Boomerang","Body Slam+1","Spot Weakness","Iron Wave+1","True Grit+1","Shrug It Off","Feel No Pain"],"relics":["Burning Blood","NeowsBlessing","Bag of Preparation","Blood Vial","Blue Candle","Astrolabe","Calipers","WarpedTongs","Kunai","Dodecahedron","Omamori","Mark of Pain","War Paint","PreservedInsect","Centennial Puzzle","Gremlin Horn"],"potions_floor_usage":[10,10,27,50,56],"damage_taken":[{"damage":0,"enemies":"Small Slimes","floor":1,"turns":1},{"damage":0,"enemies":"2 Louse","floor":5,"turns":1},{"damage":0,"enemies":"3 Sentries","floor":7,"turns":2},{"damage":6,"enemies":"Gremlin Nob","floor":10,"turns":3},{"damage":4,"enemies":"Jaw Worm","floor":12,"turns":6},{"damage":4,"enemies":"Large Slime","floor":13,"turns":7},{"damage":17,"enemies":"2 Fungi Beasts","floor":14,"turns":4},{"damage":25,"enemies":"Slime Boss","floor":16,"turns":10},{"damage":12,"enemies":"2 Thieves","floor":18,"turns":2},{"damage":0,"enemies":"Spheric Guardian","floor":21,"turns":3},{"damage":7,"enemies":"Cultist and Chosen","floor":23,"turns":5},{"damage":12,"enemies":"Shelled Parasite and Fungi","floor":25,"turns":2},{"damage":21,"enemies":"Chosen and Byrds","floor":27,"turns":8},{"damage":6,"enemies":"Gremlin Leader","floor":28,"turns":4},{"damage":12,"enemies":"Book of Stabbing","floor":30,"turns":2},{"damage":0,"enemies":"Snake Plant","floor":31,"turns":5},{"damage":14,"enemies":"Collector","floor":33,"turns":6},{"damage":12,"enemies":"3 Darklings","floor":35,"turns":3},{"damage":12,"enemies":"Reptomancer","floor":41,"turns":5},{"damage":21,"enemies":"3 Shapes","floor":42,"turns":6},{"damage":14,"enemies":"Jaw Worm Horde","floor":44,"turns":4},{"damage":10,"enemies":"4 Shapes","floor":45,"turns":5},{"damage":0,"enemies":"Giant Head","floor":46,"turns":6},{"damage":17,"enemies":"Writhing Mass","floor":48,"turns":5},{"damage":6,"enemies":"Time Eater","floor":50,"turns":11},{"damage":23,"enemies":"Awakened One","floor":51,"turns":11},{"damage":60,"enemies":"Shield and Spear","floor":55,"turns":5},{"damage":37,"enemies":"The Heart","floor":56,"turns":2}],"seed_played":"8134534293476673104","potions_obtained":[{"floor":1,"key":"SteroidPotion"},{"floor":5,"key":"Poison Potion"},{"floor":16,"key":"LiquidBronze"},{"floor":18,"key":"Swift Potion"},{"floor":23,"key":"Regen Potion"},{"floor":27,"key":"LiquidBronze"},{"floor":41,"key":"Strength Potion"},{"floor":44,"key":"EssenceOfSteel"}],"is_trial":false,"path_per_floor":["M","?","?","$","M","R","E","R","T","E","$","M","M","M","R","B",null,"M","?","?","M","?","M","$","M","T","M","E","R","E","M","R","B",null,"M","$","?","$","?","R","E","M","T","M","M","E","?","M","R","B","B",null,"R","$","E","B"],"character_chosen":"IRONCLAD","items_purchased":["Evolve","True Grit","Corruption","Shrug It Off"],"campfire_rested":1,"item_purchase_floors":[11,36,38,54],"current_hp_per_floor":[74,74,67,67,73,73,75,75,75,75,75,75,75,64,64,47,68,64,64,64,72,72,73,73,69,69,71,73,73,69,75,75,67,73,69,69,69,69,75,75,69,56,56,50,48,56,56,47,47,49,34,65,75,75,21,0],"gold":30,"neow_bonus":"THREE_ENEMY_KILL","is_prod":false,"is_daily":false,"chose_seed":false,"campfire_upgraded":6,"win_rate":0,"timestamp":1545427780,"path_taken":["M","?","?","$","M","R","E","R","T","E","$","M","M","?","R","BOSS","M","?","?","M","?","M","$","M","T","M","E","R","E","?","R","BOSS","M","$","?","$","?","R","E","M","T","M","?","E","?","?","R","BOSS","BOSS","R","$","E","BOSS"],"build_version":"2018-12-20","purchased_purges":3,"victory":false,"max_hp_per_floor":[75,75,75,75,75,75,75,75,75,75,75,75,75,75,75,75,75,75,75,75,75,75,75,75,75,75,75,75,75,75,75,75,75,75,75,75,75,75,75,75,75,75,75,75,75,75,75,75,75,75,75,75,75,75,75,75],"card_choices":[{"not_picked":["Bloodletting","Metallicize"],"picked":"Uppercut","floor":1},{"not_picked":["Intimidate","Clash"],"picked":"Cleave","floor":5},{"not_picked":["Metallicize","Seeing Red"],"picked":"Impervious","floor":7},{"not_picked":["Perfected Strike","Clash"],"picked":"Metallicize","floor":10},{"not_picked":["Shockwave","Cleave"],"picked":"Spot Weakness","floor":12},{"not_picked":["Iron Wave","Sentinel"],"picked":"Offering","floor":13},{"not_picked":["Clash","Anger"],"picked":"Body Slam","floor":14},{"not_picked":["Demon Form","Brutality"],"picked":"Impervious","floor":16},{"not_picked":["Blood for Blood","Anger"],"picked":"Havoc+1","floor":18},{"not_picked":["Clothesline","Heavy Blade","Rampage"],"picked":"SKIP","floor":21},{"not_picked":["Flex","Armaments+1"],"picked":"Infernal Blade+1","floor":23},{"not_picked":["Infernal Blade","Sentinel"],"picked":"Disarm","floor":25},{"not_picked":["Evolve","Sever Soul"],"picked":"Headbutt","floor":27},{"not_picked":["Flex","Combust"],"picked":"Uppercut","floor":28},{"not_picked":["Warcry","Double Tap"],"picked":"Pommel Strike","floor":30},{"not_picked":["Perfected Strike","Clash","Sever Soul"],"picked":"SKIP","floor":31},{"not_picked":["Juggernaut","Impervious"],"picked":"Barricade","floor":33},{"not_picked":["Twin Strike+1","Anger"],"picked":"Dropkick","floor":35},{"not_picked":["Sword Boomerang","Iron Wave","Pommel Strike"],"picked":"SKIP","floor":41},{"not_picked":["Sword Boomerang","Iron Wave","Pommel Strike"],"picked":"SKIP","floor":41},{"not_picked":["Iron Wave","Pommel Strike"],"picked":"Sword Boomerang","floor":41},{"not_picked":["Armaments","Clothesline"],"picked":"Body Slam+1","floor":42},{"not_picked":["Clash","Flex"],"picked":"Spot Weakness","floor":44},{"not_picked":["Rampage","Pommel Strike"],"picked":"Iron Wave+1","floor":45},{"not_picked":["Warcry","Iron Wave"],"picked":"True Grit","floor":46},{"not_picked":["Spot Weakness","Thunderclap","Wild Strike"],"picked":"SKIP","floor":48},{"not_picked":["Spot Weakness","Thunderclap","Wild Strike"],"picked":"SKIP","floor":48},{"not_picked":["Reaper","Havoc"],"picked":"Feel No Pain","floor":55}],"player_experience":1295721,"relics_obtained":[{"floor":7,"key":"Bag of Preparation"},{"floor":9,"key":"Blood Vial"},{"floor":10,"key":"Blue Candle"},{"floor":26,"key":"Kunai"},{"floor":28,"key":"Dodecahedron"},{"floor":30,"key":"Omamori"},{"floor":41,"key":"PreservedInsect"},{"floor":46,"key":"Centennial Puzzle"},{"floor":55,"key":"Gremlin Horn"}],"event_choices":[{"cards_removed":["Strike_R"],"damage_healed":0,"gold_gain":0,"player_choice":"Card Removal","damage_taken":0,"max_hp_gain":0,"max_hp_loss":0,"event_name":"The Cleric","floor":2,"gold_loss":75},{"cards_removed":["Strike_R"],"damage_healed":0,"gold_gain":0,"player_choice":"Card Removal","damage_taken":7,"max_hp_gain":0,"max_hp_loss":0,"event_name":"Golden Wing","floor":3,"gold_loss":0},{"damage_healed":0,"gold_gain":0,"player_choice":"Simplicity","damage_taken":0,"max_hp_gain":0,"max_hp_loss":0,"event_name":"Back to Basics","floor":19,"gold_loss":0,"cards_upgraded":["Defend_R","Defend_R","Defend_R"]},{"damage_healed":0,"gold_gain":0,"player_choice":"Obtained Relic","damage_taken":0,"relics_obtained":["Calipers"],"max_hp_gain":0,"max_hp_loss":0,"event_name":"Addict","floor":20,"gold_loss":85},{"damage_healed":0,"gold_gain":0,"player_choice":"Rummage","damage_taken":0,"relics_obtained":["WarpedTongs"],"max_hp_gain":0,"max_hp_loss":0,"event_name":"Accursed Blacksmith","floor":22,"gold_loss":0,"cards_obtained":["Pain"]},{"damage_healed":0,"gold_gain":0,"player_choice":"Gave Potion","damage_taken":0,"relics_obtained":["War Paint"],"max_hp_gain":0,"max_hp_loss":0,"event_name":"WeMeetAgain","floor":37,"gold_loss":0},{"cards_removed":["Seeing Red"],"damage_healed":6,"gold_gain":0,"player_choice":"Offered Uncommon","damage_taken":0,"max_hp_gain":0,"max_hp_loss":0,"event_name":"Bonfire Elementals","floor":39,"gold_loss":0},{"cards_removed":["Uppercut"],"damage_healed":0,"gold_gain":0,"player_choice":"Purged","damage_taken":0,"max_hp_gain":0,"max_hp_loss":0,"event_name":"Purifier","floor":47,"gold_loss":0}],"is_beta":false,"boss_relics":[{"not_picked":["Black Star","White Beast Statue"],"picked":"Astrolabe"},{"not_picked":["Calling Bell","Runic Pyramid"],"picked":"Mark of Pain"}],"items_purged_floors":[11,24,54],"is_endless":false,"potions_floor_spawned":[1,5,16,18,23,25,27,30,31,41,44,45,46],"killed_by":"The Heart","ascension_level":20}