{"gold_per_floor":[17,0,18,35,5,40,55,55,55,55,55],"floor_reached":11,"playtime":517,"items_purged":[],"score":146,"play_id":"d105e688-45ab-404f-b2c9-72da874149a2","local_time":"20181030175720","is_ascension_mode":true,"campfire_choices":[{"data":"Bash","floor":8,"key":"SMITH"}],"neow_cost":"NO_GOLD","seed_source_timestamp":1029113588322667,"circlet_count":0,"master_deck":["Strike_R","Strike_R","Strike_R","Strike_R","Defend_R","Defend_R","Defend_R","Defend_R","Bash+1","AscendersBane","Evolve","Carnage","Thunderclap","Headbutt","Barricade","Infernal Blade"],"relics":["Burning Blood","Calipers","WingedGreaves"],"potions_floor_usage":[6,11],"damage_taken":[{"damage":4,"enemies":"Small Slimes","floor":1,"turns":4},{"damage":12,"enemies":"Cultist","floor":3,"turns":4},{"damage":7,"enemies":"Jaw Worm","floor":4,"turns":3},{"damage":26,"enemies":"Gremlin Nob","floor":6,"turns":4},{"damage":21,"enemies":"Blue Slaver","floor":7,"turns":4},{"damage":45,"enemies":"Lagavulin","floor":11,"turns":6}],"seed_played":"-2821055425755044786","potions_obtained":[{"floor":3,"key":"SpeedPotion"},{"floor":6,"key":"Swift Potion"}],"is_trial":false,"path_per_floor":["M","?","M","M","$","E","M","R","T","?"],"character_chosen":"IRONCLAD","items_purchased":["Headbutt"],"campfire_rested":0,"item_purchase_floors":[5],"current_hp_per_floor":[84,84,78,77,77,57,42,42,42,35,0],"gold":55,"neow_bonus":"TWENTY_PERCENT_HP_BONUS","is_prod":false,"is_daily":false,"chose_seed":false,"campfire_upgraded":1,"win_rate":0,"timestamp":1540936640,"path_taken":["M","?","M","M","?","E","M","R","T","?","E"],"build_version":"2018-10-25v2","purchased_purges":0,"victory":false,"max_hp_per_floor":[89,89,89,89,89,89,89,89,89,89,89],"card_choices":[{"not_picked":["Warcry","Iron Wave"],"picked":"Evolve","floor":1},{"not_picked":["Armaments","Clash"],"picked":"Carnage","floor":3},{"not_picked":["Flex","Wild Strike"],"picked":"Thunderclap","floor":4},{"not_picked":["True Grit","Warcry"],"picked":"Barricade","floor":6},{"not_picked":["Blood for Blood","Perfected Strike"],"picked":"Infernal Blade","floor":7}],"player_experience":1015673,"relics_obtained":[{"floor":6,"key":"Calipers"},{"floor":9,"key":"WingedGreaves"}],"event_choices":[{"damage_healed":0,"gold_gain":0,"player_choice":"Left Gold","damage_taken":0,"max_hp_gain":0,"max_hp_loss":0,"event_name":"World of Goop","floor":2,"gold_loss":17},{"cards_removed":["Strike_R"],"damage_healed":0,"gold_gain":0,"player_choice":"Card Removal","damage_taken":7,"max_hp_gain":0,"max_hp_loss":0,"event_name":"Golden Wing","floor":10,"gold_loss":0}],"is_beta":false,"boss_relics":[],"items_purged_floors":[],"is_endless":false,"potions_floor_spawned":[3,6],"killed_by":"Lagavulin","ascension_level":20}