{"gold_per_floor":[119,119,119,132,145,145,158,33,33,43,43],"floor_reached":11,"playtime":1059,"items_purged":["Strike_G"],"score":65,"play_id":"f0cacf60-f687-4e41-8c74-69ec6cabad38","local_time":"20180625115141","is_ascension_mode":false,"campfire_choices":[{"data":"Footwork","floor":6,"key":"SMITH"}],"neow_cost":"NONE","seed_source_timestamp":643248862947256,"circlet_count":0,"master_deck":["Defend_G+1","Defend_G","Defend_G","Defend_G","Defend_G+1","Strike_G","Strike_G","Strike_G","Strike_G","Survivor","Neutralize","Backflip","Footwork+1","Acrobatics","Backflip"],"relics":["Coffee Dripper","Question Card","Meat on the Bone"],"potions_floor_usage":[],"damage_taken":[{"damage":0,"enemies":"Jaw Worm","floor":1,"turns":4},{"damage":0,"enemies":"Small Slimes","floor":4,"turns":5},{"damage":0,"enemies":"2 Louse","floor":5,"turns":3},{"damage":1,"enemies":"Blue Slaver","floor":7,"turns":4},{"damage":8,"enemies":"Large Slime","floor":10,"turns":17},{"damage":13,"enemies":"Lagavulin Event","floor":11,"turns":13}],"seed_played":"5717991396848690193","potions_obtained":[],"is_trial":false,"path_per_floor":["M","?","?","M","M","R","M","$","T","M"],"character_chosen":"THE_SILENT","items_purchased":["Acrobatics"],"campfire_rested":0,"item_purchase_floors":[8],"current_hp_per_floor":[70,58,44,44,44,44,43,43,43,47,34],"gold":43,"neow_bonus":"BOSS_RELIC","is_prod":false,"is_daily":false,"chose_seed":false,"campfire_upgraded":1,"win_rate":0,"timestamp":1529941901,"path_taken":["M","?","?","M","M","R","M","?","T","?","?"],"build_version":"2018-06-21v2","purchased_purges":1,"victory":false,"max_hp_per_floor":[70,70,70,70,70,70,70,70,70,70,70],"card_choices":[{"not_picked":["PiercingWail","Outmaneuver"],"picked":"Backflip","floor":1},{"not_picked":["Riddle With Holes","Acrobatics","Bane"],"picked":"Footwork","floor":4},{"not_picked":["Leg Sweep","Dodge and Roll","Outmaneuver","Crippling Poison"],"picked":"SKIP","floor":5},{"not_picked":["Dodge and Roll","Night Terror","Calculated Gamble","Caltrops"],"picked":"SKIP","floor":7},{"not_picked":["Slice","Finisher","Choke"],"picked":"Backflip","floor":10}],"player_experience":42907,"relics_obtained":[{"floor":9,"key":"Meat on the Bone"}],"event_choices":[{"event_name":"Scrap Ooze","player_choice":"success","floor":2,"damage_taken":12},{"event_name":"Shining Light","player_choice":"Entered Light","floor":3,"damage_taken":0},{"event_name":"Dead Adventurer","player_choice":"Searched \u00271\u0027 times","floor":11,"damage_taken":0}],"boss_relics":[],"items_purged_floors":[8],"is_endless":false,"potions_floor_spawned":[11],"killed_by":"Lagavulin Event","ascension_level":0}