{"gold_per_floor":[114,114,128,128,148,148,180,50,50,84,104,104,104,120,120,197,197,213,229,229],"floor_reached":20,"playtime":1036,"items_purged":["Pain"],"score":393,"play_id":"5ad97c86-e371-4843-8d2a-e2a53067087b","local_time":"20181201113824","is_ascension_mode":true,"campfire_choices":[{"data":"Zap","floor":6,"key":"SMITH"},{"data":"Echo Form","floor":12,"key":"SMITH"},{"data":"Defragment","floor":15,"key":"SMITH"}],"neow_cost":"PERCENT_DAMAGE","seed_source_timestamp":512999765173823,"circlet_count":0,"master_deck":["AscendersBane","Strike_B","Strike_B","Strike_B","Strike_B","Defend_B","Defend_B","Defend_B","Defend_B","Zap+1","Dualcast","Streamline","Ball Lightning","Echo Form+1","Coolheaded","Hologram","Ball Lightning","Defragment+1","Echo Form","White Noise+1","Go for the Eyes"],"relics":["Cracked Core","WarpedTongs","Symbiotic Virus","Cables","Boot","FaceOfCleric","Nuclear Battery"],"potions_floor_usage":[7,11,20],"damage_taken":[{"damage":2,"enemies":"2 Louse","floor":1,"turns":3},{"damage":1,"enemies":"Cultist","floor":3,"turns":3},{"damage":7,"enemies":"Small Slimes","floor":5,"turns":3},{"damage":13,"enemies":"Gremlin Nob","floor":7,"turns":3},{"damage":10,"enemies":"3 Sentries","floor":10,"turns":5},{"damage":11,"enemies":"Exordium Thugs","floor":11,"turns":2},{"damage":0,"enemies":"Looter","floor":14,"turns":2},{"damage":4,"enemies":"The Guardian","floor":16,"turns":8},{"damage":10,"enemies":"2 Thieves","floor":18,"turns":3},{"damage":16,"enemies":"Shell Parasite","floor":19,"turns":3},{"damage":6,"enemies":"Colosseum Slavers","floor":20,"turns":4},{"damage":53,"enemies":"Colosseum Nobs","floor":20,"turns":4}],"seed_played":"-5792241590084046455","potions_obtained":[{"floor":1,"key":"Dexterity Potion"},{"floor":5,"key":"Strength Potion"},{"floor":10,"key":"Fruit Juice"},{"floor":11,"key":"Swift Potion"}],"is_trial":false,"path_per_floor":["M","?","M","?","M","R","E","$","T","E","M","R","?","M","R","B",null,"M","M","?"],"character_chosen":"DEFECT","items_purchased":["Hologram"],"campfire_rested":0,"item_purchase_floors":[8],"current_hp_per_floor":[44,81,80,80,73,73,60,60,60,50,44,44,44,45,45,42,77,68,53,0],"gold":229,"neow_bonus":"THREE_RARE_CARDS","is_prod":false,"is_daily":false,"chose_seed":false,"campfire_upgraded":3,"win_rate":0,"timestamp":1543682304,"path_taken":["M","?","?","?","M","R","E","?","T","E","M","R","?","M","R","BOSS","M","M","?"],"build_version":"2018-11-15","purchased_purges":1,"victory":false,"max_hp_per_floor":[71,81,81,81,81,81,81,81,81,81,86,86,86,87,87,88,88,89,90,91],"card_choices":[{"not_picked":["Rainbow","Meteor Strike"],"picked":"Echo Form","floor":0},{"not_picked":["Melter","Hologram"],"picked":"Streamline","floor":1},{"not_picked":["Compile Driver","Streamline"],"picked":"Ball Lightning","floor":3},{"not_picked":["Go for the Eyes","FTL"],"picked":"Echo Form","floor":5},{"not_picked":["Aggregate","Gash"],"picked":"Coolheaded","floor":7},{"not_picked":["Hello World","Reprogram"],"picked":"Ball Lightning","floor":10},{"not_picked":["Static Discharge","Leap","Rebound"],"picked":"SKIP","floor":11},{"not_picked":["Turbo","Beam Cell"],"picked":"Defragment","floor":14},{"not_picked":["Amplify","Rainbow"],"picked":"Echo Form","floor":16},{"not_picked":["Double Energy+1","Beam Cell"],"picked":"White Noise+1","floor":18},{"not_picked":["Ball Lightning","Turbo"],"picked":"Go for the Eyes","floor":19}],"player_experience":1216039,"relics_obtained":[{"floor":7,"key":"Symbiotic Virus"},{"floor":9,"key":"Cables"},{"floor":10,"key":"Boot"}],"event_choices":[{"cards_removed":["Echo Form"],"damage_healed":27,"gold_gain":0,"player_choice":"Offered Rare","damage_taken":0,"max_hp_gain":10,"max_hp_loss":0,"event_name":"Bonfire Elementals","floor":2,"gold_loss":0},{"damage_healed":0,"gold_gain":0,"player_choice":"Rummage","damage_taken":0,"relics_obtained":["WarpedTongs"],"max_hp_gain":0,"max_hp_loss":0,"event_name":"Accursed Blacksmith","floor":4,"gold_loss":0,"cards_obtained":["Pain"]},{"damage_healed":0,"gold_gain":0,"player_choice":"Trade","damage_taken":0,"relics_obtained":["FaceOfCleric"],"max_hp_gain":0,"max_hp_loss":0,"event_name":"FaceTrader","floor":13,"gold_loss":0},{"damage_healed":0,"gold_gain":0,"player_choice":"Fight","damage_taken":0,"max_hp_gain":0,"max_hp_loss":0,"event_name":"Colosseum","floor":20,"gold_loss":0},{"damage_healed":0,"gold_gain":0,"player_choice":"Fought Nobs","damage_taken":0,"max_hp_gain":0,"max_hp_loss":0,"event_name":"Colosseum","floor":20,"gold_loss":0}],"is_beta":false,"boss_relics":[{"not_picked":["Lizard Tail","Sozu"],"picked":"Nuclear Battery"}],"items_purged_floors":[8],"is_endless":false,"potions_floor_spawned":[1,5,10,11,20],"killed_by":"Colosseum Nobs","ascension_level":20}