{"gold_per_floor":[119,119,134,84,84,110,110,126,126,144,144,177,177,157,157,257,257,257,257,257,257,257,257,257,257,257,257,257,257,257,93,93,93,93,93,93,93,93,93],"floor_reached":39,"playtime":2663,"items_purged":["Strike_G"],"score":641,"play_id":"0c3d9ec6-1baa-4695-a371-97db657cf0db","local_time":"20190602081549","is_ascension_mode":true,"campfire_choices":[{"data":"Deflect","floor":7.0,"key":"SMITH"},{"data":"Dagger Spray","floor":11.0,"key":"SMITH"},{"data":"Backflip","floor":13.0,"key":"SMITH"},{"data":"Slice","floor":15.0,"key":"SMITH"},{"data":"Envenom","floor":24.0,"key":"SMITH"},{"floor":27.0,"key":"REST"},{"data":"Calculated Gamble","floor":29.0,"key":"SMITH"},{"floor":32,"key":"REST"}],"neow_cost":"NONE","seed_source_timestamp":0,"circlet_count":0,"master_deck":["Defend_G","Defend_G","Defend_G","Defend_G+1","Defend_G","Strike_G","Strike_G","Strike_G+1","Survivor","Neutralize+1","Deflect+1","Escape Plan","Dagger Spray+1","Slice+1","Backflip+1","Envenom+1","Blade Dance+1","Discovery","Crippling Poison","Slice+1","Noxious Fumes","Calculated Gamble+1","Backflip","Flash of Steel","Corpse Explosion","Backflip","Crippling Poison+1","Backflip+1"],"special_seed":0,"relics":["Ring of the Snake","NeowsBlessing","Paper Crane","Omamori","Art of War","Ectoplasm","Boot","MawBank","Happy Flower","Singing Bowl","HoveringKite"],"potions_floor_usage":[33,36,39],"damage_taken":[{"damage":0.0,"enemies":"Jaw Worm","floor":1.0,"turns":1.0},{"damage":0.0,"enemies":"Small Slimes","floor":3.0,"turns":1.0},{"damage":0.0,"enemies":"Lagavulin","floor":6.0,"turns":1.0},{"damage":0.0,"enemies":"Cultist","floor":8.0,"turns":4.0},{"damage":0.0,"enemies":"Blue Slaver","floor":10.0,"turns":5.0},{"damage":7.0,"enemies":"3 Sentries","floor":12.0,"turns":5.0},{"damage":37.0,"enemies":"Hexaghost","floor":16.0,"turns":12.0},{"damage":4.0,"enemies":"Chosen","floor":18.0,"turns":6.0},{"damage":8.0,"enemies":"Colosseum Slavers","floor":19.0,"turns":5.0},{"damage":7.0,"enemies":"Shell Parasite","floor":21.0,"turns":6.0},{"damage":0.0,"enemies":"Centurion and Healer","floor":22.0,"turns":5.0},{"damage":1.0,"enemies":"Book of Stabbing","floor":23.0,"turns":5.0},{"damage":11.0,"enemies":"Slavers","floor":25.0,"turns":6.0},{"damage":2.0,"enemies":"Cultist and Chosen","floor":28.0,"turns":6.0},{"damage":16.0,"enemies":"Book of Stabbing","floor":30.0,"turns":6.0},{"damage":29,"enemies":"Champ","floor":33,"turns":11},{"damage":16,"enemies":"3 Darklings","floor":35,"turns":8},{"damage":0,"enemies":"3 Shapes","floor":36,"turns":8},{"damage":12,"enemies":"Maw","floor":37,"turns":8},{"damage":24,"enemies":"Sphere and 2 Shapes","floor":38,"turns":6},{"damage":30,"enemies":"Transient","floor":39,"turns":5}],"seed_played":"-5888613291441535275","potions_obtained":[{"floor":3.0,"key":"LiquidBronze"},{"floor":8.0,"key":"SkillPotion"},{"floor":10.0,"key":"Regen Potion"},{"floor":14.0,"key":"SneckoOil"},{"floor":16.0,"key":"EntropicBrew"},{"floor":18.0,"key":"FearPotion"},{"floor":22.0,"key":"SkillPotion"},{"floor":23.0,"key":"Energy Potion"},{"floor":30.0,"key":"Swift Potion"},{"floor":33,"key":"Regen Potion"},{"floor":35,"key":"Weak Potion"},{"floor":38,"key":"SpeedPotion"}],"is_trial":false,"path_per_floor":["M","?","M","?","?","E","R","M","T","M","R","E","R","?","R","B",null,"M","?","?","M","M","E","R","E","T","R","M","R","E","$","R","B",null,"M","M","M","M","M"],"character_chosen":"THE_SILENT","items_purchased":["Flash of Steel"],"campfire_rested":2,"item_purchase_floors":[31],"current_hp_per_floor":[63,63,63,63,49,49,49,49,49,49,49,56,56,56,56,19,57,53,45,45,38,38,37,37,26,26,47,45,45,29,29,50,21,58,42,59,47,23,0],"gold":93,"neow_bonus":"THREE_ENEMY_KILL","is_prod":false,"is_daily":false,"chose_seed":false,"campfire_upgraded":6,"win_rate":0,"timestamp":1559477749,"path_taken":["M","?","M","?","?","E","R","M","T","M","R","E","R","?","R","BOSS","M","?","?","M","?","E","R","E","T","R","M","R","E","?","R","BOSS","M","M","M","M","M"],"build_version":"2019-01-23","purchased_purges":1,"victory":false,"max_hp_per_floor":[70,70,70,70,70,70,70,70,70,70,70,70,70,70,70,70,70,70,70,70,70,70,70,70,70,70,70,70,70,70,70,70,70,70,70,72,72,72,72],"card_choices":[{"not_picked":["Cloak And Dagger","Flechettes"],"picked":"Deflect","floor":1.0},{"not_picked":["Prepared","Well Laid Plans","Choke"],"picked":"SKIP","floor":3.0},{"not_picked":["Deflect","Dodge and Roll"],"picked":"Escape Plan","floor":6.0},{"not_picked":["Escape Plan","Poisoned Stab"],"picked":"Dagger Spray","floor":8.0},{"not_picked":["Endless Agony","Reflex"],"picked":"Slice","floor":10.0},{"not_picked":["Masterful Stab","Outmaneuver"],"picked":"Backflip","floor":12.0},{"not_picked":["Tools of the Trade","Adrenaline"],"picked":"Envenom","floor":16.0},{"not_picked":["Distraction","Sucker Punch"],"picked":"Blade Dance+1","floor":18.0},{"not_picked":["Dagger Throw","Dodge and Roll+1"],"picked":"Slice+1","floor":21.0},{"not_picked":["Deadly Poison","Dash+1"],"picked":"Noxious Fumes","floor":22.0},{"not_picked":["Setup+1","Finisher"],"picked":"Calculated Gamble","floor":23.0},{"not_picked":["Slice","Acrobatics","Cloak And Dagger"],"picked":"SKIP","floor":25.0},{"not_picked":["A Thousand Cuts","Quick Slash","Dagger Throw"],"picked":"SKIP","floor":28.0},{"not_picked":["All Out Attack","Underhanded Strike"],"picked":"Backflip","floor":30.0},{"not_picked":["Doppelganger","Unload"],"picked":"Corpse Explosion","floor":33},{"not_picked":["PiercingWail+1","Sucker Punch"],"picked":"Backflip","floor":35},{"not_picked":["Blade Dance","Choke+1","Dagger Throw"],"picked":"Singing Bowl","floor":36},{"not_picked":["Slice+1","Bane+1"],"picked":"Crippling Poison+1","floor":37},{"not_picked":["PiercingWail+1","Outmaneuver+1"],"picked":"Backflip+1","floor":38}],"player_experience":355014,"relics_obtained":[{"floor":6.0,"key":"Paper Crane"},{"floor":9.0,"key":"Omamori"},{"floor":12.0,"key":"Art of War"},{"floor":23.0,"key":"Boot"},{"floor":25.0,"key":"MawBank"},{"floor":26.0,"key":"Happy Flower"},{"floor":30.0,"key":"Singing Bowl"}],"event_choices":[{"damage_healed":0.0,"max_hp_gain":0.0,"max_hp_loss":0.0,"gold_gain":0.0,"event_name":"Living Wall","player_choice":"Grow","floor":2.0,"gold_loss":0.0,"damage_taken":0.0,"cards_upgraded":["Neutralize"]},{"cards_removed":["Strike_G"],"damage_healed":0.0,"max_hp_gain":0.0,"max_hp_loss":0.0,"gold_gain":0.0,"event_name":"The Cleric","player_choice":"Card Removal","floor":4.0,"gold_loss":50.0,"damage_taken":0.0},{"damage_healed":0.0,"max_hp_gain":0.0,"max_hp_loss":0.0,"gold_gain":0.0,"event_name":"Shining Light","player_choice":"Entered Light","floor":5.0,"gold_loss":0.0,"damage_taken":14.0,"cards_upgraded":["Defend_G","Strike_G"]},{"damage_healed":0.0,"max_hp_gain":0.0,"max_hp_loss":0.0,"gold_gain":0.0,"event_name":"The Woman in Blue","player_choice":"Bought 1 Potion","floor":14.0,"gold_loss":0.0,"damage_taken":0.0},{"damage_healed":0.0,"max_hp_gain":0.0,"max_hp_loss":0.0,"gold_gain":0.0,"event_name":"Colosseum","player_choice":"Fight","floor":19.0,"gold_loss":0.0,"damage_taken":0.0},{"damage_healed":0.0,"max_hp_gain":0.0,"max_hp_loss":0.0,"gold_gain":0.0,"event_name":"Colosseum","player_choice":"Fled From Nobs","floor":19.0,"gold_loss":0.0,"damage_taken":0.0},{"damage_healed":0.0,"max_hp_gain":0.0,"max_hp_loss":0.0,"gold_gain":0.0,"event_name":"Match and Keep!","player_choice":"2 cards matched","floor":20.0,"gold_loss":0.0,"damage_taken":0.0,"cards_obtained":["Discovery","Crippling Poison"]}],"is_beta":false,"boss_relics":[{"not_picked":["Lizard Tail","Coffee Dripper"],"picked":"Ectoplasm"},{"not_picked":["Sozu","White Beast Statue"],"picked":"HoveringKite"}],"items_purged_floors":[31],"is_endless":false,"potions_floor_spawned":[3,8,10,16,18,22,23,30,33,35,38],"killed_by":"Transient","ascension_level":6}