{"gold_per_floor":[113,38,38,61,61,102,102,141,165,165,184,184,184,218,218,313,313,327,343,2,20,43,43,76,76,100,136,157,157,173,21,21,117,117,130,5,5,61,1060,1060,264,264,264,283,323,13,31,47,47,47],"floor_reached":50,"playtime":2892,"items_purged":["Strike_R","Strike_R","Anger","Normality"],"score":1033,"play_id":"ea1a2e00-63f9-4812-9222-23660b16b228","local_time":"20181207143336","is_ascension_mode":true,"campfire_choices":[{"data":"Combust","floor":7,"key":"SMITH"},{"data":"Bash","floor":12,"key":"SMITH"},{"data":"Pommel Strike","floor":15,"key":"SMITH"},{"data":"Immolate","floor":23,"key":"SMITH"},{"floor":25,"key":"REST"},{"data":"True Grit","floor":29,"key":"SMITH"},{"floor":32,"key":"REST"},{"floor":40,"key":"REST"},{"floor":42,"key":"REST"},{"floor":49,"key":"RECALL"}],"neow_cost":"NONE","seed_source_timestamp":819660088828,"circlet_count":0,"master_deck":["AscendersBane","Defend_R","Defend_R+1","Defend_R","Defend_R","Bash+1","Combust+1","Shrug It Off+1","Clothesline+1","Pommel Strike+1","Rampage","Immolate+1","Infernal Blade+1","Twin Strike+1","Barricade+1","Warcry","True Grit+1","Disarm","Havoc+1","Body Slam+1","Metallicize","Flame Barrier","Offering","Demon Form","Trip","Iron Wave+1","Normality","Whirlwind","Spot Weakness","Spot Weakness","Apotheosis","Evolve"],"relics":["Burning Blood","NeowsBlessing","Golden Idol","Blood Vial","Strawberry","Orichalcum","Happy Flower","Astrolabe","OrangePellets","Pantograph","War Paint","Ancient Tea Set","Busted Crown","Champion Belt","Chemical X","Omamori","Pen Nib","Lantern"],"potions_floor_usage":[14,14,27,27,38,45,50,50],"damage_taken":[{"damage":0,"enemies":"Jaw Worm","floor":1,"turns":1},{"damage":0,"enemies":"Small Slimes","floor":4,"turns":1},{"damage":0,"enemies":"Gremlin Nob","floor":6,"turns":1},{"damage":30,"enemies":"Lagavulin","floor":8,"turns":7},{"damage":7,"enemies":"2 Louse","floor":11,"turns":2},{"damage":10,"enemies":"Gremlin Nob","floor":14,"turns":3},{"damage":25,"enemies":"Slime Boss","floor":16,"turns":7},{"damage":31,"enemies":"Shell Parasite","floor":18,"turns":7},{"damage":20,"enemies":"2 Thieves","floor":19,"turns":5},{"damage":3,"enemies":"Sentry and Sphere","floor":21,"turns":3},{"damage":7,"enemies":"Centurion and Healer","floor":22,"turns":5},{"damage":21,"enemies":"Gremlin Leader","floor":24,"turns":6},{"damage":39,"enemies":"Slavers","floor":27,"turns":4},{"damage":0,"enemies":"Snecko","floor":28,"turns":3},{"damage":2,"enemies":"Chosen and Byrds","floor":30,"turns":5},{"damage":17,"enemies":"Champ","floor":33,"turns":14},{"damage":16,"enemies":"Orb Walker","floor":35,"turns":4},{"damage":61,"enemies":"2 Orb Walkers","floor":38,"turns":5},{"damage":9,"enemies":"3 Shapes","floor":44,"turns":1},{"damage":41,"enemies":"Giant Head","floor":45,"turns":8},{"damage":6,"enemies":"3 Darklings","floor":47,"turns":4},{"damage":6,"enemies":"Maw","floor":48,"turns":6},{"damage":53,"enemies":"Awakened One","floor":50,"turns":6}],"seed_played":"-510802910447771297","potions_obtained":[{"floor":1,"key":"Explosive Potion"},{"floor":8,"key":"Poison Potion"},{"floor":11,"key":"BloodPotion"},{"floor":19,"key":"Weak Potion"},{"floor":24,"key":"PowerPotion"},{"floor":27,"key":"PowerPotion"},{"floor":28,"key":"GamblersBrew"},{"floor":30,"key":"Dexterity Potion"},{"floor":44,"key":"Swift Potion"}],"is_trial":false,"path_per_floor":["M","$","?","M","?","E","R","E","T","?","M","R","?","E","R","B",null,"M","M","$","M","M","R","E","R","T","E","M","R","M","$","R","B",null,"M","$","?","?","?","R","$","R","T","M","E","$","M","M","R","B"],"character_chosen":"IRONCLAD","items_purchased":["OrangePellets","True Grit","Offering","Whirlwind","Chemical X","Spot Weakness","Omamori","Pen Nib","Apotheosis","Block Potion","Evolve"],"campfire_rested":4,"item_purchase_floors":[20,20,31,41,41,41,41,41,46,46,46],"current_hp_per_floor":[74,74,48,54,54,60,60,45,45,45,46,46,46,52,52,35,70,47,35,35,40,41,41,28,52,52,21,29,29,35,35,59,71,79,71,71,61,8,8,32,32,56,56,55,22,22,24,26,26,0],"gold":47,"neow_bonus":"THREE_ENEMY_KILL","is_prod":false,"is_daily":false,"chose_seed":false,"campfire_upgraded":5,"win_rate":0,"timestamp":1544211216,"path_taken":["M","$","?","M","?","E","R","E","T","?","M","R","?","E","R","BOSS","M","?","$","M","M","R","E","R","T","E","M","R","M","$","R","BOSS","M","$","?","?","?","R","$","R","T","?","E","$","M","M","R","BOSS"],"build_version":"2018-12-06","purchased_purges":4,"victory":false,"max_hp_per_floor":[75,75,75,75,75,75,75,82,82,82,82,82,82,82,82,82,82,82,82,82,82,82,82,82,82,82,82,82,82,82,82,82,82,82,82,82,82,82,82,82,82,82,82,82,82,82,82,82,82,82],"card_choices":[{"not_picked":["Anger","Infernal Blade"],"picked":"Combust","floor":1},{"not_picked":["Cleave","Havoc"],"picked":"Anger","floor":4},{"not_picked":["Shockwave","Twin Strike"],"picked":"Shrug It Off","floor":6},{"not_picked":["Barricade","Flex"],"picked":"Clothesline","floor":8},{"not_picked":["Metallicize","Cleave"],"picked":"Pommel Strike","floor":11},{"not_picked":["Iron Wave","Wild Strike"],"picked":"Rampage","floor":14},{"not_picked":["Feed","Juggernaut"],"picked":"Immolate","floor":16},{"not_picked":["Pommel Strike","Havoc","Sword Boomerang"],"picked":"SKIP","floor":18},{"not_picked":["Sword Boomerang","Pommel Strike"],"picked":"Warcry","floor":19},{"not_picked":["Rampage","Twin Strike"],"picked":"Disarm","floor":21},{"not_picked":["Combust","Sentinel"],"picked":"Havoc+1","floor":22},{"not_picked":["Uppercut","Whirlwind"],"picked":"Body Slam+1","floor":24},{"not_picked":["Clash","Havoc","Iron Wave"],"picked":"SKIP","floor":27},{"not_picked":["Body Slam","Warcry"],"picked":"Metallicize","floor":28},{"not_picked":["Pommel Strike","Body Slam"],"picked":"Flame Barrier","floor":30},{"not_picked":["Immolate","Fiend Fire"],"picked":"Demon Form","floor":33},{"not_picked":["Carnage"],"picked":"SKIP","floor":35},{"not_picked":[],"picked":"Trip","floor":37},{"not_picked":[],"picked":"Iron Wave+1","floor":38},{"not_picked":[],"picked":"Spot Weakness","floor":44},{"not_picked":["Flex+1"],"picked":"SKIP","floor":45},{"not_picked":["Bloodletting"],"picked":"SKIP","floor":47},{"not_picked":["Havoc"],"picked":"SKIP","floor":48}],"player_experience":1237063,"relics_obtained":[{"floor":6,"key":"Blood Vial"},{"floor":8,"key":"Strawberry"},{"floor":9,"key":"Orichalcum"},{"floor":14,"key":"Happy Flower"},{"floor":24,"key":"Pantograph"},{"floor":26,"key":"War Paint"},{"floor":27,"key":"Ancient Tea Set"},{"floor":38,"key":"Champion Belt"},{"floor":45,"key":"Lantern"}],"event_choices":[{"damage_healed":0,"gold_gain":0,"player_choice":"Take Damage","damage_taken":26,"relics_obtained":["Golden Idol"],"max_hp_gain":0,"max_hp_loss":0,"event_name":"Golden Idol","floor":3,"gold_loss":0},{"damage_healed":0,"gold_gain":0,"player_choice":"Leave","damage_taken":0,"max_hp_gain":0,"max_hp_loss":0,"event_name":"The Cleric","floor":5,"gold_loss":0},{"damage_healed":0,"gold_gain":0,"player_choice":"Ignored","damage_taken":0,"max_hp_gain":0,"max_hp_loss":0,"event_name":"Liars Game","floor":10,"gold_loss":0},{"damage_healed":0,"gold_gain":0,"player_choice":"Upgraded","damage_taken":0,"max_hp_gain":0,"max_hp_loss":0,"event_name":"Upgrade Shrine","floor":13,"gold_loss":0,"cards_upgraded":["Clothesline"]},{"damage_healed":0,"gold_gain":0,"player_choice":"Memory 3","damage_taken":10,"max_hp_gain":0,"max_hp_loss":0,"event_name":"SensoryStone","floor":37,"gold_loss":0},{"damage_healed":0,"gold_gain":0,"player_choice":"Fight","damage_taken":0,"max_hp_gain":0,"max_hp_loss":0,"event_name":"Mysterious Sphere","floor":38,"gold_loss":0},{"damage_healed":0,"gold_gain":999,"player_choice":"Gold","damage_taken":0,"max_hp_gain":0,"max_hp_loss":0,"event_name":"MindBloom","floor":39,"gold_loss":0,"cards_obtained":["Normality","Normality"]}],"is_beta":false,"boss_relics":[{"not_picked":["Philosopher\u0027s Stone","Mark of Pain"],"picked":"Astrolabe"},{"not_picked":["Runic Dome","Tiny House"],"picked":"Busted Crown"}],"items_purged_floors":[2,20,36,41],"is_endless":false,"potions_floor_spawned":[1,8,11,19,24,27,28,30,35,44,47],"killed_by":"Awakened One","ascension_level":15}