{"gold_per_floor":[115,190,190,209,209,209,253,253,304,304],"floor_reached":10,"playtime":354,"items_purged":[],"score":128,"play_id":"1d6b34a1-c673-412f-a102-78c832ea7577","local_time":"20181117122426","is_ascension_mode":true,"campfire_choices":[{"data":"Bash","floor":6,"key":"SMITH"},{"floor":8,"key":"REST"}],"neow_cost":"CURSE","seed_source_timestamp":261034022771730,"circlet_count":0,"master_deck":["AscendersBane","Strike_R","Strike_R","Strike_R","Strike_R","Strike_R","Defend_R","Defend_R","Defend_R","Defend_R","Bash+1","Doubt","Combust","Shockwave"],"relics":["Burning Blood","Incense Burner","Golden Idol","Blood Vial"],"potions_floor_usage":[],"damage_taken":[{"damage":26,"enemies":"Small Slimes","floor":1,"turns":5},{"damage":5,"enemies":"Jaw Worm","floor":4,"turns":4},{"damage":33,"enemies":"Gremlin Nob","floor":7,"turns":5},{"damage":41,"enemies":"3 Sentries","floor":10,"turns":7}],"seed_played":"219665860388913258","potions_obtained":[{"floor":7,"key":"LiquidBronze"}],"is_trial":false,"path_per_floor":["M","?","?","M","?","R","E","R","T","E"],"character_chosen":"IRONCLAD","items_purchased":[],"campfire_rested":1,"item_purchase_floors":[],"current_hp_per_floor":[48,37,37,38,43,43,16,37,37,0],"gold":304,"neow_bonus":"ONE_RARE_RELIC","is_prod":false,"is_daily":false,"chose_seed":false,"campfire_upgraded":1,"win_rate":0,"timestamp":1542475466,"path_taken":["M","?","?","M","?","R","E","R","T","E"],"build_version":"2018-11-15","purchased_purges":0,"victory":false,"max_hp_per_floor":[75,75,68,68,73,73,73,73,73,73],"card_choices":[{"not_picked":["Perfected Strike","Twin Strike"],"picked":"Combust","floor":1},{"not_picked":["Thunderclap","Heavy Blade"],"picked":"Shockwave","floor":4},{"not_picked":["Carnage","Sever Soul","Sentinel"],"picked":"SKIP","floor":7}],"player_experience":1084500,"relics_obtained":[{"floor":7,"key":"Blood Vial"}],"event_choices":[{"damage_healed":0,"gold_gain":75,"player_choice":"Gather Gold","damage_taken":11,"max_hp_gain":0,"max_hp_loss":0,"event_name":"World of Goop","floor":2,"gold_loss":0},{"damage_healed":0,"gold_gain":0,"player_choice":"Lose Max HP","damage_taken":0,"relics_obtained":["Golden Idol"],"max_hp_gain":0,"max_hp_loss":7,"event_name":"Golden Idol","floor":3,"gold_loss":0},{"damage_healed":0,"gold_gain":0,"player_choice":"Donut","damage_taken":0,"max_hp_gain":5,"max_hp_loss":0,"event_name":"Big Fish","floor":5,"gold_loss":0}],"is_beta":false,"boss_relics":[],"items_purged_floors":[],"is_endless":false,"potions_floor_spawned":[7],"killed_by":"3 Sentries","ascension_level":20}