{"gold_per_floor":[111,111,111,124,124,156,170,170,170,183,183,53,64,97,97,174,174,185,195,213,232,47,47,47],"floor_reached":24,"playtime":1073,"items_purged":[],"score":466,"play_id":"d67e46e4-f130-46b9-8685-01bcc17e0353","local_time":"20181123144749","is_ascension_mode":true,"campfire_choices":[{"data":"Havoc","floor":11,"key":"SMITH"},{"floor":15,"key":"REST"},{"floor":23,"key":"REST"}],"neow_cost":"NONE","seed_source_timestamp":228592765218750,"circlet_count":0,"master_deck":["AscendersBane","Strike_R","Strike_R","Defend_R","Defend_R","Defend_R","Defend_R","Bash","True Grit+1","Dark Embrace","Havoc+1","Wild Strike","Uppercut+1","Pommel Strike","Bludgeon","Immolate","Offering+1","Impervious+1","Battle Trance+1","Evolve","Thunderclap+1","Headbutt","Apotheosis","True Grit"],"relics":["Burning Blood","NeowsBlessing","Pear","Orichalcum","The Courier","Oddly Smooth Stone","Strawberry","Astrolabe"],"potions_floor_usage":[13,16,24,24],"damage_taken":[{"damage":0,"enemies":"2 Louse","floor":1,"turns":1},{"damage":0,"enemies":"Cultist","floor":4,"turns":1},{"damage":0,"enemies":"Lagavulin","floor":6,"turns":1},{"damage":2,"enemies":"Jaw Worm","floor":7,"turns":4},{"damage":8,"enemies":"Large Slime","floor":10,"turns":5},{"damage":38,"enemies":"Gremlin Gang","floor":13,"turns":7},{"damage":20,"enemies":"Gremlin Nob","floor":14,"turns":4},{"damage":18,"enemies":"Hexaghost","floor":16,"turns":9},{"damage":30,"enemies":"3 Byrds","floor":18,"turns":9},{"damage":18,"enemies":"Shell Parasite","floor":19,"turns":8},{"damage":30,"enemies":"Snake Plant","floor":20,"turns":6},{"damage":11,"enemies":"Centurion and Healer","floor":21,"turns":6},{"damage":63,"enemies":"Book of Stabbing","floor":24,"turns":5}],"seed_played":"-839790960929988387","potions_obtained":[{"floor":6,"key":"LiquidBronze"},{"floor":7,"key":"Poison Potion"},{"floor":10,"key":"Weak Potion"},{"floor":16,"key":"SpeedPotion"},{"floor":20,"key":"Swift Potion"},{"floor":21,"key":"Regen Potion"}],"is_trial":false,"path_per_floor":["M","?","?","M","?","E","M","?","T","M","R","$","M","E","R","B",null,"M","M","M","M","$","R","E"],"character_chosen":"IRONCLAD","items_purchased":["Oddly Smooth Stone","Apotheosis","True Grit"],"campfire_rested":2,"item_purchase_floors":[12,22,22],"current_hp_per_floor":[74,74,74,75,50,56,60,60,60,58,58,58,26,19,46,34,78,54,42,18,13,13,40,0],"gold":47,"neow_bonus":"THREE_ENEMY_KILL","is_prod":false,"is_daily":false,"chose_seed":false,"campfire_upgraded":1,"win_rate":0,"timestamp":1543002469,"path_taken":["M","?","?","?","?","E","M","?","T","M","R","$","M","E","R","BOSS","M","M","M","M","$","R","E"],"build_version":"2018-11-15","purchased_purges":0,"victory":false,"max_hp_per_floor":[75,75,75,75,85,85,85,85,85,85,85,85,85,92,92,92,92,92,92,92,92,92,92,92],"card_choices":[{"not_picked":["Armaments","Iron Wave"],"picked":"True Grit","floor":1},{"not_picked":["Flex","Clothesline"],"picked":"Havoc","floor":4},{"not_picked":["Sever Soul","Heavy Blade"],"picked":"Wild Strike","floor":6},{"not_picked":["Barricade","Clothesline"],"picked":"Uppercut","floor":7},{"not_picked":["Heavy Blade","Anger"],"picked":"Pommel Strike","floor":10},{"not_picked":["Anger","Bloodletting","Wild Strike"],"picked":"SKIP","floor":13},{"not_picked":["Anger","True Grit"],"picked":"Bludgeon","floor":14},{"not_picked":["Bludgeon","Feed"],"picked":"Immolate","floor":16},{"not_picked":["Iron Wave","Infernal Blade"],"picked":"Evolve","floor":18},{"not_picked":["Cleave","Sword Boomerang"],"picked":"Thunderclap+1","floor":19},{"not_picked":["Clash","Thunderclap","Flex"],"picked":"SKIP","floor":20},{"not_picked":["Rupture","Blood for Blood+1"],"picked":"Headbutt","floor":21}],"player_experience":1148532,"relics_obtained":[{"floor":6,"key":"Orichalcum"},{"floor":9,"key":"The Courier"},{"floor":14,"key":"Strawberry"}],"event_choices":[{"damage_healed":0,"gold_gain":0,"player_choice":"Grow","damage_taken":0,"max_hp_gain":0,"max_hp_loss":0,"event_name":"Living Wall","floor":2,"gold_loss":0,"cards_upgraded":["True Grit"]},{"damage_healed":0,"gold_gain":0,"player_choice":"1 cards matched","damage_taken":0,"max_hp_gain":0,"max_hp_loss":0,"event_name":"Match and Keep!","floor":3,"gold_loss":0,"cards_obtained":["Dark Embrace"]},{"damage_healed":0,"gold_gain":0,"player_choice":"Success","damage_taken":35,"relics_obtained":["Pear"],"max_hp_gain":0,"max_hp_loss":0,"event_name":"Scrap Ooze","floor":5,"gold_loss":0},{"damage_healed":0,"gold_gain":0,"player_choice":"Upgraded","damage_taken":0,"max_hp_gain":0,"max_hp_loss":0,"event_name":"Upgrade Shrine","floor":8,"gold_loss":0,"cards_upgraded":["Uppercut"]}],"is_beta":false,"boss_relics":[{"not_picked":["Orrery","Coffee Dripper"],"picked":"Astrolabe"}],"items_purged_floors":[],"is_endless":false,"potions_floor_spawned":[6,7,10,16,20,21],"killed_by":"Book of Stabbing","ascension_level":20}