{"gold_per_floor":[15,15,39,63,63,63,103,103,103,121,144,144,164,182,182,310,373,387,406,406,406,406],"floor_reached":22,"playtime":1154,"items_purged":[],"score":197,"play_id":"8bb776b4-7c56-4cde-9bd9-d8c199aa6a69","local_time":"20190709162900","is_ascension_mode":true,"campfire_choices":[{"data":"Seeing Red","floor":6,"key":"SMITH"},{"floor":8,"key":"REST"},{"floor":12,"key":"RECALL"},{"floor":15,"key":"REST"}],"neow_cost":"NO_GOLD","seed_source_timestamp":302781551899229,"circlet_count":0,"master_deck":["Strike_R","Strike_R","Strike_R","Strike_R","Strike_R","Defend_R","Defend_R","Defend_R","Defend_R","Bash","Demon Form","Twin Strike","Seeing Red+1","Flex+1","Exhume","Evolve","Cleave","Whirlwind","Reaper","Flame Barrier","Spot Weakness","Iron Wave+1"],"relics":["Burning Blood","Bloody Idol","NlothsMask","Mercury Hourglass","Tiny House"],"potions_floor_usage":[16,16,16,22],"damage_taken":[{"damage":5,"enemies":"Cultist","floor":1,"turns":4},{"damage":5,"enemies":"Small Slimes","floor":3,"turns":4},{"damage":15,"enemies":"Jaw Worm","floor":4,"turns":4},{"damage":21,"enemies":"Lagavulin","floor":7,"turns":5},{"damage":10,"enemies":"Looter","floor":10,"turns":3},{"damage":1,"enemies":"3 Louse","floor":11,"turns":4},{"damage":26,"enemies":"Exordium Thugs","floor":13,"turns":3},{"damage":15,"enemies":"Looter","floor":14,"turns":3},{"damage":17,"enemies":"Slime Boss","floor":16,"turns":6},{"damage":35,"enemies":"2 Thieves","floor":18,"turns":3},{"damage":5,"enemies":"Spheric Guardian","floor":19,"turns":3},{"damage":73,"enemies":"Centurion and Healer","floor":22,"turns":10}],"seed_played":"-602447208345622369","potions_obtained":[{"floor":1,"key":"Energy Potion"},{"floor":13,"key":"Weak Potion"},{"floor":14,"key":"Swift Potion"},{"floor":16,"key":"Weak Potion"},{"floor":17,"key":"Ancient Potion"},{"floor":18,"key":"Ancient Potion"}],"is_trial":false,"path_per_floor":["M","?","M","M","?","R","E","R","T","M","M","R","M","M","R","B",null,"M","M","?","?","M"],"character_chosen":"IRONCLAD","items_purchased":[],"campfire_rested":2,"item_purchase_floors":[],"current_hp_per_floor":[80,60,61,52,52,52,37,61,61,57,62,62,42,33,57,46,85,56,57,57,57,0],"gold":406,"neow_bonus":"THREE_RARE_CARDS","is_prod":false,"is_daily":false,"chose_seed":false,"campfire_upgraded":1,"win_rate":0,"timestamp":1562714940,"path_taken":["M","?","M","M","?","R","E","R","T","M","M","R","?","M","R","BOSS","M","M","?","?","M"],"build_version":"2019-07-05","purchased_purges":0,"victory":false,"max_hp_per_floor":[80,80,80,80,80,80,80,80,80,80,80,80,80,80,80,80,85,85,85,85,85,85],"card_choices":[{"not_picked":["Brutality","Reaper"],"picked":"Demon Form","floor":0},{"not_picked":["Rampage","Clash"],"picked":"Twin Strike","floor":1},{"not_picked":["Twin Strike","Second Wind"],"picked":"Seeing Red","floor":3},{"not_picked":["Sword Boomerang","Entrench"],"picked":"Flex","floor":4},{"not_picked":["Twin Strike","Headbutt"],"picked":"Exhume","floor":7},{"not_picked":["Wild Strike","Dropkick"],"picked":"Evolve","floor":10},{"not_picked":["Anger","Second Wind"],"picked":"Cleave","floor":11},{"not_picked":["Warcry","Wild Strike","Thunderclap"],"picked":"SKIP","floor":13},{"not_picked":["Burning Pact","Flex"],"picked":"Whirlwind","floor":14},{"not_picked":["Offering","Brutality"],"picked":"Reaper","floor":16},{"not_picked":["Blood for Blood","Sword Boomerang"],"picked":"Flame Barrier","floor":17},{"not_picked":["Searing Blow+1","Hemokinesis+1"],"picked":"Spot Weakness","floor":18},{"not_picked":["Sever Soul","Clothesline+1"],"picked":"Iron Wave+1","floor":19}],"player_experience":245132,"relics_obtained":[{"floor":7,"key":"Mercury Hourglass"}],"event_choices":[{"damage_healed":0,"gold_gain":0,"player_choice":"Take Damage","damage_taken":20,"relics_obtained":["Golden Idol"],"max_hp_gain":0,"max_hp_loss":0,"event_name":"Golden Idol","floor":2,"gold_loss":0},{"damage_healed":0,"gold_gain":0,"player_choice":"Trade","damage_taken":0,"relics_obtained":["NlothsMask"],"max_hp_gain":0,"max_hp_loss":0,"event_name":"FaceTrader","floor":5,"gold_loss":0},{"damage_healed":0,"gold_gain":0,"player_choice":"Ignored","damage_taken":0,"max_hp_gain":0,"max_hp_loss":0,"event_name":"Cursed Tome","floor":20,"gold_loss":0},{"damage_healed":0,"gold_gain":0,"player_choice":"Gave Idol","damage_taken":0,"relics_obtained":["Bloody Idol"],"max_hp_gain":0,"max_hp_loss":0,"event_name":"Forgotten Altar","floor":21,"relics_lost":["Golden Idol"],"gold_loss":0}],"is_beta":false,"boss_relics":[{"not_picked":["Black Star","Empty Cage"],"picked":"Tiny House"}],"items_purged_floors":[],"is_endless":false,"potions_floor_spawned":[1,13,14,16,18],"killed_by":"Centurion and Healer","ascension_level":1}