{"gold_per_floor":[111,111,111,126,126,126,170,194,274,274,274,274,274],"floor_reached":13,"playtime":347,"items_purged":[],"score":162,"play_id":"68c5b7fe-5467-4a53-8c7d-08dfd7f8cb4e","local_time":"20190602215152","is_ascension_mode":true,"campfire_choices":[{"data":"Bash","floor":6,"key":"SMITH"},{"data":"Metallicize","floor":10,"key":"SMITH"},{"data":"Sword Boomerang","floor":12,"key":"SMITH"}],"neow_cost":"NONE","seed_source_timestamp":268706828884895,"circlet_count":0,"master_deck":["AscendersBane","Strike_R","Strike_R","Strike_R","Strike_R","Defend_R","Defend_R","Defend_R","Defend_R","Bash+1","Metallicize+1","Shrug It Off","Shrug It Off","Sword Boomerang+1"],"relics":["Burning Blood","PreservedInsect","Golden Idol","Singing Bowl","Ornamental Fan"],"potions_floor_usage":[4,4,7],"damage_taken":[{"damage":10,"enemies":"2 Louse","floor":1,"turns":3},{"damage":32,"enemies":"Jaw Worm","floor":4,"turns":10},{"damage":29,"enemies":"Lagavulin","floor":7,"turns":5},{"damage":4,"enemies":"Small Slimes","floor":8,"turns":4},{"damage":28,"enemies":"Gremlin Gang","floor":13,"turns":2}],"seed_played":"-305907592906613745","potions_obtained":[{"floor":0,"key":"Regen Potion"},{"floor":0,"key":"Strength Potion"},{"floor":1,"key":"Regen Potion"},{"floor":4,"key":"BloodPotion"}],"is_trial":false,"path_per_floor":["M","?","?","M","?","R","E","M","T","R","?","R","M"],"character_chosen":"IRONCLAD","items_purchased":[],"campfire_rested":0,"item_purchase_floors":[],"current_hp_per_floor":[64,38,12,40,33,33,17,19,19,19,24,24,0],"gold":274,"neow_bonus":"THREE_SMALL_POTIONS","is_prod":false,"is_daily":false,"chose_seed":false,"campfire_upgraded":3,"win_rate":0,"timestamp":1559526712,"path_taken":["M","?","?","M","?","R","E","M","T","R","?","R","?"],"build_version":"2019-01-23","purchased_purges":0,"victory":false,"max_hp_per_floor":[75,75,75,75,75,75,75,75,75,75,80,80,80],"card_choices":[{"not_picked":["Seeing Red","Perfected Strike"],"picked":"Metallicize","floor":1},{"not_picked":["Iron Wave","Twin Strike"],"picked":"Shrug It Off","floor":4},{"not_picked":["Heavy Blade","Twin Strike"],"picked":"Shrug It Off","floor":7},{"not_picked":["Thunderclap","Twin Strike"],"picked":"Sword Boomerang","floor":8}],"player_experience":1445147,"relics_obtained":[{"floor":7,"key":"Singing Bowl"},{"floor":9,"key":"Ornamental Fan"}],"event_choices":[{"damage_healed":0,"gold_gain":0,"player_choice":"Success","damage_taken":26,"relics_obtained":["PreservedInsect"],"max_hp_gain":0,"max_hp_loss":0,"event_name":"Scrap Ooze","floor":2,"gold_loss":0},{"damage_healed":0,"gold_gain":0,"player_choice":"Take Damage","damage_taken":26,"relics_obtained":["Golden Idol"],"max_hp_gain":0,"max_hp_loss":0,"event_name":"Golden Idol","floor":3,"gold_loss":0},{"cards_removed":["Strike_R"],"damage_healed":0,"gold_gain":0,"player_choice":"Card Removal","damage_taken":7,"max_hp_gain":0,"max_hp_loss":0,"event_name":"Golden Wing","floor":5,"gold_loss":0},{"damage_healed":0,"gold_gain":0,"player_choice":"Donut","damage_taken":0,"max_hp_gain":5,"max_hp_loss":0,"event_name":"Big Fish","floor":11,"gold_loss":0}],"is_beta":false,"boss_relics":[],"items_purged_floors":[],"is_endless":false,"potions_floor_spawned":[1,4],"killed_by":"Gremlin Gang","ascension_level":20}