{"gold_per_floor":[113,113,123,140,159,185,185,185,185,2,45,45,65,85,85,205,205,219,243,257,8,23,58,58,92,92,92],"floor_reached":27,"playtime":1695,"items_purged":[],"score":441,"play_id":"0e170e51-bd5c-42b9-82ae-c77ea5996697","local_time":"20180728185332","is_ascension_mode":true,"campfire_choices":[{"data":"Flex","floor":7,"key":"SMITH"},{"data":"Bash","floor":12,"key":"SMITH"},{"data":"True Grit","floor":15,"key":"SMITH"},{"data":"Limit Break","floor":24,"key":"SMITH"}],"neow_cost":"FIFTY_PERCENT_DAMAGE","seed_source_timestamp":1466618762088349,"circlet_count":0,"master_deck":["Bash+1","Whirlwind","Carnage","Armaments","Flex+1","Clash+1","Feel No Pain","Dramatic Entrance+1","True Grit+1","Cleave+1","Headbutt+1","Iron Wave+1","Limit Break+1","Evolve","Clothesline+1","Shrug It Off","Anger+1","Wild Strike+1","Anger+1","Body Slam+1","Rage","Rage+1","Heavy Blade+1","Armaments","Searing Blow+1","True Grit","True Grit+1","Spot Weakness+1","Headbutt+1"],"relics":["Burning Blood","Molten Egg 2","Golden Idol","Letter Opener","Blue Candle","Pandora\u0027s Box","Pen Nib","Art of War","Lantern","Bag of Preparation"],"potions_floor_usage":[6,6,6,11,23,25,25],"damage_taken":[{"damage":14,"enemies":"Jaw Worm","floor":1,"turns":4},{"damage":0,"enemies":"2 Louse","floor":3,"turns":2},{"damage":1,"enemies":"Cultist","floor":4,"turns":3},{"damage":10,"enemies":"Looter","floor":5,"turns":4},{"damage":16,"enemies":"Lagavulin","floor":6,"turns":5},{"damage":16,"enemies":"Gremlin Nob","floor":11,"turns":3},{"damage":0,"enemies":"Blue Slaver","floor":13,"turns":3},{"damage":0,"enemies":"Large Slime","floor":14,"turns":4},{"damage":0,"enemies":"Slime Boss","floor":16,"turns":6},{"damage":5,"enemies":"Chosen","floor":18,"turns":3},{"damage":9,"enemies":"3 Byrds","floor":19,"turns":4},{"damage":6,"enemies":"3 Cultists","floor":20,"turns":5},{"damage":18,"enemies":"Slaver and Parasite","floor":22,"turns":4},{"damage":32,"enemies":"Slavers","floor":23,"turns":7},{"damage":14,"enemies":"Book of Stabbing","floor":25,"turns":5},{"damage":42,"enemies":"Gremlin Leader","floor":27,"turns":4}],"seed_played":"-7929870190781548576","potions_obtained":[{"floor":3,"key":"Weak Potion"},{"floor":4,"key":"Swift Potion"},{"floor":5,"key":"Dexterity Potion"},{"floor":6,"key":"PowerPotion"},{"floor":13,"key":"LiquidBronze"},{"floor":19,"key":"BloodPotion"},{"floor":20,"key":"SneckoOil"},{"floor":22,"key":"Block Potion"}],"is_trial":false,"path_per_floor":["M","?","M","M","M","E","R","?","T","$","E","R","M","M","R","B",null,"M","M","M","$","M","E","R","E","T"],"character_chosen":"IRONCLAD","items_purchased":["Feel No Pain","Dramatic Entrance+1","True Grit","Searing Blow+1","Pen Nib","True Grit"],"campfire_rested":0,"item_purchase_floors":[10,10,10,21,21,21],"current_hp_per_floor":[36,29,35,40,36,26,26,26,26,26,16,16,22,28,28,34,75,76,73,73,73,61,35,35,35,35,0],"gold":92,"neow_bonus":"TWENTY_PERCENT_HP_BONUS","is_prod":false,"is_daily":false,"chose_seed":false,"campfire_upgraded":4,"win_rate":0,"timestamp":1532818412,"path_taken":["M","?","M","M","M","E","R","?","T","$","E","R","M","M","R","BOSS","M","M","M","$","M","E","R","E","T","E"],"build_version":"2018-07-26","purchased_purges":0,"victory":false,"max_hp_per_floor":[96,96,96,96,96,96,96,89,89,89,89,89,89,89,89,89,89,89,89,89,89,89,89,89,89,89,89],"card_choices":[{"not_picked":["Pommel Strike","Evolve"],"picked":"Whirlwind","floor":1},{"not_picked":["Havoc","Fire Breathing"],"picked":"Carnage","floor":3},{"not_picked":["Havoc","Carnage"],"picked":"Armaments","floor":4},{"not_picked":["Rupture","Cleave"],"picked":"Flex","floor":5},{"not_picked":["True Grit","Sword Boomerang"],"picked":"Clash","floor":6},{"not_picked":["Power Through","Rage"],"picked":"Cleave+1","floor":11},{"not_picked":["Perfected Strike+1","Pummel+1"],"picked":"Headbutt+1","floor":13},{"not_picked":["Pummel+1","Reckless Charge+1"],"picked":"Iron Wave+1","floor":14},{"not_picked":["Bludgeon+1","Exhume"],"picked":"Limit Break","floor":16},{"not_picked":["Clothesline+1","Seeing Red"],"picked":"Rage+1","floor":18},{"not_picked":["Thunderclap+1","True Grit+1"],"picked":"Heavy Blade+1","floor":19},{"not_picked":["Anger+1","Disarm"],"picked":"Armaments","floor":20},{"not_picked":["Flame Barrier","Sword Boomerang+1"],"picked":"True Grit+1","floor":22},{"not_picked":["Armaments","Blood for Blood+1"],"picked":"Spot Weakness+1","floor":23},{"not_picked":["Entrench+1","Anger+1"],"picked":"Headbutt+1","floor":25}],"player_experience":353977,"relics_obtained":[{"floor":6,"key":"Molten Egg 2"},{"floor":9,"key":"Letter Opener"},{"floor":11,"key":"Blue Candle"},{"floor":23,"key":"Art of War"},{"floor":25,"key":"Lantern"},{"floor":26,"key":"Bag of Preparation"}],"event_choices":[{"event_name":"Golden Wing","player_choice":"Card Removal","floor":2,"damage_taken":0},{"event_name":"Golden Idol","player_choice":"Lose Max HP","floor":8,"damage_taken":0}],"is_beta":false,"boss_relics":[{"not_picked":["Runic Dome","Lizard Tail"],"picked":"Pandora\u0027s Box"}],"items_purged_floors":[],"is_endless":false,"potions_floor_spawned":[3,4,5,6,13,19,20,22],"killed_by":"Gremlin Leader","ascension_level":8}