{"gold_per_floor":[119,129,129,44,57,97,97,131,131,96,116,139,163,182,182,303,303,327,348,371,371,371,371,415,12,12,26,26,26,64,77,77,205,205,225,243,264,287,302,302],"floor_reached":40,"playtime":3053,"items_purged":[],"score":444,"play_id":"d934c958-1485-4bdf-bd6d-6e505ffc65e9","local_time":"20190630172752","is_ascension_mode":false,"campfire_choices":[{"floor":7,"key":"REST"},{"floor":15,"key":"REST"},{"floor":23,"key":"REST"},{"floor":28,"key":"REST"},{"floor":32,"key":"REST"}],"neow_cost":"NONE","seed_source_timestamp":700340513516741,"circlet_count":0,"master_deck":["Strike_R+1","Strike_R+1","Strike_R+1","Strike_R+1","Strike_R+1","Defend_R+1","Defend_R+1","Defend_R+1","Defend_R+1","Bash","Panacea","Heavy Blade","Flame Barrier","Fire Breathing","Twin Strike","Anger","Uppercut","Cleave+1","Iron Wave+1","Flame Barrier","Exhume","Reaper+1","Cleave+1","Perfected Strike+1","RitualDagger+1","Pommel Strike+1","Inflame+1","Rampage+1","Flex+1","Immolate+1","Spot Weakness+1","Cleave+1","Blood for Blood+1","Parasite"],"relics":["Burning Blood","Golden Idol","Bottled Flame","Blue Candle","Molten Egg 2","Busted Crown","Letter Opener","Frozen Egg 2","Mummified Hand","Matryoshka","Mark of Pain"],"potions_floor_usage":[6,6,6,6,16,24,24,24,30,33,39,40],"damage_taken":[{"damage":20,"enemies":"Jaw Worm","floor":1,"turns":4},{"damage":2,"enemies":"2 Louse","floor":2,"turns":3},{"damage":2,"enemies":"Small Slimes","floor":5,"turns":4},{"damage":24,"enemies":"3 Sentries","floor":6,"turns":9},{"damage":38,"enemies":"Gremlin Nob","floor":8,"turns":5},{"damage":1,"enemies":"2 Fungi Beasts","floor":11,"turns":3},{"damage":2,"enemies":"Blue Slaver","floor":12,"turns":3},{"damage":13,"enemies":"3 Louse","floor":13,"turns":3},{"damage":7,"enemies":"Gremlin Gang","floor":14,"turns":4},{"damage":23,"enemies":"Slime Boss","floor":16,"turns":7},{"damage":0,"enemies":"Chosen","floor":18,"turns":4},{"damage":10,"enemies":"3 Byrds","floor":19,"turns":3},{"damage":0,"enemies":"Snecko","floor":20,"turns":3},{"damage":34,"enemies":"Slavers","floor":24,"turns":5},{"damage":36,"enemies":"3 Cultists","floor":27,"turns":5},{"damage":35,"enemies":"Book of Stabbing","floor":30,"turns":5},{"damage":12,"enemies":"Chosen and Byrds","floor":31,"turns":6},{"damage":92,"enemies":"Collector","floor":33,"turns":8},{"damage":0,"enemies":"3 Shapes","floor":35,"turns":2},{"damage":9,"enemies":"3 Darklings","floor":36,"turns":3},{"damage":9,"enemies":"4 Shapes","floor":37,"turns":2},{"damage":19,"enemies":"Writhing Mass","floor":38,"turns":5},{"damage":33,"enemies":"Maw","floor":39,"turns":7},{"damage":84,"enemies":"Giant Head","floor":40,"turns":7}],"seed_played":"9048366992509425200","potions_obtained":[{"floor":2,"key":"SpeedPotion"},{"floor":5,"key":"EntropicBrew"},{"floor":8,"key":"SteroidPotion"},{"floor":14,"key":"Dexterity Potion"},{"floor":16,"key":"SpeedPotion"},{"floor":18,"key":"BloodPotion"},{"floor":20,"key":"Ancient Potion"},{"floor":27,"key":"Dexterity Potion"},{"floor":30,"key":"Regen Potion"},{"floor":35,"key":"GamblersBrew"},{"floor":39,"key":"BloodPotion"}],"is_trial":false,"path_per_floor":["M","M","?","$","M","E","R","E","T","?","M","M","M","M","R","B",null,"M","M","M","?","?","R","E","$","T","M","R","?","E","M","R","B",null,"M","M","M","M","M","E"],"character_chosen":"IRONCLAD","items_purchased":["Fire Breathing","Twin Strike","Frozen Egg 2","Inflame+1","Rampage+1"],"campfire_rested":5,"item_purchase_floors":[4,4,25,25,25],"current_hp_per_floor":[66,70,50,50,54,36,60,28,28,48,53,57,50,49,73,56,80,80,76,80,74,59,84,74,74,74,60,85,85,56,56,81,37,85,85,82,85,74,59,0],"gold":302,"neow_bonus":"RANDOM_COLORLESS","is_prod":false,"is_daily":false,"chose_seed":false,"campfire_upgraded":0,"win_rate":0.0,"timestamp":1561940872,"path_taken":["M","M","?","$","M","E","R","E","T","?","M","M","M","M","R","BOSS","M","M","M","?","?","R","E","$","T","M","R","?","E","M","R","BOSS","M","M","M","M","M","E"],"build_version":"2019-01-23","purchased_purges":0,"victory":false,"max_hp_per_floor":[80,80,80,80,80,80,80,80,80,80,80,80,80,80,80,80,80,80,80,80,80,85,85,85,85,85,85,85,85,85,85,85,85,85,85,85,85,85,85,85],"card_choices":[{"not_picked":["Armaments","Sentinel"],"picked":"Heavy Blade","floor":1},{"not_picked":["Iron Wave","Second Wind"],"picked":"Flame Barrier","floor":2},{"not_picked":["Havoc","Searing Blow","Body Slam"],"picked":"SKIP","floor":5},{"not_picked":["Burning Pact","Heavy Blade"],"picked":"Anger","floor":6},{"not_picked":["Headbutt","Dual Wield"],"picked":"Uppercut","floor":8},{"not_picked":["Intimidate","Body Slam+1"],"picked":"Cleave+1","floor":11},{"not_picked":["Evolve","Body Slam+1"],"picked":"Iron Wave+1","floor":12},{"not_picked":["Warcry","Anger+1"],"picked":"Flame Barrier","floor":13},{"not_picked":["Armaments","Perfected Strike+1"],"picked":"Exhume","floor":14},{"not_picked":["Bludgeon+1","Demon Form"],"picked":"Reaper+1","floor":16},{"not_picked":[],"picked":"Cleave+1","floor":18},{"not_picked":[],"picked":"Perfected Strike+1","floor":19},{"not_picked":["True Grit+1"],"picked":"SKIP","floor":20},{"not_picked":[],"picked":"Pommel Strike+1","floor":24},{"not_picked":["Shrug It Off+1"],"picked":"SKIP","floor":27},{"not_picked":[],"picked":"Flex+1","floor":30},{"not_picked":["Wild Strike+1"],"picked":"SKIP","floor":31},{"not_picked":[],"picked":"Immolate+1","floor":33},{"not_picked":[],"picked":"Spot Weakness+1","floor":35},{"not_picked":[],"picked":"Cleave+1","floor":36},{"not_picked":[],"picked":"Blood for Blood+1","floor":37},{"not_picked":["Disarm"],"picked":"SKIP","floor":38},{"not_picked":["Sword Boomerang+1"],"picked":"SKIP","floor":39}],"player_experience":52005,"relics_obtained":[{"floor":6,"key":"Bottled Flame"},{"floor":8,"key":"Blue Candle"},{"floor":9,"key":"Molten Egg 2"},{"floor":24,"key":"Letter Opener"},{"floor":26,"key":"Mummified Hand"},{"floor":30,"key":"Matryoshka"}],"event_choices":[{"damage_healed":0,"gold_gain":0,"player_choice":"Take Damage","damage_taken":20,"relics_obtained":["Golden Idol"],"max_hp_gain":0,"max_hp_loss":0,"event_name":"Golden Idol","floor":3,"gold_loss":0},{"damage_healed":20,"gold_gain":0,"player_choice":"Healed","damage_taken":0,"max_hp_gain":0,"max_hp_loss":0,"event_name":"The Cleric","floor":10,"gold_loss":35},{"damage_healed":0,"gold_gain":0,"player_choice":"Joined the Cult","damage_taken":6,"max_hp_gain":0,"max_hp_loss":0,"event_name":"Nest","floor":21,"gold_loss":0,"cards_obtained":["RitualDagger"]},{"damage_healed":0,"gold_gain":0,"player_choice":"Shed Blood","damage_taken":20,"max_hp_gain":5,"max_hp_loss":0,"event_name":"Forgotten Altar","floor":22,"gold_loss":0},{"damage_healed":0,"gold_gain":0,"player_choice":"Simplicity","damage_taken":0,"max_hp_gain":0,"max_hp_loss":0,"event_name":"Back to Basics","floor":29,"gold_loss":0,"cards_upgraded":["Strike_R","Strike_R","Strike_R","Strike_R","Strike_R","Defend_R","Defend_R","Defend_R","Defend_R"]}],"is_beta":false,"boss_relics":[{"not_picked":["Runic Dome","Black Star"],"picked":"Busted Crown"},{"not_picked":["Coffee Dripper","Tiny House"],"picked":"Mark of Pain"}],"items_purged_floors":[],"is_endless":false,"potions_floor_spawned":[2,5,8,14,16,18,20,27,30,35,39],"killed_by":"Giant Head","ascension_level":0}