{"gold_per_floor":[113,124,143,163,9,67,67,79,79,79,79,92,105,105,105,226,226,242,260,279,295,311,311,351,351,351,351,371,390,88,119,119,119],"floor_reached":33,"playtime":2580,"items_purged":[],"score":308,"play_id":"16c945f9-103d-493c-bf73-8893650fd801","local_time":"20190709064231","is_ascension_mode":true,"campfire_choices":[{"data":"1","floor":7,"key":"LIFT"},{"data":"2","floor":11,"key":"LIFT"},{"data":"3","floor":15,"key":"LIFT"},{"floor":23,"key":"REST"},{"floor":27,"key":"REST"},{"floor":32,"key":"REST"}],"neow_cost":"PERCENT_DAMAGE","seed_source_timestamp":266165749867387,"circlet_count":0,"master_deck":["Strike_R","Strike_R","Strike_R","Strike_R","Defend_R","Defend_R","Defend_R","Defend_R","Bash","Infernal Blade","Anger","Uppercut","Cleave","Evolve","Good Instincts","Reaper","Pommel Strike","Disarm","Reaper","Feed","Shockwave","Rampage","Burning Pact+1","Armaments","Iron Wave","Combust+1","Sword Boomerang","Heavy Blade","Fire Breathing","Sentinel","Blind","Double Tap"],"relics":["Black Blood","Girya","Tiny Chest","Golden Idol","Bag of Marbles","Shuriken","Singing Bowl"],"potions_floor_usage":[2,3,6,6,12,18,22,31,33],"damage_taken":[{"damage":5,"enemies":"Small Slimes","floor":1,"turns":3},{"damage":1,"enemies":"Cultist","floor":2,"turns":3},{"damage":1,"enemies":"Jaw Worm","floor":3,"turns":2},{"damage":10,"enemies":"Looter","floor":4,"turns":3},{"damage":40,"enemies":"Lagavulin","floor":6,"turns":6},{"damage":16,"enemies":"Exordium Thugs","floor":8,"turns":4},{"damage":3,"enemies":"Lots of Slimes","floor":12,"turns":2},{"damage":10,"enemies":"Blue Slaver","floor":13,"turns":4},{"damage":10,"enemies":"Slime Boss","floor":16,"turns":8},{"damage":10,"enemies":"2 Thieves","floor":18,"turns":4},{"damage":29,"enemies":"Spheric Guardian","floor":19,"turns":5},{"damage":42,"enemies":"Centurion and Healer","floor":20,"turns":8},{"damage":37,"enemies":"Cultist and Chosen","floor":21,"turns":6},{"damage":39,"enemies":"Shelled Parasite and Fungi","floor":22,"turns":8},{"damage":63,"enemies":"Gremlin Leader","floor":24,"turns":8},{"damage":6,"enemies":"Snecko","floor":28,"turns":3},{"damage":26,"enemies":"Snake Plant","floor":29,"turns":5},{"damage":59,"enemies":"Book of Stabbing","floor":31,"turns":8},{"damage":107,"enemies":"Champ","floor":33,"turns":10}],"seed_played":"5861197543407568034","potions_obtained":[{"floor":1,"key":"EntropicBrew"},{"floor":8,"key":"AttackPotion"},{"floor":16,"key":"Block Potion"},{"floor":20,"key":"Energy Potion"},{"floor":29,"key":"SteroidPotion"},{"floor":31,"key":"Weak Potion"}],"is_trial":false,"path_per_floor":["M","M","M","M","$","E","R","M","T","?","R","M","M","?","R","B",null,"M","M","M","M","M","R","E","?","T","R","M","M","$","E","R","B"],"character_chosen":"IRONCLAD","items_purchased":["Evolve","Good Instincts","Fire Breathing","Regen Potion","Sentinel","Blind"],"campfire_rested":3,"item_purchase_floors":[5,5,30,30,30,30],"current_hp_per_floor":[57,62,67,63,63,44,44,46,46,46,46,52,54,34,34,37,80,80,61,60,36,17,42,16,16,16,41,57,63,63,49,74,0],"gold":119,"neow_bonus":"ONE_RARE_RELIC","is_prod":false,"is_daily":false,"chose_seed":false,"campfire_upgraded":0,"win_rate":0,"timestamp":1562679751,"path_taken":["M","M","M","M","$","E","R","M","T","?","R","M","?","?","R","BOSS","M","M","M","M","M","R","E","?","T","R","M","M","$","E","R","BOSS"],"build_version":"2019-07-05","purchased_purges":0,"victory":false,"max_hp_per_floor":[80,80,80,80,80,80,80,80,80,80,80,80,80,80,80,80,80,80,80,83,86,86,86,86,86,86,86,86,86,86,86,86,86],"card_choices":[{"not_picked":["Clothesline","Flex"],"picked":"Infernal Blade","floor":1},{"not_picked":["Flex","Feel No Pain"],"picked":"Anger","floor":2},{"not_picked":["Wild Strike","Twin Strike"],"picked":"Uppercut","floor":3},{"not_picked":["Shrug It Off","Flex"],"picked":"Cleave","floor":4},{"not_picked":["Warcry","Clash"],"picked":"Reaper","floor":6},{"not_picked":["Heavy Blade","Armaments"],"picked":"Pommel Strike","floor":8},{"not_picked":["Anger","Body Slam"],"picked":"Disarm","floor":12},{"not_picked":["Anger","Thunderclap"],"picked":"Reaper","floor":13},{"not_picked":["Impervious","Juggernaut"],"picked":"Feed","floor":16},{"not_picked":["Uppercut+1","Flex+1"],"picked":"Shockwave","floor":18},{"not_picked":["Cleave+1","True Grit+1"],"picked":"Rampage","floor":19},{"not_picked":["Clash","Pummel"],"picked":"Burning Pact+1","floor":20},{"not_picked":["Thunderclap","Shrug It Off"],"picked":"Armaments","floor":21},{"not_picked":["Thunderclap+1","Clash"],"picked":"Iron Wave","floor":22},{"not_picked":["Corruption","Cleave"],"picked":"Combust+1","floor":24},{"not_picked":["Entrench","Body Slam"],"picked":"Sword Boomerang","floor":28},{"not_picked":["Sword Boomerang","Pommel Strike"],"picked":"Heavy Blade","floor":29},{"not_picked":["Twin Strike","Wild Strike"],"picked":"Double Tap","floor":31}],"player_experience":234985,"relics_obtained":[{"floor":6,"key":"Tiny Chest"},{"floor":24,"key":"Bag of Marbles"},{"floor":26,"key":"Shuriken"},{"floor":31,"key":"Singing Bowl"}],"event_choices":[{"damage_healed":0,"gold_gain":0,"player_choice":"Ignored","damage_taken":0,"max_hp_gain":0,"max_hp_loss":0,"event_name":"Purifier","floor":10,"gold_loss":0},{"damage_healed":0,"gold_gain":0,"player_choice":"Take Damage","damage_taken":20,"relics_obtained":["Golden Idol"],"max_hp_gain":0,"max_hp_loss":0,"event_name":"Golden Idol","floor":14,"gold_loss":0},{"cards_removed":["Strike_R"],"damage_healed":0,"gold_gain":0,"player_choice":"Offered Basic","damage_taken":0,"max_hp_gain":0,"max_hp_loss":0,"event_name":"Bonfire Elementals","floor":25,"gold_loss":0}],"is_beta":false,"boss_relics":[{"not_picked":["White Beast Statue","Astrolabe"],"picked":"Black Blood"}],"items_purged_floors":[],"is_endless":false,"potions_floor_spawned":[1,8,16,20,29,31],"killed_by":"Champ","ascension_level":1}