{"gold_per_floor":[166,178,192,192,192,192,205,205],"floor_reached":8,"playtime":298,"items_purged":[],"score":58,"play_id":"11f33d72-f43e-4d06-86d3-4576105ec5cc","local_time":"20190723141655","is_ascension_mode":true,"campfire_choices":[{"data":"Inflame","floor":6,"key":"SMITH"}],"neow_cost":"NONE","seed_source_timestamp":165472181024060,"circlet_count":0,"master_deck":["Strike_R","Strike_R","Strike_R","Strike_R","Strike_R","Defend_R","Defend_R","Defend_R","Defend_R+1","Bash","Inflame+1","Disarm","Clash","Shockwave","Injury","Sword Boomerang"],"relics":["Tiny House","Golden Idol"],"potions_floor_usage":[7,7,8],"damage_taken":[{"damage":2,"enemies":"Cultist","floor":1,"turns":4},{"damage":6,"enemies":"2 Louse","floor":2,"turns":2},{"damage":7,"enemies":"Jaw Worm","floor":3,"turns":3},{"damage":38,"enemies":"Exordium Thugs","floor":7,"turns":5},{"damage":27,"enemies":"3 Sentries","floor":8,"turns":6}],"seed_played":"4551475620475467261","potions_obtained":[{"floor":0,"key":"Weak Potion"},{"floor":3,"key":"SkillPotion"},{"floor":7,"key":"Swift Potion"}],"is_trial":false,"path_per_floor":["M","M","M","?","?","R","M","E"],"character_chosen":"IRONCLAD","items_purchased":[],"campfire_rested":0,"item_purchase_floors":[],"current_hp_per_floor":[83,77,70,70,70,70,32,5],"gold":205,"neow_bonus":"BOSS_RELIC","is_prod":false,"is_daily":false,"chose_seed":false,"campfire_upgraded":1,"win_rate":0,"timestamp":1563884215,"path_taken":["M","?","M","?","?","R","M","E"],"build_version":"2019-07-17","purchased_purges":0,"victory":false,"max_hp_per_floor":[85,85,85,85,85,85,85,85],"card_choices":[{"not_picked":["Body Slam","Sword Boomerang"],"picked":"Inflame","floor":0},{"not_picked":["Wild Strike","Twin Strike"],"picked":"Disarm","floor":1},{"not_picked":["Shrug It Off","Twin Strike"],"picked":"Clash","floor":2},{"not_picked":["Havoc","Corruption"],"picked":"Shockwave","floor":3},{"not_picked":["Reckless Charge","Wild Strike"],"picked":"Sword Boomerang","floor":7}],"player_experience":289740,"relics_obtained":[],"event_choices":[{"damage_healed":0,"gold_gain":0,"player_choice":"Take Wound","damage_taken":0,"relics_obtained":["Golden Idol"],"max_hp_gain":0,"max_hp_loss":0,"event_name":"Golden Idol","floor":4,"gold_loss":0,"cards_obtained":["Injury"]},{"damage_healed":0,"gold_gain":0,"player_choice":"Bought 0 Potions","damage_taken":0,"max_hp_gain":0,"max_hp_loss":0,"event_name":"The Woman in Blue","floor":5,"gold_loss":0}],"is_beta":false,"boss_relics":[],"items_purged_floors":[],"is_endless":false,"potions_floor_spawned":[3,7],"killed_by":"3 Sentries","ascension_level":4}