{"gold_per_floor":[115,39,39,114,39,73,73,117,143,174,174,48,118,137,137,137],"floor_reached":16,"playtime":625,"items_purged":["Strike_G"],"score":378,"play_id":"8086af03-06b4-47ac-b8e3-00a45c403bb9","local_time":"20190205204044","is_ascension_mode":true,"campfire_choices":[{"data":"Footwork","floor":7,"key":"SMITH"},{"data":"Wraith Form v2","floor":11,"key":"SMITH"},{"floor":15,"key":"REST"}],"neow_cost":"NONE","seed_source_timestamp":536516773474113,"circlet_count":0,"master_deck":["AscendersBane","Defend_G","Defend_G","Defend_G","Defend_G","Defend_G","Strike_G","Strike_G","Strike_G","Strike_G","Survivor","Neutralize","Quick Slash","Footwork+1","Footwork","Dagger Throw","Wraith Form v2+1","Deadly Poison","PiercingWail","PiercingWail","Endless Agony"],"relics":["Ring of the Snake","NeowsBlessing","Golden Idol","Shuriken","Pocketwatch","Bag of Preparation","Dream Catcher"],"potions_floor_usage":[16],"damage_taken":[{"damage":0,"enemies":"Jaw Worm","floor":1,"turns":1},{"damage":0,"enemies":"Gremlin Nob","floor":6,"turns":1},{"damage":0,"enemies":"Lagavulin","floor":8,"turns":1},{"damage":0,"enemies":"3 Sentries","floor":10,"turns":12},{"damage":3,"enemies":"Gremlin Nob","floor":13,"turns":5},{"damage":0,"enemies":"2 Louse","floor":14,"turns":3},{"damage":41,"enemies":"Slime Boss","floor":16,"turns":12}],"seed_played":"1506887514589031690","potions_obtained":[{"floor":6,"key":"Dexterity Potion"},{"floor":8,"key":"LiquidBronze"}],"is_trial":false,"path_per_floor":["M","$","?","?","$","E","R","E","T","E","R","$","?","M","R","B"],"character_chosen":"THE_SILENT","items_purchased":["Footwork","Footwork","Deadly Poison"],"campfire_rested":1,"item_purchase_floors":[2,5,12],"current_hp_per_floor":[59,59,36,25,25,25,25,25,25,25,25,25,22,22,41,0],"gold":137,"neow_bonus":"THREE_ENEMY_KILL","is_prod":false,"is_daily":false,"chose_seed":false,"campfire_upgraded":2,"win_rate":0,"timestamp":1549417244,"path_taken":["M","$","?","?","$","E","R","E","T","E","R","$","?","M","R","BOSS"],"build_version":"2019-01-23","purchased_purges":1,"victory":false,"max_hp_per_floor":[66,66,66,66,66,66,66,66,66,66,66,66,66,66,66,66],"card_choices":[{"not_picked":["Cloak And Dagger","Flying Knee"],"picked":"Quick Slash","floor":1},{"not_picked":["Acrobatics","Envenom"],"picked":"Dagger Throw","floor":6},{"not_picked":["Bane","Eviscerate","Dagger Spray"],"picked":"SKIP","floor":8},{"not_picked":["Dodge and Roll","Blade Dance"],"picked":"Wraith Form v2","floor":10},{"not_picked":["Terror","Dagger Throw"],"picked":"PiercingWail","floor":13},{"not_picked":["Masterful Stab","Prepared"],"picked":"PiercingWail","floor":14},{"not_picked":["Expertise","Dagger Spray"],"picked":"Endless Agony","floor":15}],"player_experience":1359752,"relics_obtained":[{"floor":6,"key":"Shuriken"},{"floor":8,"key":"Pocketwatch"},{"floor":9,"key":"Bag of Preparation"},{"floor":10,"key":"Dream Catcher"}],"event_choices":[{"damage_healed":0,"gold_gain":0,"player_choice":"Take Damage","damage_taken":23,"relics_obtained":["Golden Idol"],"max_hp_gain":0,"max_hp_loss":0,"event_name":"Golden Idol","floor":3,"gold_loss":0},{"damage_healed":0,"gold_gain":75,"player_choice":"Gather Gold","damage_taken":11,"max_hp_gain":0,"max_hp_loss":0,"event_name":"World of Goop","floor":4,"gold_loss":0},{"damage_healed":0,"gold_gain":0,"player_choice":"Searched \u00272\u0027 times","damage_taken":0,"max_hp_gain":0,"max_hp_loss":0,"event_name":"Dead Adventurer","floor":13,"gold_loss":0}],"is_beta":false,"boss_relics":[],"items_purged_floors":[12],"is_endless":false,"potions_floor_spawned":[6,8,10],"killed_by":"Slime Boss","ascension_level":20}