{"gold_per_floor":[141,91,108,121,40,40,67,67,67,67,78,78,93,110,110,207,207,219,238,249,7,19,19,19,19,46,46,71,71,71,99,99,195,195,209,209,221,239,39,39],"floor_reached":40,"playtime":3138,"items_purged":["Strike_G","Writhe"],"score":469,"play_id":"24bb63e3-18ff-4364-aa70-5fe6d0562e64","local_time":"20180701220727","is_ascension_mode":true,"campfire_choices":[{"data":"Footwork","floor":6,"key":"SMITH"},{"data":"Prepared","floor":8,"key":"SMITH"},{"data":"Neutralize","floor":10,"key":"SMITH"},{"data":"Prepared","floor":12,"key":"SMITH"},{"data":"Backflip","floor":15,"key":"SMITH"},{"floor":23,"key":"REST"},{"floor":27,"key":"REST"},{"floor":29,"key":"REST"},{"floor":32,"key":"REST"}],"neow_cost":"NONE","seed_source_timestamp":176073101321775,"circlet_count":0,"master_deck":["Defend_G","Defend_G","Defend_G","Defend_G","Defend_G","Strike_G","Strike_G+1","Strike_G","Survivor","Neutralize+1","Backstab","Footwork+1","Backstab","Prepared+1","Prepared+1","Dagger Throw","Backflip+1","Envenom","Underhanded Strike","Slice+1","Deadly Poison","Noxious Fumes","Bandage Up","Crippling Poison","Clumsy","Terror+1","Acrobatics","Glass Knife","Riddle With Holes+1"],"relics":["Tiny House","Ice Cream","Blue Candle","Cursed Key","Blood Vial","Matryoshka","Ornamental Fan","Mummified Hand","Busted Crown"],"potions_floor_usage":[7,7,16,18,31,31,33,37,40,40],"damage_taken":[{"damage":0,"enemies":"Small Slimes","floor":1,"turns":3},{"damage":0,"enemies":"Cultist","floor":3,"turns":3},{"damage":0,"enemies":"2 Louse","floor":4,"turns":1},{"damage":2,"enemies":"Lagavulin","floor":7,"turns":7},{"damage":1,"enemies":"2 Fungi Beasts","floor":11,"turns":2},{"damage":0,"enemies":"3 Louse","floor":13,"turns":4},{"damage":5,"enemies":"Gremlin Gang","floor":14,"turns":5},{"damage":17,"enemies":"The Guardian","floor":16,"turns":16},{"damage":0,"enemies":"Chosen","floor":18,"turns":6},{"damage":9,"enemies":"2 Thieves","floor":19,"turns":5},{"damage":15,"enemies":"Snecko","floor":20,"turns":5},{"damage":42,"enemies":"Chosen and Byrds","floor":22,"turns":6},{"damage":52,"enemies":"Book of Stabbing","floor":28,"turns":6},{"damage":23,"enemies":"Slavers","floor":31,"turns":5},{"damage":14,"enemies":"Automaton","floor":33,"turns":11},{"damage":26,"enemies":"Orb Walker","floor":35,"turns":5},{"damage":5,"enemies":"3 Darklings","floor":37,"turns":6},{"damage":52,"enemies":"4 Shapes","floor":38,"turns":7},{"damage":14,"enemies":"2 Orb Walkers","floor":40,"turns":1}],"seed_played":"-6846924246660830235","potions_obtained":[{"floor":0,"key":"GamblersBrew"},{"floor":4,"key":"Poison Potion"},{"floor":7,"key":"SteroidPotion"},{"floor":11,"key":"Explosive Potion"},{"floor":16,"key":"AttackPotion"},{"floor":22,"key":"Strength Potion"},{"floor":28,"key":"SteroidPotion"},{"floor":35,"key":"AttackPotion"}],"is_trial":false,"path_per_floor":["M","?","M","M","$","R","E","R","T","R","M","R","M","M","R","B",null,"M","M","M","$","M","R","?","$","T","R","E","R","?","E","R","B",null,"M","?","M","M","$"],"character_chosen":"THE_SILENT","items_purchased":["Backstab","Noxious Fumes","Bandage Up","Explosive Potion","SkillPotion"],"campfire_rested":4,"item_purchase_floors":[5,21,21,39,39],"current_hp_per_floor":[75,75,75,75,75,75,73,73,73,73,72,72,72,67,67,50,75,75,66,51,51,13,35,35,35,35,57,11,33,33,16,38,30,75,53,53,54,8,8,0],"gold":39,"neow_bonus":"BOSS_RELIC","is_prod":false,"is_daily":false,"chose_seed":false,"campfire_upgraded":5,"win_rate":0,"timestamp":1530500847,"path_taken":["M","?","M","M","$","R","E","R","T","R","?","R","M","M","R","BOSS","M","M","?","$","M","R","?","$","T","R","E","R","?","E","R","BOSS","M","?","M","M","$","E"],"build_version":"2018-06-28","purchased_purges":2,"victory":false,"max_hp_per_floor":[75,75,75,75,75,75,75,75,75,75,75,75,75,75,75,75,75,75,75,75,75,75,75,75,75,75,75,75,75,75,75,75,75,75,75,75,75,75,75,75],"card_choices":[{"not_picked":["Underhanded Strike","Riddle With Holes"],"picked":"Backstab","floor":0},{"not_picked":["Heel Hook","Cloak And Dagger"],"picked":"Footwork","floor":1},{"not_picked":["Bane","Poisoned Stab","Choke"],"picked":"SKIP","floor":3},{"not_picked":["Sucker Punch","Bane","Bouncing Flask"],"picked":"SKIP","floor":4},{"not_picked":["Bouncing Flask","Burst"],"picked":"Prepared","floor":7},{"not_picked":["Dagger Spray","Flechettes"],"picked":"Prepared","floor":11},{"not_picked":["Cloak And Dagger","Bouncing Flask"],"picked":"Dagger Throw","floor":13},{"not_picked":["Bane","Footwork"],"picked":"Backflip","floor":14},{"not_picked":["Die Die Die","Wraith Form v2"],"picked":"Envenom","floor":16},{"not_picked":["Dash","Dagger Throw"],"picked":"Underhanded Strike","floor":18},{"not_picked":["Sucker Punch","Flying Knee"],"picked":"Slice+1","floor":19},{"not_picked":["Cloak And Dagger","Well Laid Plans+1"],"picked":"Deadly Poison","floor":20},{"not_picked":["All Out Attack","Sucker Punch"],"picked":"Crippling Poison","floor":22},{"not_picked":["All Out Attack","Dodge and Roll"],"picked":"Terror+1","floor":28},{"not_picked":["Finisher+1","Deflect+1"],"picked":"Acrobatics","floor":31},{"not_picked":["Bullet Time","After Image"],"picked":"Glass Knife","floor":33},{"not_picked":[],"picked":"Riddle With Holes+1","floor":35},{"not_picked":["Finisher"],"picked":"SKIP","floor":37},{"not_picked":["PiercingWail+1"],"picked":"SKIP","floor":38}],"player_experience":124110,"relics_obtained":[{"floor":7,"key":"Ice Cream"},{"floor":9,"key":"Blue Candle"},{"floor":26,"key":"Blood Vial"},{"floor":28,"key":"Matryoshka"},{"floor":31,"key":"Mummified Hand"}],"event_choices":[{"event_name":"The Cleric","player_choice":"Card Removal","floor":2,"damage_taken":0},{"event_name":"Drug Dealer","player_choice":"Ignored","floor":24,"damage_taken":0},{"event_name":"The Mausoleum","player_choice":"Yes","floor":30,"damage_taken":0},{"event_name":"Tomb of Lord Red Mask","player_choice":"Ignored","floor":36,"damage_taken":0}],"boss_relics":[{"not_picked":["Lizard Tail","Philosopher\u0027s Stone"],"picked":"Cursed Key"},{"not_picked":["Velvet Choker","Runic Pyramid"],"picked":"Busted Crown"}],"items_purged_floors":[21,39],"is_endless":false,"potions_floor_spawned":[4,7,11,16,22,28,35],"killed_by":"2 Orb Walkers","ascension_level":2}