{"gold_per_floor":[109,121,121,121,141,141,166,178,190,246,258,295,307,352,364,497,509,544,184,0,0,0,0,0,0,300,300,323,338,357,357,357,481,481,506,506,15,0,0,0,35,35,81,81,9,9,342,394,394,394,394,394,20,53,53],"floor_reached":56,"playtime":4235,"items_purged":["Pain","Shame"],"score":1792,"play_id":"aea74cd6-3165-492a-b7e5-09f6923aa3b6","local_time":"20190601092908","is_ascension_mode":true,"campfire_choices":[{"data":"Pommel Strike","floor":6,"key":"SMITH"},{"floor":11,"key":"REST"},{"floor":13,"key":"REST"},{"floor":15,"key":"REST"},{"floor":23,"key":"REST"},{"data":"True Grit","floor":25,"key":"SMITH"},{"data":"Offering","floor":27,"key":"SMITH"},{"floor":32,"key":"REST"},{"data":"Mind Blast","floor":40,"key":"SMITH"},{"floor":44,"key":"RECALL"},{"data":"1","floor":46,"key":"LIFT"},{"data":"2","floor":49,"key":"LIFT"},{"data":"3","floor":52,"key":"LIFT"}],"neow_cost":"NONE","seed_source_timestamp":74419081825798,"circlet_count":0,"master_deck":["Strike_R","Strike_R","Strike_R","Defend_R","Defend_R","Defend_R","Defend_R","Bash","Fiend Fire","Anger","Pommel Strike+1","Inflame","True Grit+1","Injury","Reaper","Shockwave","Spot Weakness","Offering+1","Doubt","Feel No Pain","Shrug It Off","Decay","Necronomicurse","Combust","Demon Form","Corruption+1","Shame","Exhume","Mind Blast+1","True Grit+1","Writhe","Infernal Blade+1","Armaments+1","Purity+1","Havoc+1","Flame Barrier+1"],"relics":["Burning Blood","Pantograph","Darkstone Periapt","MawBank","Question Card","Red Skull","Dead Branch","Calling Bell","Juzu Bracelet","Kunai","Unceasing Top","Bottled Lightning","Necronomicon","Old Coin","Girya","Runic Dome","Charon\u0027s Ashes","ClockworkSouvenir","Red Mask","Toxic Egg 2","StoneCalendar","Letter Opener"],"potions_floor_usage":[33,50,50,55,55,55],"damage_taken":[{"damage":1,"enemies":"Small Slimes","floor":1,"turns":5},{"damage":7,"enemies":"Jaw Worm","floor":2,"turns":2},{"damage":5,"enemies":"Cultist","floor":5,"turns":4},{"damage":45,"enemies":"3 Sentries","floor":7,"turns":9},{"damage":35,"enemies":"Lagavulin","floor":10,"turns":6},{"damage":16,"enemies":"Large Slime","floor":12,"turns":5},{"damage":36,"enemies":"3 Sentries","floor":14,"turns":7},{"damage":54,"enemies":"Hexaghost","floor":16,"turns":4},{"damage":52,"enemies":"Shell Parasite","floor":18,"turns":5},{"damage":17,"enemies":"2 Thieves","floor":28,"turns":3},{"damage":49,"enemies":"Shelled Parasite and Fungi","floor":29,"turns":5},{"damage":12,"enemies":"Snake Plant","floor":30,"turns":2},{"damage":24,"enemies":"Automaton","floor":33,"turns":6},{"damage":41,"enemies":"3 Shapes","floor":35,"turns":3},{"damage":9,"enemies":"Nemesis","floor":41,"turns":3},{"damage":29,"enemies":"2 Orb Walkers","floor":48,"turns":4},{"damage":68,"enemies":"Awakened One","floor":50,"turns":6},{"damage":15,"enemies":"Shield and Spear","floor":54,"turns":2},{"damage":82,"enemies":"The Heart","floor":55,"turns":5}],"seed_played":"-1949504720339166354","potions_obtained":[{"floor":2,"key":"BloodPotion"},{"floor":10,"key":"SpeedPotion"},{"floor":18,"key":"Regen Potion"},{"floor":29,"key":"Regen Potion"},{"floor":33,"key":"GamblersBrew"},{"floor":35,"key":"PowerPotion"}],"is_trial":false,"path_per_floor":["M","M","?","?","M","R","E","?","T","E","R","M","R","E","R","B",null,"M","$","?","?","?","R","?","R","T","R","M","M","M","?","R","B",null,"M","?","$","?","?","R","E","?","T","R","$","R","?","?","R","B",null,"R","$","E","B",null],"character_chosen":"IRONCLAD","items_purchased":["Bottled Lightning","Shrug It Off","Charon\u0027s Ashes","ClockworkSouvenir","Infernal Blade+1","Purity+1","LiquidBronze","Dexterity Potion","Havoc+1"],"campfire_rested":5,"item_purchase_floors":[19,19,37,37,45,53,53,53,53],"current_hp_per_floor":[77,76,69,69,70,70,31,37,37,8,33,32,57,39,64,38,92,46,46,46,52,42,76,76,76,76,76,77,34,28,34,70,92,115,80,80,80,80,80,80,79,116,116,116,116,116,116,111,111,66,113,113,113,104,64],"gold":53,"neow_bonus":"ONE_RANDOM_RARE_CARD","is_prod":false,"is_daily":false,"chose_seed":false,"campfire_upgraded":4,"win_rate":0,"timestamp":1559395748,"path_taken":["M","M","?","?","?","R","E","?","T","E","R","M","R","E","R","BOSS","M","$","?","?","?","R","?","R","T","R","M","M","M","?","R","BOSS","M","?","$","?","?","R","E","?","T","R","?","R","?","?","R","BOSS","R","$","E","BOSS"],"build_version":"2019-01-23","purchased_purges":2,"victory":true,"max_hp_per_floor":[80,80,80,80,80,80,80,86,86,86,86,86,86,86,86,86,104,104,104,104,110,116,116,116,116,116,116,116,116,116,122,122,122,122,122,122,122,122,122,122,122,128,128,128,128,128,128,128,128,128,128,128,128,128,128],"card_choices":[{"not_picked":["Warcry","Armaments"],"picked":"Anger","floor":1},{"not_picked":["Perfected Strike","Intimidate"],"picked":"Pommel Strike","floor":2},{"not_picked":["Disarm","Perfected Strike"],"picked":"Inflame","floor":5},{"not_picked":["Berserk","Warcry"],"picked":"True Grit","floor":7},{"not_picked":["Cleave","Havoc","Dual Wield"],"picked":"Reaper","floor":10},{"not_picked":["Twin Strike","Iron Wave","Sword Boomerang"],"picked":"Shockwave","floor":12},{"not_picked":["Juggernaut","Rage","Body Slam"],"picked":"Spot Weakness","floor":14},{"not_picked":["Brutality","Immolate","Dark Embrace"],"picked":"Offering","floor":16},{"not_picked":["Rage","Bloodletting+1","Infernal Blade"],"picked":"Feel No Pain","floor":18},{"not_picked":["Blood for Blood","Carnage","Flex","Clothesline"],"picked":"SKIP","floor":28},{"not_picked":["Whirlwind","Armaments","Warcry"],"picked":"Demon Form","floor":29},{"not_picked":["Heavy Blade","Thunderclap+1","Hemokinesis+1"],"picked":"Corruption+1","floor":30},{"not_picked":["Dark Embrace","Reaper","Demon Form"],"picked":"Exhume","floor":33},{"not_picked":["Perfected Strike+1","Headbutt","Havoc","Corruption"],"picked":"SKIP","floor":35},{"not_picked":["Blind","Enlightenment","Dark Shackles"],"picked":"Mind Blast","floor":36},{"not_picked":["Havoc","Clothesline","Sever Soul"],"picked":"True Grit","floor":41},{"not_picked":["Cleave+1","Power Through+1","Clothesline+1"],"picked":"Armaments+1","floor":48},{"not_picked":["Dual Wield+1","Pummel+1","Juggernaut"],"picked":"Flame Barrier+1","floor":54}],"player_experience":335212,"relics_obtained":[{"floor":7,"key":"MawBank"},{"floor":9,"key":"Question Card"},{"floor":10,"key":"Red Skull"},{"floor":14,"key":"Dead Branch"},{"floor":17,"key":"Juzu Bracelet"},{"floor":17,"key":"Kunai"},{"floor":17,"key":"Unceasing Top"},{"floor":22,"key":"Necronomicon"},{"floor":26,"key":"Old Coin"},{"floor":41,"key":"Toxic Egg 2"},{"floor":48,"key":"StoneCalendar"},{"floor":54,"key":"Letter Opener"}],"event_choices":[{"damage_healed":0,"gold_gain":0,"player_choice":"Success","damage_taken":7,"relics_obtained":["Pantograph"],"max_hp_gain":0,"max_hp_loss":0,"event_name":"Scrap Ooze","floor":3,"gold_loss":0},{"damage_healed":0,"gold_gain":0,"player_choice":"Gave Potion","damage_taken":0,"relics_obtained":["Darkstone Periapt"],"max_hp_gain":0,"max_hp_loss":0,"event_name":"WeMeetAgain","floor":4,"gold_loss":0},{"damage_healed":0,"gold_gain":0,"player_choice":"Take Wound","damage_taken":0,"relics_obtained":["Golden Idol"],"max_hp_gain":0,"max_hp_loss":0,"event_name":"Golden Idol","floor":8,"gold_loss":0,"cards_obtained":["Injury"]},{"damage_healed":0,"gold_gain":0,"player_choice":"Paid Fearfully","damage_taken":0,"max_hp_gain":0,"max_hp_loss":0,"event_name":"Masked Bandits","floor":20,"gold_loss":184},{"damage_healed":0,"gold_gain":0,"player_choice":"Cursed","damage_taken":0,"max_hp_gain":0,"max_hp_loss":0,"event_name":"Wheel of Change","floor":21,"gold_loss":0,"cards_obtained":["Decay"]},{"damage_healed":0,"gold_gain":0,"player_choice":"Obtained Book","damage_taken":16,"max_hp_gain":0,"max_hp_loss":0,"event_name":"Cursed Tome","floor":22,"gold_loss":0},{"damage_healed":0,"gold_gain":0,"cards_transformed":["Strike_R"],"player_choice":"Transformed","damage_taken":0,"max_hp_gain":0,"max_hp_loss":0,"event_name":"Transmorgrifier","floor":24,"gold_loss":0,"cards_obtained":["Combust"]},{"damage_healed":0,"gold_gain":0,"player_choice":"Stole Relic","damage_taken":0,"relics_obtained":["Girya"],"max_hp_gain":0,"max_hp_loss":0,"event_name":"Addict","floor":31,"gold_loss":0,"cards_obtained":["Shame"]},{"damage_healed":0,"gold_gain":0,"player_choice":"Memory 1","damage_taken":0,"max_hp_gain":0,"max_hp_loss":0,"event_name":"SensoryStone","floor":36,"gold_loss":0},{"damage_healed":0,"gold_gain":0,"player_choice":"Paid","damage_taken":0,"relics_obtained":["Red Mask"],"max_hp_gain":0,"max_hp_loss":0,"event_name":"Tomb of Lord Red Mask","floor":38,"gold_loss":15},{"cards_removed":["Strike_R"],"damage_healed":0,"gold_gain":0,"player_choice":"Removed Attack","damage_taken":0,"max_hp_gain":0,"max_hp_loss":0,"event_name":"Falling","floor":39,"gold_loss":0},{"damage_healed":31,"gold_gain":0,"player_choice":"Writhe","damage_taken":0,"max_hp_gain":0,"max_hp_loss":0,"event_name":"Winding Halls","floor":42,"gold_loss":0,"cards_obtained":["Writhe"]},{"damage_healed":0,"gold_gain":333,"player_choice":"Gave Idol","damage_taken":0,"max_hp_gain":0,"max_hp_loss":0,"event_name":"The Moai Head","floor":47,"relics_lost":["Golden Idol"],"gold_loss":0},{"damage_healed":0,"gold_gain":0,"player_choice":"Fight","damage_taken":0,"max_hp_gain":0,"max_hp_loss":0,"event_name":"Mysterious Sphere","floor":48,"gold_loss":0}],"is_beta":false,"boss_relics":[{"not_picked":["Busted Crown","Orrery"],"picked":"Calling Bell"},{"not_picked":["Empty Cage","Velvet Choker"],"picked":"Runic Dome"}],"items_purged_floors":[19,53],"is_endless":false,"potions_floor_spawned":[2,10,18,29,33,35],"ascension_level":9}