{"gold_per_floor":[115,135,135,146,159,159,179,206,206,217,217,217,244,319,319,394,394,412,428,353,97,116,116,116],"floor_reached":24,"playtime":733,"items_purged":[],"score":416,"play_id":"8a20d5d2-5f5a-422e-9228-bd99daa71ee7","local_time":"20181125194213","is_ascension_mode":true,"campfire_choices":[{"data":"Whirlwind","floor":6.0,"key":"SMITH"},{"data":"Body Slam","floor":11.0,"key":"SMITH"},{"data":"Entrench","floor":15.0,"key":"SMITH"},{"data":"Limit Break","floor":23,"key":"SMITH"}],"neow_cost":"NONE","seed_source_timestamp":21984424705902,"circlet_count":0,"master_deck":["AscendersBane","Strike_R","Strike_R","Strike_R","Defend_R","Defend_R","Defend_R","Defend_R","Bash","Whirlwind+1","Pommel Strike","Battle Trance","Body Slam+1","Impervious","Spot Weakness+1","Entrench+1","Limit Break+1","Disarm+1","Inflame","Warcry+1"],"special_seed":0,"relics":["Burning Blood","NeowsBlessing","Mercury Hourglass","Magic Flower","Letter Opener","Mark of Pain","Art of War"],"potions_floor_usage":[19,22],"damage_taken":[{"damage":0.0,"enemies":"Cultist","floor":1.0,"turns":1.0},{"damage":0.0,"enemies":"Small Slimes","floor":2.0,"turns":1.0},{"damage":0.0,"enemies":"2 Louse","floor":4.0,"turns":1.0},{"damage":4.0,"enemies":"2 Fungi Beasts","floor":5.0,"turns":4.0},{"damage":12.0,"enemies":"Exordium Thugs","floor":7.0,"turns":3.0},{"damage":11.0,"enemies":"Gremlin Nob","floor":8.0,"turns":3.0},{"damage":11.0,"enemies":"Large Slime","floor":10.0,"turns":5.0},{"damage":35.0,"enemies":"Lagavulin","floor":13.0,"turns":5.0},{"damage":16.0,"enemies":"Slime Boss","floor":16.0,"turns":7.0},{"damage":11,"enemies":"2 Thieves","floor":18,"turns":3},{"damage":1,"enemies":"Spheric Guardian","floor":19,"turns":4},{"damage":12,"enemies":"Shelled Parasite and Fungi","floor":22,"turns":3},{"damage":65,"enemies":"Book of Stabbing","floor":24,"turns":4}],"seed_played":"1267348398719989368","potions_obtained":[{"floor":1.0,"key":"Explosive Potion"},{"floor":2.0,"key":"Explosive Potion"},{"floor":10.0,"key":"Swift Potion"},{"floor":19,"key":"Swift Potion"}],"is_trial":false,"path_per_floor":["M","M","?","M","M","R","M","E","T","M","R","?","E","?","R","B",null,"M","M","?","$","M","R","E"],"character_chosen":"IRONCLAD","items_purchased":["Inflame","Art of War"],"campfire_rested":0,"item_purchase_floors":[21,21],"current_hp_per_floor":[74,75,75,75,75,75,69,64,64,62,62,62,36,25,25,18,61,59,67,67,67,64,64,0],"gold":116,"neow_bonus":"THREE_ENEMY_KILL","is_prod":false,"is_daily":false,"chose_seed":false,"campfire_upgraded":4,"win_rate":0,"timestamp":1543192933,"path_taken":["M","?","?","?","?","R","M","E","T","M","R","?","E","?","R","BOSS","M","M","?","$","M","R","E"],"build_version":"2018-11-15","purchased_purges":0,"victory":false,"max_hp_per_floor":[75,75,75,75,75,75,75,75,75,75,75,75,75,75,75,75,75,75,75,75,75,75,75,75],"card_choices":[{"not_picked":["Rupture","Dual Wield"],"picked":"Whirlwind","floor":1.0},{"not_picked":["Rupture","Clothesline"],"picked":"Pommel Strike","floor":2.0},{"not_picked":["Flex","Clash","Sword Boomerang"],"picked":"SKIP","floor":4.0},{"not_picked":["Heavy Blade","Wild Strike"],"picked":"Battle Trance","floor":5.0},{"not_picked":["Corruption","Anger"],"picked":"Body Slam","floor":7.0},{"not_picked":["Burning Pact","Shrug It Off"],"picked":"Impervious","floor":8.0},{"not_picked":["Wild Strike","Burning Pact"],"picked":"Spot Weakness","floor":10.0},{"not_picked":["Clothesline","Sever Soul"],"picked":"Entrench","floor":13.0},{"not_picked":["Fiend Fire","Impervious"],"picked":"Limit Break","floor":16.0},{"not_picked":["Body Slam","Burning Pact"],"picked":"Disarm+1","floor":18},{"not_picked":["Heavy Blade","Rage","Sever Soul"],"picked":"SKIP","floor":19},{"not_picked":["Rampage","Pummel"],"picked":"Warcry+1","floor":22}],"player_experience":1161808,"relics_obtained":[{"floor":8.0,"key":"Mercury Hourglass"},{"floor":9.0,"key":"Magic Flower"},{"floor":13.0,"key":"Letter Opener"}],"event_choices":[{"cards_removed":["Strike_R"],"damage_healed":0.0,"max_hp_gain":0.0,"max_hp_loss":0.0,"gold_gain":0.0,"event_name":"Purifier","player_choice":"Purged","floor":3.0,"gold_loss":0.0,"damage_taken":0.0},{"damage_healed":0.0,"max_hp_gain":0.0,"max_hp_loss":0.0,"gold_gain":0.0,"event_name":"Living Wall","player_choice":"Grow","floor":12.0,"gold_loss":0.0,"damage_taken":0.0,"cards_upgraded":["Spot Weakness"]},{"damage_healed":0.0,"max_hp_gain":0.0,"max_hp_loss":0.0,"gold_gain":75.0,"event_name":"World of Goop","player_choice":"Gather Gold","floor":14.0,"gold_loss":0.0,"damage_taken":11.0},{"cards_removed":["Strike_R"],"damage_healed":0,"gold_gain":0,"player_choice":"Gave Gold","damage_taken":0,"max_hp_gain":0,"max_hp_loss":0,"event_name":"Beggar","floor":20,"gold_loss":75}],"is_beta":false,"boss_relics":[{"not_picked":["Runic Cube","Lizard Tail"],"picked":"Mark of Pain"}],"items_purged_floors":[],"is_endless":false,"potions_floor_spawned":[1,2,5,10,19],"killed_by":"Book of Stabbing","ascension_level":20}