{"gold_per_floor":[117,134,59,78,78,78,112,123,147,162,191,191,191,58,58,130,130,146,146,166,66,79,79,113,140,140,140],"floor_reached":27,"playtime":1141,"items_purged":["Strike_B","Strike_B"],"score":482,"play_id":"a2de4b9c-5412-4379-8d24-f84f1ae48be8","local_time":"20190116172321","is_ascension_mode":true,"campfire_choices":[{"data":"Defragment","floor":6,"key":"SMITH"},{"floor":12,"key":"REST"},{"data":"Rainbow","floor":15,"key":"SMITH"},{"data":"Hologram","floor":23,"key":"SMITH"}],"neow_cost":"NONE","seed_source_timestamp":8912691230828,"circlet_count":0,"master_deck":["AscendersBane","Strike_B","Defend_B","Defend_B","Defend_B","Defend_B","Zap+1","Dualcast","Ball Lightning","Defragment+1","Self Repair","Leap","Compile Driver","Rainbow+1","Compile Driver","All For One","Steam","Turbo","Hologram+1","Electrodynamics"],"relics":["Cracked Core","Omamori","Oddly Smooth Stone","Centennial Puzzle","Black Star","WarpedTongs","StoneCalendar","Gambling Chip","Red Mask","Mummified Hand"],"potions_floor_usage":[8,11,16,20,25,27],"damage_taken":[{"damage":7,"enemies":"Small Slimes","floor":1,"turns":3},{"damage":2,"enemies":"Jaw Worm","floor":2,"turns":3},{"damage":2,"enemies":"2 Louse","floor":4,"turns":2},{"damage":8,"enemies":"Gremlin Nob","floor":7,"turns":3},{"damage":39,"enemies":"Exordium Thugs","floor":8,"turns":5},{"damage":5,"enemies":"Looter","floor":10,"turns":3},{"damage":8,"enemies":"Lagavulin","floor":11,"turns":7},{"damage":6,"enemies":"Hexaghost","floor":16,"turns":7},{"damage":8,"enemies":"3 Byrds","floor":18,"turns":4},{"damage":8,"enemies":"2 Thieves","floor":20,"turns":4},{"damage":11,"enemies":"Cultist and Chosen","floor":22,"turns":6},{"damage":46,"enemies":"Gremlin Leader","floor":24,"turns":6},{"damage":4,"enemies":"Masked Bandits","floor":25,"turns":2},{"damage":25,"enemies":"Book of Stabbing","floor":27,"turns":4}],"seed_played":"682408148286247098","potions_obtained":[{"floor":7,"key":"Block Potion"},{"floor":8,"key":"Fruit Juice"},{"floor":10,"key":"Energy Potion"},{"floor":11,"key":"PowerPotion"},{"floor":22,"key":"Energy Potion"},{"floor":24,"key":"Dexterity Potion"}],"is_trial":false,"path_per_floor":["M","M","?","M","?","R","E","M","T","M","E","R","?","$","R","B",null,"M","?","M","$","M","R","E","?","T","E"],"character_chosen":"DEFECT","items_purchased":["Compile Driver"],"campfire_rested":1,"item_purchase_floors":[14],"current_hp_per_floor":[57,55,55,53,53,53,45,13,13,15,19,41,41,41,41,49,69,68,68,70,70,66,66,27,23,23,0],"gold":140,"neow_bonus":"UPGRADE_CARD","is_prod":false,"is_daily":false,"chose_seed":false,"campfire_upgraded":3,"win_rate":0,"timestamp":1547677401,"path_taken":["M","M","?","M","?","R","E","?","T","M","E","R","?","$","R","BOSS","M","?","M","?","M","R","E","?","T","E"],"build_version":"2019-01-10","purchased_purges":2,"victory":false,"max_hp_per_floor":[71,71,71,71,71,71,71,71,71,71,76,76,76,76,76,76,76,76,76,76,76,76,76,76,76,76,76],"card_choices":[{"not_picked":["Barrage","Stack"],"picked":"Ball Lightning","floor":1},{"not_picked":["Tempest","Stack","BootSequence"],"picked":"SKIP","floor":2},{"not_picked":["Force Field","Stack"],"picked":"Defragment","floor":4},{"not_picked":["Consume","Redo"],"picked":"Self Repair","floor":7},{"not_picked":["Sunder","Gash"],"picked":"Leap","floor":8},{"not_picked":["Stack","Redo"],"picked":"Compile Driver","floor":10},{"not_picked":["Go for the Eyes","Sweeping Beam"],"picked":"Rainbow","floor":11},{"not_picked":["Thunder Strike","Core Surge"],"picked":"All For One","floor":16},{"not_picked":["Doom and Gloom","Streamline"],"picked":"Steam","floor":18},{"not_picked":["Auto Shields","Redo"],"picked":"Turbo","floor":20},{"not_picked":["Chaos","BootSequence"],"picked":"Hologram","floor":22},{"not_picked":["Storm","Rebound"],"picked":"Electrodynamics","floor":24}],"player_experience":1317283,"relics_obtained":[{"floor":7,"key":"Omamori"},{"floor":9,"key":"Oddly Smooth Stone"},{"floor":11,"key":"Centennial Puzzle"},{"floor":24,"key":"StoneCalendar"},{"floor":24,"key":"Gambling Chip"},{"floor":25,"key":"Red Mask"},{"floor":26,"key":"Mummified Hand"}],"event_choices":[{"cards_removed":["Strike_B"],"damage_healed":0,"gold_gain":0,"player_choice":"Card Removal","damage_taken":0,"max_hp_gain":0,"max_hp_loss":0,"event_name":"The Cleric","floor":3,"gold_loss":75},{"damage_healed":0,"gold_gain":0,"player_choice":"Ignored","damage_taken":0,"max_hp_gain":0,"max_hp_loss":0,"event_name":"Liars Game","floor":5,"gold_loss":0},{"damage_healed":0,"gold_gain":0,"player_choice":"Searched \u00270\u0027 times","damage_taken":0,"max_hp_gain":0,"max_hp_loss":0,"event_name":"Dead Adventurer","floor":13,"gold_loss":0},{"damage_healed":0,"gold_gain":0,"player_choice":"Rummage","damage_taken":0,"relics_obtained":["WarpedTongs"],"max_hp_gain":0,"max_hp_loss":0,"event_name":"Accursed Blacksmith","floor":19,"gold_loss":0,"cards_obtained":["Pain"]},{"damage_healed":0,"gold_gain":0,"player_choice":"Fought Bandits","damage_taken":0,"max_hp_gain":0,"max_hp_loss":0,"event_name":"Masked Bandits","floor":25,"gold_loss":0}],"is_beta":false,"boss_relics":[{"not_picked":["FrozenCore","Tiny House"],"picked":"Black Star"}],"items_purged_floors":[14,21],"is_endless":false,"potions_floor_spawned":[7,8,10,11,22,24],"killed_by":"Book of Stabbing","ascension_level":20}